2264 3348
1064 474 282 44 SALAMMBÔ.

575 499 42 25 20

574 573 1272 71 alliances; mais depuis six mois que Narr’Havas y

571 649 1273 70 logeait, il n’avait point encore aperçu Salammbô, et,

570 723 1277 72 assis sur les talons, la barbe baissée vers les hampes

572 798 1276 71 de ses javelots, il la considérait en écartant les na¬

571 873 1279 72 rines comme un léopard qui est accroupi dans les

570 963 227 45 bambous.

628 1024 1217 71 De l’autre côté des tables se tenait un Libyen de

569 1099 1278 67 taille colossale et à courts cheveux noirs frisés. Il

570 1175 1280 69 n’avait gardé que sa jaquette militaire, dont les

568 1249 1283 71 lames d’airain déchiraient la pourpre du lit. Un col¬

566 1325 1286 72 lier à lunes d’argent s’embarrassait dans les poils

568 1400 1285 72 de sa poitrine. Des éclaboussures de sang lui tache¬

568 1475 1280 72 taient la face; il s’appuyait sur le coude gauche, et,

568 1555 924 66 la bouche grande ouverte, il souriait.

632 1625 1221 70 Salammbô n’en était plus au rhythme sacré. Elle

572 1701 1282 74 employait simultanément tous les idiomes des Bar¬

574 1775 1281 71 bares, délicatesse de femme pour attendrir leur

573 1852 1281 70 colère. Aux Grecs elle parlait grec, puis elle se tour¬

577 1928 1280 70 nait vers les Ligures, vers les Campanéens, vers

576 2003 1279 74 les Nègres, et chacun en l’écoutant retrouvait dans

578 2080 1278 72 cette voix la douceur de sa patrie. Emportée par les

576 2155 1280 70 souvenirs de Carthage, elle chantait maintenant les

577 2232 1274 71 anciennes batailles contre Rome; ils applaudissaient.

577 2308 1282 69 Elle s’enflammait à la lueur des épées nues; elle criait

576 2382 1279 71 les bras ouverts. Sa lyre tomba, elle se tut; — et,

577 2458 1283 75 pressant son cœur à deux mains, elle resta quelques

576 2534 1278 72 minutes les paupières closes à savourer l’agitation

576 2621 503 49 de tous ces hommes.

635 2684 1220 72 Mâtho, le Libyen, se penchait vers elle. Invo¬
