1424 2299
556 133 121 28 - 3 —

45 199 1152 40 16 Beauvoir (Roger de), célèbre écrivain romanique. — Sorcel¬

97 239 1100 42 lerie, pièce ae vers aut. sig.; l or janvier 1836, 1 p. in-4. 12 »

135 286 980 31 Très jolie lettre écrite sur papier bristol avec entourage gaufré.

49 316 1152 44 17 Béchard (Jean, baron de), célèbre général et ingénieur autri¬

99 356 1100 42 chien du xvm e siècle, qui prit une part active à la guerre de

99 392 1106 37 sept ans, tué au siège de Belgrade en 1788. — L. a. s. au mi¬

99 425 1100 46 nistre de la guerre, à Vienne ; Arad, 14 mai 1766, 3 p. in-f. 11 »

135 469 1068 31 Belle lettre sur les fortifications élevés autour d’Arad, pour la défense

100 502 258 24 contre les Turcs.

47 526 1156 46 18 Belle-Isle ( Ch.-Louis-Aug. Fouquet, duc de), maréchal de

99 570 1106 43 France, célèbre par sa retraite de Prague, ministre de la

102 612 1105 39 guerre, membre de l’Académie française, né en 1684, mort

99 641 1106 54 en 1761. — Let. 'aut. au marquis...; camp de Nice, 11 sep¬

101 683 1104 35 tembre 1744, 1 p.in-4. 17 »

138 723 1069 33 Il lui adresse une lettre du duc de Richelieu qui le tiendra au cou¬

104 755 1104 32 rant des événements de Paris. Il s’agit de poursuivre les négociations

103 786 1106 32 en Allemagne avant que les Anglais n’aient conclu de nouvelles al¬

105 818 595 25 liances et accentué leurs mouvements.

51 844 1154 52 19 Berlioz (Hector), le célèbre compositeur.— L. a. s. au baron

103 885 1102 46 Taylor; 27 avril 1849, 1 p. in-8. Jolie lettre. 6 »

49 925 1160 53 20 Berryer (A.-P.), illustre orateur parlementaire, de l’Acadé¬

105 967 1102 56 mie française. — L. a. s. à Monseigneur...; 15 juin, 1 p.

107 1005 1101 33 in-8. 6 »

141 1038 1068 44 Belle lettre sur les élections dans le Morbihan; il recommande chau¬

105 1077 835 26 dement la canditature de M. Fernand de la Ferronais.

52 1116 1158 39 21 Bertall (Charles-Albert d’Anioux, dit), dessinateur original,

109 1152 1101 38 l’interprète des œuvres de Balzac.— 3 Epreuves de ses croquis

108 1188 1101 38 pour le Journal pour rire , avec les légendes autographes. 10 »

54 1233 1155 38 22 Bèzé (Théodore de),le grand réformateur calviniste.—Let.sig.

109 1268 1102 44 avec la souscription aut., en latin, à Armand Polain, docteur

107 1297 1100 44 de l’Eglise de Baie; 1/2 p. in-4, cachet. Légère déchirure. 75 »

143 1344 1067 33 Il le félicite sur son mariage et lui annonce qu’il donne à Grynæus,

174 1371 1035 40 pour les lui communiquer , des nouvelles de France. Il fait l’éloge de

107 1408 464 32 Borgkius et parle de Baludius.

54 1446 1155 40 23 Bignon (l’abbé J.-Paul), bibliophile célèbre, bibliothécaire

107 1477 1102 40 du roi, membre de l’Académie française. — L. a. s. au prési¬

107 1513 1102 48 dent de Lamoignon; (1704), 2 p. in-8. Belle et intéressante

108 1556 1102 29 lettre. 5 »

54 1594 1156 39 24 Blanc (Ch.), célèbre critique d’art, membre de.l’Académie

107 1622 1102 44 française. — L. a. s. à M. Delaunay, directeur de Y Artiste;

107 1662 1102 39 Troyes, 7 avril 1841, 1 p. in-4. 5 »

143 1697 1066 46 Relative à M. Schnitz, « artiste fort distingué, paysagiste de première

108 1741 107 25 force ».

53 1764 1156 52 25 Boissy d’Anglas (Fr.-Ant. de), conventionnel, célèbre par

107 1808 1102 40 sa fermeté inébranlable dans la journée du 1 er prairial. —

107 1841 1102 42 L. a. s.; Paris, 21 janvier 1822, 3 p. in-8. Un peu fatiguée. 30 »

143 1889 1069 34 Intéressante et spirituelle épitre adressée à un ami intime à qui il

108 1920 1104 31 donne des détails sur sa famille. Il mène une existence très calme, ne

107 1946 1104 34 s’occupe pas de politique; il remplit ses devoirs exactement, ne cherche

111 1977 1100 36 point à avoir du crédit, n’étant point courtisan, mais il reste fidèle à

112 2014 1100 35 ses principes. « Ceux qui m’appelaient royaliste sous la Convention,

110 2046 1103 34 disent souvent que je suis républicain sous la monarchie, je me borne

109 2076 1105 37 à lever les épaules et à rester ce que j’ai toujours été, ami des loix, de

110 2109 977 33 l’ordre et du gouvernement, de la justice et de l’humanité_ »
