<?xml version="1.0" encoding="UTF-8"?>
<alto xmlns:xsi="http://www.w3.org/2001/XMLSchema-instance"
      xmlns="http://www.loc.gov/standards/alto/ns-v4#"
      xsi:schemaLocation="http://www.loc.gov/standards/alto/ns-v4# https://gitlab.inria.fr/scripta/escriptorium/-/raw/develop/app/escriptorium/static/alto-4-1-baselines.xsd">
  <Description>
    <MeasurementUnit>pixel</MeasurementUnit>
    <sourceImageInformation>
      <fileName>1912_XX_Kra_12_gt_bpt6k6527450d_0009.jpg</fileName>
    </sourceImageInformation>
  </Description>
  
  <Tags>
    <OtherTag ID="BT230" LABEL="Figure" DESCRIPTION="block type Figure"/><OtherTag ID="BT231" LABEL="Main" DESCRIPTION="block type Main"/><OtherTag ID="BT232" LABEL="Numbering" DESCRIPTION="block type Numbering"/><OtherTag ID="BT233" LABEL="Running Title" DESCRIPTION="block type Running Title"/><OtherTag ID="BT234" LABEL="Stamp" DESCRIPTION="block type Stamp"/><OtherTag ID="BT235" LABEL="Title" DESCRIPTION="block type Title"/>
    <OtherTag ID="LT96" LABEL="Default" DESCRIPTION="line type Default"/>
  </Tags>
  
  <Layout>
    <Page WIDTH="2101"
          HEIGHT="3439"
          PHYSICAL_IMG_NR="92"
          ID="eSc_dummypage_">
      <PrintSpace HPOS="0"
                  VPOS="0"
                  WIDTH="2101"
                  HEIGHT="3439">
        
        <TextBlock HPOS="1852"
                   VPOS="126"
                   WIDTH="26"
                   HEIGHT="42"
                   ID="r_1_1"
                   TAGREFS="BT232">
          <Shape><Polygon POINTS="1852 126 1878 126 1878 168 1852 168"/></Shape>
          
          
          <TextLine ID="tl_1"
                    TAGREFS="LT96"
                    BASELINE="1853 167 1877 167" 
                    HPOS="1853"
                    VPOS="127"
                    WIDTH="24"
                    HEIGHT="40">
            <Shape><Polygon POINTS="1853 127 1877 127 1877 167 1853 167"/></Shape>
	    <String CONTENT="7"
                    HPOS="1853"
                    VPOS="127"
                    WIDTH="24"
                    HEIGHT="40"></String>
          </TextLine>

          
        </TextBlock>
        
        <TextBlock HPOS="88"
                   VPOS="116"
                   WIDTH="607"
                   HEIGHT="53"
                   ID="r_2_1"
                   TAGREFS="BT233">
          <Shape><Polygon POINTS="88 116 695 116 695 169 88 169"/></Shape>
          
          
          <TextLine ID="tl_2"
                    TAGREFS="LT96"
                    BASELINE="89 161 128 168 259 160 524 167 694 161" 
                    HPOS="89"
                    VPOS="117"
                    WIDTH="605"
                    HEIGHT="51">
            <Shape><Polygon POINTS="89 117 694 117 694 168 89 168"/></Shape>
	    <String CONTENT="6, RUE RLANCHE, PARIS"
                    HPOS="89"
                    VPOS="117"
                    WIDTH="605"
                    HEIGHT="51"></String>
          </TextLine>

          
        </TextBlock>
        
        <TextBlock HPOS="491"
                   VPOS="3125"
                   WIDTH="956"
                   HEIGHT="45"
                   ID="r_4_1"
                   TAGREFS="BT233">
          <Shape><Polygon POINTS="491 3125 1447 3125 1447 3170 491 3170"/></Shape>
          
          
          <TextLine ID="tl_121"
                    TAGREFS="LT96"
                    BASELINE="492 3167 640 3167 738 3167 935 3168 1030 3167 1446 3163" 
                    HPOS="492"
                    VPOS="3126"
                    WIDTH="954"
                    HEIGHT="43">
            <Shape><Polygon POINTS="492 3126 1446 3126 1446 3169 492 3169"/></Shape>
	    <String CONTENT="ACHAT DE LIVRES ET D’AUTOGRAPHES"
                    HPOS="492"
                    VPOS="3126"
                    WIDTH="954"
                    HEIGHT="43"></String>
          </TextLine>

          
        </TextBlock>
        
        <TextBlock HPOS="62"
                   VPOS="220"
                   WIDTH="880"
                   HEIGHT="2886"
                   ID="eSc_textblock_90d350a2"
                   TAGREFS="BT231">
          <Shape><Polygon POINTS="62 220 62 3106 942 3106 942 220"/></Shape>
          
          
          <TextLine ID="tl_3"
                    TAGREFS="LT96"
                    BASELINE="89 249 109 249 235 248 619 256 776 250 944 251" 
                    HPOS="88"
                    VPOS="220"
                    WIDTH="855"
                    HEIGHT="43">
            <Shape><Polygon POINTS="88 246 91 226 309 234 335 220 349 234 384 223 455 237 475 220 613 220 621 232 636 220 914 220 943 249 756 263 91 252"/></Shape>
	    <String CONTENT="4259 BRIEUX (Eugène), auteur drama¬"
                    HPOS="88"
                    VPOS="220"
                    WIDTH="855"
                    HEIGHT="43"></String>
          </TextLine>

          
          
          <TextLine ID="tl_4"
                    TAGREFS="LT96"
                    BASELINE="136 297 250 298 396 298 460 298 519 298 571 298 824 305 872 298 941 300" 
                    HPOS="134"
                    VPOS="252"
                    WIDTH="806"
                    HEIGHT="66">
            <Shape><Polygon POINTS="134 295 137 257 151 255 329 269 361 252 381 269 490 260 507 272 530 272 547 255 573 272 599 255 756 260 773 277 822 277 839 260 931 260 940 298 911 312 825 303 808 318 768 303 699 303 685 315 599 315 556 300 429 312 412 295 392 309 341 295 137 303"/></Shape>
	    <String CONTENT="tique. — L. a. s. à Madame..., 1 p."
                    HPOS="134"
                    VPOS="252"
                    WIDTH="806"
                    HEIGHT="66"></String>
          </TextLine>

          
          
          <TextLine ID="tl_5"
                    TAGREFS="LT96"
                    BASELINE="137 344 174 345 248 345 870 347 941 347" 
                    HPOS="137"
                    VPOS="314"
                    WIDTH="804"
                    HEIGHT="33">
            <Shape><Polygon POINTS="137 314 941 314 941 347 137 347"/></Shape>
	    <String CONTENT="in 12. 12 fr."
                    HPOS="137"
                    VPOS="314"
                    WIDTH="804"
                    HEIGHT="33"></String>
          </TextLine>

          
          
          <TextLine ID="tl_6"
                    TAGREFS="LT96"
                    BASELINE="222 403 248 403 427 404 513 404 657 404 769 404 826 405 946 412" 
                    HPOS="220"
                    VPOS="355"
                    WIDTH="725"
                    HEIGHT="66">
            <Shape><Polygon POINTS="220 401 223 355 335 369 355 358 412 369 581 358 656 372 753 372 771 361 828 372 851 361 871 372 920 366 945 409 894 421 650 421 639 409 335 418 223 406"/></Shape>
	    <String CONTENT="Il annonce son départ pour la cam¬"
                    HPOS="220"
                    VPOS="355"
                    WIDTH="725"
                    HEIGHT="66"></String>
          </TextLine>

          
          
          <TextLine ID="tl_7"
                    TAGREFS="LT96"
                    BASELINE="176 447 295 440" 
                    HPOS="176"
                    VPOS="419"
                    WIDTH="119"
                    HEIGHT="28">
            <Shape><Polygon POINTS="176 419 295 419 295 447 176 447"/></Shape>
	    <String CONTENT="pagne."
                    HPOS="176"
                    VPOS="419"
                    WIDTH="119"
                    HEIGHT="28"></String>
          </TextLine>

          
          
          <TextLine ID="tl_8"
                    TAGREFS="LT96"
                    BASELINE="88 527 106 527 237 525 944 535" 
                    HPOS="85"
                    VPOS="467"
                    WIDTH="858"
                    HEIGHT="66">
            <Shape><Polygon POINTS="85 524 91 481 157 484 209 467 243 484 392 469 455 490 524 490 535 478 576 490 644 472 702 492 756 478 814 492 894 475 911 492 934 492 943 533 88 530"/></Shape>
	    <String CONTENT="4260 BROGLIE (Achille-Charles-"
                    HPOS="85"
                    VPOS="467"
                    WIDTH="858"
                    HEIGHT="66"></String>
          </TextLine>

          
          
          <TextLine ID="tl_9"
                    TAGREFS="LT96"
                    BASELINE="135 575 275 574 432 580 605 581 724 574 832 575 941 581" 
                    HPOS="135"
                    VPOS="543"
                    WIDTH="806"
                    HEIGHT="41">
            <Shape><Polygon POINTS="135 543 941 543 941 584 135 584"/></Shape>
	    <String CONTENT="Léonce Victor, prince, puis duc de),"
                    HPOS="135"
                    VPOS="543"
                    WIDTH="806"
                    HEIGHT="41"></String>
          </TextLine>

          
          
          <TextLine ID="tl_10"
                    TAGREFS="LT96"
                    BASELINE="134 622 280 622 497 628 737 622 942 623" 
                    HPOS="131"
                    VPOS="576"
                    WIDTH="809"
                    HEIGHT="51">
            <Shape><Polygon POINTS="131 621 134 578 814 587 828 576 931 587 940 621 134 627"/></Shape>
	    <String CONTENT="homme politique, 1785-1870. — Pièce"
                    HPOS="131"
                    VPOS="576"
                    WIDTH="809"
                    HEIGHT="51"></String>
          </TextLine>

          
          
          <TextLine ID="tl_11"
                    TAGREFS="LT96"
                    BASELINE="134 671 165 670 213 670 348 677 472 676 563 670 617 670 674 670 726 670 870 671 940 671" 
                    HPOS="134"
                    VPOS="639"
                    WIDTH="806"
                    HEIGHT="40">
            <Shape><Polygon POINTS="134 639 940 639 940 679 134 679"/></Shape>
	    <String CONTENT="a. s. Paris, 1814, une p. in 4. 20 fr."
                    HPOS="134"
                    VPOS="639"
                    WIDTH="806"
                    HEIGHT="40"></String>
          </TextLine>

          
          
          <TextLine ID="tl_12"
                    TAGREFS="LT96"
                    BASELINE="217 725 227 725 285 728 428 728 511 728 572 728 748 733 944 729" 
                    HPOS="217"
                    VPOS="701"
                    WIDTH="727"
                    HEIGHT="34">
            <Shape><Polygon POINTS="217 701 944 701 944 735 217 735"/></Shape>
	    <String CONTENT="» Je certifie que M. Behourt, suppléant"
                    HPOS="217"
                    VPOS="701"
                    WIDTH="727"
                    HEIGHT="34"></String>
          </TextLine>

          
          
          <TextLine ID="tl_13"
                    TAGREFS="LT96"
                    BASELINE="171 764 200 764 300 764 364 764 465 764 645 764 713 764 847 764 943 757" 
                    HPOS="171"
                    VPOS="737"
                    WIDTH="772"
                    HEIGHT="34">
            <Shape><Polygon POINTS="171 737 943 737 943 771 171 771"/></Shape>
	    <String CONTENT="le juge de paix pendant les temps ora¬"
                    HPOS="171"
                    VPOS="737"
                    WIDTH="772"
                    HEIGHT="34"></String>
          </TextLine>

          
          
          <TextLine ID="tl_14"
                    TAGREFS="LT96"
                    BASELINE="171 807 257 800 323 800 379 800 593 800 637 801 942 801" 
                    HPOS="171"
                    VPOS="773"
                    WIDTH="771"
                    HEIGHT="34">
            <Shape><Polygon POINTS="171 773 942 773 942 807 171 807"/></Shape>
	    <String CONTENT="geux de la révolution a principalement"
                    HPOS="171"
                    VPOS="773"
                    WIDTH="771"
                    HEIGHT="34"></String>
          </TextLine>

          
          
          <TextLine ID="tl_15"
                    TAGREFS="LT96"
                    BASELINE="172 837 347 837 390 837 589 837 651 836 760 836 941 829" 
                    HPOS="172"
                    VPOS="809"
                    WIDTH="769"
                    HEIGHT="35">
            <Shape><Polygon POINTS="172 809 941 809 941 844 172 844"/></Shape>
	    <String CONTENT="contribué à conserver les jours sérieuse¬"
                    HPOS="172"
                    VPOS="809"
                    WIDTH="769"
                    HEIGHT="35"></String>
          </TextLine>

          
          
          <TextLine ID="tl_16"
                    TAGREFS="LT96"
                    BASELINE="171 873 265 873 443 872 510 873 604 873 777 873 814 870" 
                    HPOS="171"
                    VPOS="846"
                    WIDTH="643"
                    HEIGHT="34">
            <Shape><Polygon POINTS="171 846 814 846 814 880 171 880"/></Shape>
	    <String CONTENT="ment menacés de mes parents. »"
                    HPOS="171"
                    VPOS="846"
                    WIDTH="643"
                    HEIGHT="34"></String>
          </TextLine>

          
          
          <TextLine ID="tl_17"
                    TAGREFS="LT96"
                    BASELINE="82 974 101 974 231 972 834 981 940 981" 
                    HPOS="80"
                    VPOS="914"
                    WIDTH="857"
                    HEIGHT="66">
            <Shape><Polygon POINTS="80 971 85 934 117 934 134 917 174 939 229 917 272 928 300 919 312 931 349 919 369 934 407 914 441 914 504 931 553 917 599 934 621 919 656 939 728 939 753 925 773 939 791 922 825 951 931 951 937 980 83 980"/></Shape>
	    <String CONTENT="4261 BRONGNIART (Alexandre), célè¬"
                    HPOS="80"
                    VPOS="914"
                    WIDTH="857"
                    HEIGHT="66"></String>
          </TextLine>

          
          
          <TextLine ID="tl_18"
                    TAGREFS="LT96"
                    BASELINE="130 1022 193 1022 386 1021 448 1021 659 1028 869 1022 939 1023" 
                    HPOS="130"
                    VPOS="990"
                    WIDTH="809"
                    HEIGHT="41">
            <Shape><Polygon POINTS="130 990 939 990 939 1031 130 1031"/></Shape>
	    <String CONTENT="bre chimiste et géologue, directeur de"
                    HPOS="130"
                    VPOS="990"
                    WIDTH="809"
                    HEIGHT="41"></String>
          </TextLine>

          
          
          <TextLine ID="tl_19"
                    TAGREFS="LT96"
                    BASELINE="130 1069 163 1071 457 1069 536 1069 712 1070 938 1071" 
                    HPOS="128"
                    VPOS="1028"
                    WIDTH="809"
                    HEIGHT="52">
            <Shape><Polygon POINTS="128 1068 134 1028 323 1028 349 1040 427 1028 455 1043 484 1043 498 1028 547 1043 601 1028 699 1043 791 1043 848 1028 862 1040 920 1037 937 1068 925 1080 134 1077"/></Shape>
	    <String CONTENT="la manufacture de Sèvres. — Deux"
                    HPOS="128"
                    VPOS="1028"
                    WIDTH="809"
                    HEIGHT="52"></String>
          </TextLine>

          
          
          <TextLine ID="tl_20"
                    TAGREFS="LT96"
                    BASELINE="130 1117 254 1117 309 1118 360 1118 498 1124 712 1117 736 1125 833 1119 878 1119 936 1119" 
                    HPOS="130"
                    VPOS="1087"
                    WIDTH="806"
                    HEIGHT="40">
            <Shape><Polygon POINTS="130 1087 936 1087 936 1127 130 1127"/></Shape>
	    <String CONTENT="lettres a. s. Paris, 1839-1843 ; eus. 3 p."
                    HPOS="130"
                    VPOS="1087"
                    WIDTH="806"
                    HEIGHT="40"></String>
          </TextLine>

          
          
          <TextLine ID="tl_21"
                    TAGREFS="LT96"
                    BASELINE="128 1166 205 1166 264 1166 375 1166 864 1166 935 1167" 
                    HPOS="128"
                    VPOS="1134"
                    WIDTH="807"
                    HEIGHT="33">
            <Shape><Polygon POINTS="128 1134 935 1134 935 1167 128 1167"/></Shape>
	    <String CONTENT="in-8 et in-4. 25 fr."
                    HPOS="128"
                    VPOS="1134"
                    WIDTH="807"
                    HEIGHT="33"></String>
          </TextLine>

          
          
          <TextLine ID="tl_22"
                    TAGREFS="LT96"
                    BASELINE="210 1225 303 1224 355 1225 538 1224 670 1229 712 1224 844 1225 938 1218" 
                    HPOS="210"
                    VPOS="1197"
                    WIDTH="728"
                    HEIGHT="35">
            <Shape><Polygon POINTS="210 1197 938 1197 938 1232 210 1232"/></Shape>
	    <String CONTENT="Dans la première lettre, il donne ren¬"
                    HPOS="210"
                    VPOS="1197"
                    WIDTH="728"
                    HEIGHT="35"></String>
          </TextLine>

          
          
          <TextLine ID="tl_23"
                    TAGREFS="LT96"
                    BASELINE="166 1262 328 1260 370 1261 455 1261 553 1261 777 1261 886 1262 938 1262" 
                    HPOS="166"
                    VPOS="1233"
                    WIDTH="772"
                    HEIGHT="35">
            <Shape><Polygon POINTS="166 1233 938 1233 938 1268 166 1268"/></Shape>
	    <String CONTENT="dez-vous à son aide naturaliste pour le"
                    HPOS="166"
                    VPOS="1233"
                    WIDTH="772"
                    HEIGHT="35"></String>
          </TextLine>

          
          
          <TextLine ID="tl_24"
                    TAGREFS="LT96"
                    BASELINE="166 1298 290 1297 349 1298 555 1297 615 1297 664 1297 860 1298 937 1298" 
                    HPOS="166"
                    VPOS="1270"
                    WIDTH="771"
                    HEIGHT="34">
            <Shape><Polygon POINTS="166 1270 937 1270 937 1304 166 1304"/></Shape>
	    <String CONTENT="mettre en possession de la collection des"
                    HPOS="166"
                    VPOS="1270"
                    WIDTH="771"
                    HEIGHT="34"></String>
          </TextLine>

          
          
          <TextLine ID="tl_25"
                    TAGREFS="LT96"
                    BASELINE="166 1334 318 1333 394 1333 460 1334 625 1334 911 1334 936 1340" 
                    HPOS="166"
                    VPOS="1306"
                    WIDTH="770"
                    HEIGHT="35">
            <Shape><Polygon POINTS="166 1306 936 1306 936 1341 166 1341"/></Shape>
	    <String CONTENT="archives de la Société Philomatique ;"
                    HPOS="166"
                    VPOS="1306"
                    WIDTH="770"
                    HEIGHT="35"></String>
          </TextLine>

          
          
          <TextLine ID="tl_26"
                    TAGREFS="LT96"
                    BASELINE="165 1370 250 1369 395 1369 440 1369 605 1370 686 1370 872 1370 937 1371" 
                    HPOS="165"
                    VPOS="1342"
                    WIDTH="772"
                    HEIGHT="34">
            <Shape><Polygon POINTS="165 1342 937 1342 937 1376 165 1376"/></Shape>
	    <String CONTENT="dans l’autre il réclame des portraits de"
                    HPOS="165"
                    VPOS="1342"
                    WIDTH="772"
                    HEIGHT="34"></String>
          </TextLine>

          
          
          <TextLine ID="tl_27"
                    TAGREFS="LT96"
                    BASELINE="165 1406 197 1407 348 1406 486 1406 596 1406 667 1406 897 1407" 
                    HPOS="165"
                    VPOS="1379"
                    WIDTH="732"
                    HEIGHT="34">
            <Shape><Polygon POINTS="165 1379 897 1379 897 1413 165 1413"/></Shape>
	    <String CONTENT="la famille royale pour les reproduire."
                    HPOS="165"
                    VPOS="1379"
                    WIDTH="732"
                    HEIGHT="34"></String>
          </TextLine>

          
          
          <TextLine ID="tl_28"
                    TAGREFS="LT96"
                    BASELINE="79 1499 97 1499 229 1497 934 1506" 
                    HPOS="79"
                    VPOS="1466"
                    WIDTH="855"
                    HEIGHT="42">
            <Shape><Polygon POINTS="79 1466 934 1466 934 1508 79 1508"/></Shape>
	    <String CONTENT="4262 BUONAROTTI (Philippe-Michel),"
                    HPOS="79"
                    VPOS="1466"
                    WIDTH="855"
                    HEIGHT="42"></String>
          </TextLine>

          
          
          <TextLine ID="tl_29"
                    TAGREFS="LT96"
                    BASELINE="124 1546 447 1552 551 1546 632 1546 817 1553 933 1552" 
                    HPOS="123"
                    VPOS="1498"
                    WIDTH="808"
                    HEIGHT="63">
            <Shape><Polygon POINTS="123 1544 126 1510 235 1510 266 1498 309 1513 464 1504 513 1516 533 1504 556 1516 593 1504 636 1516 650 1504 756 1516 799 1507 811 1518 882 1507 922 1518 931 1550 822 1550 811 1561 679 1550 662 1559 650 1547 610 1559 578 1547 541 1559 126 1553"/></Shape>
	    <String CONTENT="révolutionnaire, ami de Babeuf, des¬"
                    HPOS="123"
                    VPOS="1498"
                    WIDTH="808"
                    HEIGHT="63"></String>
          </TextLine>

          
          
          <TextLine ID="tl_30"
                    TAGREFS="LT96"
                    BASELINE="125 1595 287 1594 367 1594 526 1593 678 1601 758 1594 810 1595 933 1602" 
                    HPOS="125"
                    VPOS="1563"
                    WIDTH="808"
                    HEIGHT="40">
            <Shape><Polygon POINTS="125 1563 933 1563 933 1603 125 1603"/></Shape>
	    <String CONTENT="cendant de Michel Ange, né à Pise,"
                    HPOS="125"
                    VPOS="1563"
                    WIDTH="808"
                    HEIGHT="40"></String>
          </TextLine>

          
          
          <TextLine ID="tl_31"
                    TAGREFS="LT96"
                    BASELINE="128 1642 339 1642 574 1642 736 1642 799 1643 859 1643 933 1643" 
                    HPOS="126"
                    VPOS="1599"
                    WIDTH="805"
                    HEIGHT="48">
            <Shape><Polygon POINTS="126 1639 128 1599 321 1599 341 1613 444 1613 458 1599 550 1599 587 1613 601 1599 656 1599 736 1613 773 1602 785 1613 877 1613 911 1602 931 1642 128 1647"/></Shape>
	    <String CONTENT="1761-1837. — Deux lettres a. s. au"
                    HPOS="126"
                    VPOS="1599"
                    WIDTH="805"
                    HEIGHT="48"></String>
          </TextLine>

          
          
          <TextLine ID="tl_32"
                    TAGREFS="LT96"
                    BASELINE="125 1690 263 1690 380 1690 498 1690 630 1698 750 1697 838 1690 877 1690 932 1691" 
                    HPOS="125"
                    VPOS="1658"
                    WIDTH="807"
                    HEIGHT="41">
            <Shape><Polygon POINTS="125 1658 932 1658 932 1699 125 1699"/></Shape>
	    <String CONTENT="député Félix Réal. Paris, 1834, ens. 2 p."
                    HPOS="125"
                    VPOS="1658"
                    WIDTH="807"
                    HEIGHT="41"></String>
          </TextLine>

          
          
          <TextLine ID="tl_33"
                    TAGREFS="LT96"
                    BASELINE="125 1738 161 1738 200 1738 259 1738 368 1738 863 1738 932 1739" 
                    HPOS="125"
                    VPOS="1707"
                    WIDTH="807"
                    HEIGHT="32">
            <Shape><Polygon POINTS="125 1707 932 1707 932 1739 125 1739"/></Shape>
	    <String CONTENT="in 8 et in-4. 40 fr."
                    HPOS="125"
                    VPOS="1707"
                    WIDTH="807"
                    HEIGHT="32"></String>
          </TextLine>

          
          
          <TextLine ID="tl_34"
                    TAGREFS="LT96"
                    BASELINE="209 1793 219 1793 371 1796 467 1796 765 1796 877 1797 935 1797" 
                    HPOS="209"
                    VPOS="1769"
                    WIDTH="726"
                    HEIGHT="34">
            <Shape><Polygon POINTS="209 1769 935 1769 935 1803 209 1803"/></Shape>
	    <String CONTENT="• Agréez mes remerciements pour la"
                    HPOS="209"
                    VPOS="1769"
                    WIDTH="726"
                    HEIGHT="34"></String>
          </TextLine>

          
          
          <TextLine ID="tl_35"
                    TAGREFS="LT96"
                    BASELINE="163 1833 342 1832 427 1832 532 1832 635 1832 697 1832 749 1833 874 1833 936 1833" 
                    HPOS="163"
                    VPOS="1805"
                    WIDTH="773"
                    HEIGHT="34">
            <Shape><Polygon POINTS="163 1805 936 1805 936 1839 163 1839"/></Shape>
	    <String CONTENT="démarche que vous avez eu la bonté de"
                    HPOS="163"
                    VPOS="1805"
                    WIDTH="773"
                    HEIGHT="34"></String>
          </TextLine>

          
          
          <TextLine ID="tl_36"
                    TAGREFS="LT96"
                    BASELINE="164 1868 246 1868 283 1869 406 1868 595 1868 645 1869 859 1869 936 1869" 
                    HPOS="164"
                    VPOS="1841"
                    WIDTH="772"
                    HEIGHT="28">
            <Shape><Polygon POINTS="164 1841 936 1841 936 1869 164 1869"/></Shape>
	    <String CONTENT="faire à l’effet d’obtenir la restitution des"
                    HPOS="164"
                    VPOS="1841"
                    WIDTH="772"
                    HEIGHT="28"></String>
          </TextLine>

          
          
          <TextLine ID="tl_37"
                    TAGREFS="LT96"
                    BASELINE="164 1912 296 1904 385 1904 470 1904 614 1905 780 1905 872 1905 936 1905" 
                    HPOS="164"
                    VPOS="1878"
                    WIDTH="772"
                    HEIGHT="34">
            <Shape><Polygon POINTS="164 1878 936 1878 936 1912 164 1912"/></Shape>
	    <String CONTENT="papiers qui me furent enlevés par la"
                    HPOS="164"
                    VPOS="1878"
                    WIDTH="772"
                    HEIGHT="34"></String>
          </TextLine>

          
          
          <TextLine ID="tl_38"
                    TAGREFS="LT96"
                    BASELINE="164 1948 280 1940 373 1940 537 1940 647 1940 735 1941 936 1941" 
                    HPOS="164"
                    VPOS="1914"
                    WIDTH="772"
                    HEIGHT="34">
            <Shape><Polygon POINTS="164 1914 936 1914 936 1948 164 1948"/></Shape>
	    <String CONTENT="police. Ces papiers sont ma propriété"
                    HPOS="164"
                    VPOS="1914"
                    WIDTH="772"
                    HEIGHT="34"></String>
          </TextLine>

          
          
          <TextLine ID="tl_39"
                    TAGREFS="LT96"
                    BASELINE="163 1977 196 1977 442 1976 526 1976 668 1977 752 1977 832 1977 936 1977" 
                    HPOS="163"
                    VPOS="1950"
                    WIDTH="773"
                    HEIGHT="34">
            <Shape><Polygon POINTS="163 1950 936 1950 936 1984 163 1984"/></Shape>
	    <String CONTENT="et contiennent des choses qui me sont"
                    HPOS="163"
                    VPOS="1950"
                    WIDTH="773"
                    HEIGHT="34"></String>
          </TextLine>

          
          
          <TextLine ID="tl_40"
                    TAGREFS="LT96"
                    BASELINE="163 2013 262 2012 314 2012 388 2012 578 2012 628 2013 713 2013 862 2013 936 2005" 
                    HPOS="163"
                    VPOS="1985"
                    WIDTH="773"
                    HEIGHT="34">
            <Shape><Polygon POINTS="163 1985 936 1985 936 2019 163 2019"/></Shape>
	    <String CONTENT="utiles et sur lesquelles je n’ai aucune ex¬"
                    HPOS="163"
                    VPOS="1985"
                    WIDTH="773"
                    HEIGHT="34"></String>
          </TextLine>

          
          
          <TextLine ID="tl_41"
                    TAGREFS="LT96"
                    BASELINE="163 2056 324 2049 361 2049 516 2049 547 2045" 
                    HPOS="163"
                    VPOS="2021"
                    WIDTH="384"
                    HEIGHT="35">
            <Shape><Polygon POINTS="163 2021 547 2021 547 2056 163 2056"/></Shape>
	    <String CONTENT="plication à donner. »"
                    HPOS="163"
                    VPOS="2021"
                    WIDTH="384"
                    HEIGHT="35"></String>
          </TextLine>

          
          
          <TextLine ID="tl_42"
                    TAGREFS="LT96"
                    BASELINE="76 2148 95 2148 224 2147 624 2153 851 2148 938 2148" 
                    HPOS="74"
                    VPOS="2092"
                    WIDTH="863"
                    HEIGHT="65">
            <Shape><Polygon POINTS="74 2146 80 2103 100 2092 120 2106 143 2094 163 2106 235 2097 257 2109 332 2094 349 2106 364 2094 386 2106 432 2094 481 2106 495 2094 541 2109 561 2094 621 2109 791 2094 816 2109 931 2109 937 2146 871 2157 77 2152"/></Shape>
	    <String CONTENT="4263 CAJELLA (Henri), chanteur. —"
                    HPOS="74"
                    VPOS="2092"
                    WIDTH="863"
                    HEIGHT="65"></String>
          </TextLine>

          
          
          <TextLine ID="tl_43"
                    TAGREFS="LT96"
                    BASELINE="124 2196 251 2195 303 2195 353 2195 396 2194 579 2194 644 2195 697 2195 933 2203" 
                    HPOS="124"
                    VPOS="2164"
                    WIDTH="809"
                    HEIGHT="39">
            <Shape><Polygon POINTS="124 2164 933 2164 933 2203 124 2203"/></Shape>
	    <String CONTENT="Lettre a. s. à Stephen de la Madeleine,"
                    HPOS="124"
                    VPOS="2164"
                    WIDTH="809"
                    HEIGHT="39"></String>
          </TextLine>

          
          
          <TextLine ID="tl_44"
                    TAGREFS="LT96"
                    BASELINE="124 2244 234 2250 280 2242 336 2242 451 2242 629 2242 683 2242 790 2243 863 2243 932 2244" 
                    HPOS="123"
                    VPOS="2198"
                    WIDTH="808"
                    HEIGHT="63">
            <Shape><Polygon POINTS="123 2243 126 2198 318 2198 343 2209 897 2200 922 2209 931 2243 894 2261 834 2249 707 2249 696 2261 644 2261 633 2249 567 2261 498 2249 461 2261 418 2249 349 2261 332 2246 126 2258"/></Shape>
	    <String CONTENT="Caen, s. d. (vers 1850), 2 p. in-8. 20 fr."
                    HPOS="123"
                    VPOS="2198"
                    WIDTH="808"
                    HEIGHT="63"></String>
          </TextLine>

          
          
          <TextLine ID="tl_45"
                    TAGREFS="LT96"
                    BASELINE="208 2300 219 2300 325 2302 465 2302 533 2302 654 2301 777 2301 824 2302 935 2303" 
                    HPOS="208"
                    VPOS="2274"
                    WIDTH="727"
                    HEIGHT="34">
            <Shape><Polygon POINTS="208 2274 935 2274 935 2308 208 2308"/></Shape>
	    <String CONTENT="« Mon succès ici lundi passé a était"
                    HPOS="208"
                    VPOS="2274"
                    WIDTH="727"
                    HEIGHT="34"></String>
          </TextLine>

          
          
          <TextLine ID="tl_46"
                    TAGREFS="LT96"
                    BASELINE="164 2346 353 2338 432 2338 542 2337 613 2337 674 2337 821 2338 934 2339" 
                    HPOS="164"
                    VPOS="2311"
                    WIDTH="770"
                    HEIGHT="35">
            <Shape><Polygon POINTS="164 2311 934 2311 934 2346 164 2346"/></Shape>
	    <String CONTENT="piramidal. La salle de la mairie était"
                    HPOS="164"
                    VPOS="2311"
                    WIDTH="770"
                    HEIGHT="35"></String>
          </TextLine>

          
          
          <TextLine ID="tl_47"
                    TAGREFS="LT96"
                    BASELINE="164 2382 273 2374 438 2379 525 2373 729 2373 773 2374 816 2374 880 2374 935 2375" 
                    HPOS="164"
                    VPOS="2346"
                    WIDTH="771"
                    HEIGHT="36">
            <Shape><Polygon POINTS="164 2346 935 2346 935 2382 164 2382"/></Shape>
	    <String CONTENT="pleine comble, 300 personnes à 5 fr. le"
                    HPOS="164"
                    VPOS="2346"
                    WIDTH="771"
                    HEIGHT="36"></String>
          </TextLine>

          
          
          <TextLine ID="tl_48"
                    TAGREFS="LT96"
                    BASELINE="163 2411 281 2410 413 2410 591 2409 757 2410 874 2410 934 2411" 
                    HPOS="163"
                    VPOS="2383"
                    WIDTH="771"
                    HEIGHT="34">
            <Shape><Polygon POINTS="163 2383 934 2383 934 2417 163 2417"/></Shape>
	    <String CONTENT="ticket. Nous partons samedi pour le"
                    HPOS="163"
                    VPOS="2383"
                    WIDTH="771"
                    HEIGHT="34"></String>
          </TextLine>

          
          
          <TextLine ID="tl_49"
                    TAGREFS="LT96"
                    BASELINE="164 2447 291 2451 379 2446 417 2442" 
                    HPOS="164"
                    VPOS="2420"
                    WIDTH="253"
                    HEIGHT="31">
            <Shape><Polygon POINTS="164 2420 417 2420 417 2451 164 2451"/></Shape>
	    <String CONTENT="Hàvre, etc. °"
                    HPOS="164"
                    VPOS="2420"
                    WIDTH="253"
                    HEIGHT="31"></String>
          </TextLine>

          
          
          <TextLine ID="tl_50"
                    TAGREFS="LT96"
                    BASELINE="76 2535 95 2535 226 2532 763 2537 934 2532" 
                    HPOS="76"
                    VPOS="2499"
                    WIDTH="858"
                    HEIGHT="41">
            <Shape><Polygon POINTS="76 2499 934 2499 934 2540 76 2540"/></Shape>
	    <String CONTENT="4264 CAMPENON (Vincent), poète"
                    HPOS="76"
                    VPOS="2499"
                    WIDTH="858"
                    HEIGHT="41"></String>
          </TextLine>

          
          
          <TextLine ID="tl_51"
                    TAGREFS="LT96"
                    BASELINE="124 2581 359 2579 623 2578 832 2578 884 2579 931 2580" 
                    HPOS="123"
                    VPOS="2536"
                    WIDTH="805"
                    HEIGHT="54">
            <Shape><Polygon POINTS="123 2579 126 2539 137 2536 905 2539 920 2544 928 2579 920 2590 888 2579 877 2590 831 2579 739 2590 687 2579 647 2590 547 2579 507 2590 493 2579 438 2590 372 2590 361 2579 332 2590 126 2590"/></Shape>
	    <String CONTENT="dramatique (1772-1843). — Lettre a. s."
                    HPOS="123"
                    VPOS="2536"
                    WIDTH="805"
                    HEIGHT="54"></String>
          </TextLine>

          
          
          <TextLine ID="tl_52"
                    TAGREFS="LT96"
                    BASELINE="124 2629 152 2630 195 2630 252 2628 323 2634 416 2626 470 2626 577 2626 861 2627 930 2628" 
                    HPOS="124"
                    VPOS="2595"
                    WIDTH="806"
                    HEIGHT="40">
            <Shape><Polygon POINTS="124 2595 930 2595 930 2635 124 2635"/></Shape>
	    <String CONTENT="s. 1. n. d., une p. in-4. 25 fr."
                    HPOS="124"
                    VPOS="2595"
                    WIDTH="806"
                    HEIGHT="40"></String>
          </TextLine>

          
          
          <TextLine ID="tl_53"
                    TAGREFS="LT96"
                    BASELINE="208 2682 224 2682 287 2685 398 2683 509 2688 706 2684 806 2684 935 2686" 
                    HPOS="208"
                    VPOS="2656"
                    WIDTH="727"
                    HEIGHT="34">
            <Shape><Polygon POINTS="208 2656 935 2656 935 2690 208 2690"/></Shape>
	    <String CONTENT="r Je vous dois, Monsieur plus d’une"
                    HPOS="208"
                    VPOS="2656"
                    WIDTH="727"
                    HEIGHT="34"></String>
          </TextLine>

          
          
          <TextLine ID="tl_54"
                    TAGREFS="LT96"
                    BASELINE="164 2722 253 2721 312 2721 600 2719 625 2724 726 2719 798 2719 934 2713" 
                    HPOS="164"
                    VPOS="2693"
                    WIDTH="770"
                    HEIGHT="34">
            <Shape><Polygon POINTS="164 2693 934 2693 934 2727 164 2727"/></Shape>
	    <String CONTENT="sorte de remerciements ; vous me procu¬"
                    HPOS="164"
                    VPOS="2693"
                    WIDTH="770"
                    HEIGHT="34"></String>
          </TextLine>

          
          
          <TextLine ID="tl_55"
                    TAGREFS="LT96"
                    BASELINE="163 2758 217 2758 278 2757 433 2755 490 2756 564 2756 613 2756 670 2756 804 2755 865 2756 933 2757" 
                    HPOS="163"
                    VPOS="2729"
                    WIDTH="770"
                    HEIGHT="34">
            <Shape><Polygon POINTS="163 2729 933 2729 933 2763 163 2763"/></Shape>
	    <String CONTENT="rez les moyens de lire et de garder un bel"
                    HPOS="163"
                    VPOS="2729"
                    WIDTH="770"
                    HEIGHT="34"></String>
          </TextLine>

          
          
          <TextLine ID="tl_56"
                    TAGREFS="LT96"
                    BASELINE="164 2794 198 2793 302 2793 486 2792 587 2791 646 2791 714 2791 934 2792" 
                    HPOS="164"
                    VPOS="2765"
                    WIDTH="770"
                    HEIGHT="34">
            <Shape><Polygon POINTS="164 2765 934 2765 934 2799 164 2799"/></Shape>
	    <String CONTENT="et bon ouvrage que je ne connassais"
                    HPOS="164"
                    VPOS="2765"
                    WIDTH="770"
                    HEIGHT="34"></String>
          </TextLine>

          
          
          <TextLine ID="tl_57"
                    TAGREFS="LT96"
                    BASELINE="164 2836 236 2833 290 2828 394 2828 660 2827 716 2827 872 2828 934 2829" 
                    HPOS="164"
                    VPOS="2801"
                    WIDTH="770"
                    HEIGHT="35">
            <Shape><Polygon POINTS="164 2801 934 2801 934 2836 164 2836"/></Shape>
	    <String CONTENT="pas, et vous accompagnez ce présent de"
                    HPOS="164"
                    VPOS="2801"
                    WIDTH="770"
                    HEIGHT="35"></String>
          </TextLine>

          
          
          <TextLine ID="tl_58"
                    TAGREFS="LT96"
                    BASELINE="164 2864 238 2864 364 2864 426 2864 543 2864 606 2863 659 2863 837 2864 933 2864" 
                    HPOS="164"
                    VPOS="2837"
                    WIDTH="769"
                    HEIGHT="35">
            <Shape><Polygon POINTS="164 2837 933 2837 933 2872 164 2872"/></Shape>
	    <String CONTENT="vers pleins de grâce où je retrouve tout"
                    HPOS="164"
                    VPOS="2837"
                    WIDTH="769"
                    HEIGHT="35"></String>
          </TextLine>

          
          
          <TextLine ID="tl_59"
                    TAGREFS="LT96"
                    BASELINE="163 2901 260 2901 390 2901 451 2900 575 2900 698 2899 892 2900 930 2898" 
                    HPOS="163"
                    VPOS="2872"
                    WIDTH="767"
                    HEIGHT="35">
            <Shape><Polygon POINTS="163 2872 930 2872 930 2907 163 2907"/></Shape>
	    <String CONTENT="votre esprit et toute votre politesse. »"
                    HPOS="163"
                    VPOS="2872"
                    WIDTH="767"
                    HEIGHT="35"></String>
          </TextLine>

          
          
          <TextLine ID="tl_60"
                    TAGREFS="LT96"
                    BASELINE="76 2981 96 2981 226 2980 600 2985 839 2979 932 2980" 
                    HPOS="76"
                    VPOS="2943"
                    WIDTH="856"
                    HEIGHT="45">
            <Shape><Polygon POINTS="76 2943 932 2943 932 2988 76 2988"/></Shape>
	    <String CONTENT="4265 CARRÉ (Albert), directeur de"
                    HPOS="76"
                    VPOS="2943"
                    WIDTH="856"
                    HEIGHT="45"></String>
          </TextLine>

          
          
          <TextLine ID="tl_61"
                    TAGREFS="LT96"
                    BASELINE="124 3028 271 3028 479 3027 694 3027 753 3027 797 3028 931 3034" 
                    HPOS="123"
                    VPOS="2980"
                    WIDTH="805"
                    HEIGHT="54">
            <Shape><Polygon POINTS="123 3026 126 2986 163 2980 180 2991 369 2991 398 2980 427 2994 713 2994 733 2983 796 2994 808 2983 897 2983 920 2994 928 3032 126 3034"/></Shape>
	    <String CONTENT="l&#39;Opéra Comique. — Lettre a. s. Paris,"
                    HPOS="123"
                    VPOS="2980"
                    WIDTH="805"
                    HEIGHT="54"></String>
          </TextLine>

          
          
          <TextLine ID="tl_62"
                    TAGREFS="LT96"
                    BASELINE="124 3077 144 3077 283 3076 410 3076 501 3075 640 3075 860 3075 920 3075" 
                    HPOS="124"
                    VPOS="3044"
                    WIDTH="796"
                    HEIGHT="41">
            <Shape><Polygon POINTS="124 3044 920 3044 920 3085 124 3085"/></Shape>
	    <String CONTENT="2 pages in-12 sur carte. 18 fr"
                    HPOS="124"
                    VPOS="3044"
                    WIDTH="796"
                    HEIGHT="41"></String>
          </TextLine>

          
        </TextBlock>
        
        <TextBlock HPOS="994"
                   VPOS="215"
                   WIDTH="912"
                   HEIGHT="2896"
                   ID="eSc_textblock_3dee03f0"
                   TAGREFS="BT231">
          <Shape><Polygon POINTS="994 215 994 3111 1906 3111 1906 215"/></Shape>
          
          
          <TextLine ID="tl_63"
                    TAGREFS="LT96"
                    BASELINE="1149 242 1159 242 1279 245 1427 246 1533 248 1615 247 1803 249 1877 248" 
                    HPOS="1149"
                    VPOS="219"
                    WIDTH="728"
                    HEIGHT="35">
            <Shape><Polygon POINTS="1149 219 1877 219 1877 254 1149 254"/></Shape>
	    <String CONTENT="« Vous voulez bien me proposer M."
                    HPOS="1149"
                    VPOS="219"
                    WIDTH="728"
                    HEIGHT="35"></String>
          </TextLine>

          
          
          <TextLine ID="tl_64"
                    TAGREFS="LT96"
                    BASELINE="1103 281 1242 282 1292 281 1353 282 1457 283 1529 283 1608 283 1774 284 1877 278" 
                    HPOS="1103"
                    VPOS="254"
                    WIDTH="774"
                    HEIGHT="37">
            <Shape><Polygon POINTS="1103 254 1877 254 1877 291 1103 291"/></Shape>
	    <String CONTENT="Mischa. Il ne nous est pas possible d’ac¬"
                    HPOS="1103"
                    VPOS="254"
                    WIDTH="774"
                    HEIGHT="37"></String>
          </TextLine>

          
          
          <TextLine ID="tl_65"
                    TAGREFS="LT96"
                    BASELINE="1104 317 1231 318 1361 318 1623 324 1750 320 1877 320" 
                    HPOS="1104"
                    VPOS="291"
                    WIDTH="773"
                    HEIGHT="34">
            <Shape><Polygon POINTS="1104 291 1877 291 1877 325 1104 325"/></Shape>
	    <String CONTENT="cueillir cette proposition, notre cadre"
                    HPOS="1104"
                    VPOS="291"
                    WIDTH="773"
                    HEIGHT="34"></String>
          </TextLine>

          
          
          <TextLine ID="tl_66"
                    TAGREFS="LT96"
                    BASELINE="1104 354 1145 354 1280 354 1352 355 1530 356 1565 352" 
                    HPOS="1104"
                    VPOS="327"
                    WIDTH="461"
                    HEIGHT="35">
            <Shape><Polygon POINTS="1104 327 1565 327 1565 362 1104 362"/></Shape>
	    <String CONTENT="de ténors est complet. »"
                    HPOS="1104"
                    VPOS="327"
                    WIDTH="461"
                    HEIGHT="35"></String>
          </TextLine>

          
          
          <TextLine ID="tl_67"
                    TAGREFS="LT96"
                    BASELINE="1016 425 1035 425 1154 426 1245 427 1738 435 1874 429" 
                    HPOS="1016"
                    VPOS="395"
                    WIDTH="858"
                    HEIGHT="42">
            <Shape><Polygon POINTS="1016 395 1874 395 1874 437 1016 437"/></Shape>
	    <String CONTENT="4265 bis CASSAGNAC (Granier, Louis"
                    HPOS="1016"
                    VPOS="395"
                    WIDTH="858"
                    HEIGHT="42"></String>
          </TextLine>

          
          
          <TextLine ID="tl_68"
                    TAGREFS="LT96"
                    BASELINE="1065 473 1101 473 1229 474 1339 482 1593 476 1669 477 1874 477" 
                    HPOS="1065"
                    VPOS="444"
                    WIDTH="809"
                    HEIGHT="40">
            <Shape><Polygon POINTS="1065 444 1874 444 1874 484 1065 484"/></Shape>
	    <String CONTENT="et Paul de), publicistes et hommes"
                    HPOS="1065"
                    VPOS="444"
                    WIDTH="809"
                    HEIGHT="40"></String>
          </TextLine>

          
          
          <TextLine ID="tl_69"
                    TAGREFS="LT96"
                    BASELINE="1064 530 1274 523 1493 524 1665 524 1748 525 1815 526 1873 526" 
                    HPOS="1063"
                    VPOS="478"
                    WIDTH="808"
                    HEIGHT="52">
            <Shape><Polygon POINTS="1063 527 1066 484 1100 478 1243 478 1266 501 1393 501 1415 481 1487 481 1504 495 1530 478 1553 490 1613 478 1668 498 1837 498 1863 484 1871 524 1066 530"/></Shape>
	    <String CONTENT="politiques. — Dix lettres a. s. à"
                    HPOS="1063"
                    VPOS="478"
                    WIDTH="808"
                    HEIGHT="52"></String>
          </TextLine>

          
          
          <TextLine ID="tl_70"
                    TAGREFS="LT96"
                    BASELINE="1064 569 1152 570 1333 580 1399 571 1622 572 1725 573 1800 573 1872 574" 
                    HPOS="1064"
                    VPOS="539"
                    WIDTH="808"
                    HEIGHT="42">
            <Shape><Polygon POINTS="1064 539 1872 539 1872 581 1064 581"/></Shape>
	    <String CONTENT="MM. Dutacq et Azambre. ens. 14 p."
                    HPOS="1064"
                    VPOS="539"
                    WIDTH="808"
                    HEIGHT="42"></String>
          </TextLine>

          
          
          <TextLine ID="tl_71"
                    TAGREFS="LT96"
                    BASELINE="1065 617 1222 618 1354 618 1419 619 1504 619 1662 620 1732 621 1798 621 1874 621" 
                    HPOS="1063"
                    VPOS="573"
                    WIDTH="823"
                    HEIGHT="46">
            <Shape><Polygon POINTS="1063 616 1066 573 1097 587 1117 573 1143 587 1200 573 1221 587 1258 576 1286 590 1335 578 1361 590 1387 578 1415 590 1499 578 1519 590 1573 576 1633 576 1656 590 1754 590 1768 578 1820 590 1886 576 1871 619 1066 619"/></Shape>
	    <String CONTENT="in-8, et in-16 et un article a. s. de"
                    HPOS="1063"
                    VPOS="573"
                    WIDTH="823"
                    HEIGHT="46"></String>
          </TextLine>

          
          
          <TextLine ID="tl_72"
                    TAGREFS="LT96"
                    BASELINE="1067 666 1219 666 1292 666 1530 674 1627 667 1702 668 1872 676" 
                    HPOS="1067"
                    VPOS="635"
                    WIDTH="805"
                    HEIGHT="42">
            <Shape><Polygon POINTS="1067 635 1872 635 1872 677 1067 677"/></Shape>
	    <String CONTENT="Granier de Cassagnac, sur M. Dupin,"
                    HPOS="1067"
                    VPOS="635"
                    WIDTH="805"
                    HEIGHT="42"></String>
          </TextLine>

          
          
          <TextLine ID="tl_73"
                    TAGREFS="LT96"
                    BASELINE="1067 713 1109 714 1164 714 1300 715 1800 717 1872 717" 
                    HPOS="1067"
                    VPOS="683"
                    WIDTH="805"
                    HEIGHT="39">
            <Shape><Polygon POINTS="1067 683 1872 683 1872 722 1067 722"/></Shape>
	    <String CONTENT="14 p. in-12. 25 fr."
                    HPOS="1067"
                    VPOS="683"
                    WIDTH="805"
                    HEIGHT="39"></String>
          </TextLine>

          
          
          <TextLine ID="tl_74"
                    TAGREFS="LT96"
                    BASELINE="1016 790 1035 790 1164 791 1592 798 1797 793 1873 794" 
                    HPOS="1016"
                    VPOS="760"
                    WIDTH="857"
                    HEIGHT="41">
            <Shape><Polygon POINTS="1016 760 1873 760 1873 801 1016 801"/></Shape>
	    <String CONTENT="4266 CAUCHON (Pierre), auditeur de"
                    HPOS="1016"
                    VPOS="760"
                    WIDTH="857"
                    HEIGHT="41"></String>
          </TextLine>

          
          
          <TextLine ID="tl_75"
                    TAGREFS="LT96"
                    BASELINE="1063 838 1096 839 1298 840 1388 840 1583 841 1656 841 1798 842 1868 841" 
                    HPOS="1060"
                    VPOS="796"
                    WIDTH="805"
                    HEIGHT="55">
            <Shape><Polygon POINTS="1060 836 1063 796 1089 808 1241 796 1301 811 1329 799 1384 811 1759 799 1785 811 1857 808 1865 839 1739 851 1702 839 1582 839 1556 851 1436 851 1404 839 1372 851 1307 839 1063 842"/></Shape>
	    <String CONTENT="la chambre des comptes de Paris. —"
                    HPOS="1060"
                    VPOS="796"
                    WIDTH="805"
                    HEIGHT="55"></String>
          </TextLine>

          
          
          <TextLine ID="tl_76"
                    TAGREFS="LT96"
                    BASELINE="1064 886 1167 887 1223 888 1368 895 1500 895 1601 889 1664 889 1770 889 1872 891" 
                    HPOS="1064"
                    VPOS="857"
                    WIDTH="808"
                    HEIGHT="41">
            <Shape><Polygon POINTS="1064 857 1872 857 1872 898 1064 898"/></Shape>
	    <String CONTENT="Pièce s. Paris, 1603, une p. in-8 obi."
                    HPOS="1064"
                    VPOS="857"
                    WIDTH="808"
                    HEIGHT="41"></String>
          </TextLine>

          
          
          <TextLine ID="tl_77"
                    TAGREFS="LT96"
                    BASELINE="1061 943 1287 936 1799 938 1871 938" 
                    HPOS="1061"
                    VPOS="904"
                    WIDTH="810"
                    HEIGHT="39">
            <Shape><Polygon POINTS="1061 904 1871 904 1871 943 1061 943"/></Shape>
	    <String CONTENT="parchemin. 20 fr."
                    HPOS="1061"
                    VPOS="904"
                    WIDTH="810"
                    HEIGHT="39"></String>
          </TextLine>

          
          
          <TextLine ID="tl_78"
                    TAGREFS="LT96"
                    BASELINE="1145 1001 1327 995 1477 995 1539 995 1638 995 1873 996" 
                    HPOS="1145"
                    VPOS="968"
                    WIDTH="728"
                    HEIGHT="33">
            <Shape><Polygon POINTS="1145 968 1873 968 1873 1001 1145 1001"/></Shape>
	    <String CONTENT="Quittance donnée au nom d’Elizabeth"
                    HPOS="1145"
                    VPOS="968"
                    WIDTH="728"
                    HEIGHT="33"></String>
          </TextLine>

          
          
          <TextLine ID="tl_79"
                    TAGREFS="LT96"
                    BASELINE="1100 1031 1220 1036 1315 1031 1383 1032 1583 1032 1737 1032" 
                    HPOS="1100"
                    VPOS="1004"
                    WIDTH="637"
                    HEIGHT="32">
            <Shape><Polygon POINTS="1100 1004 1737 1004 1737 1036 1100 1036"/></Shape>
	    <String CONTENT="Morin, fille de Mathurin Monin."
                    HPOS="1100"
                    VPOS="1004"
                    WIDTH="637"
                    HEIGHT="32"></String>
          </TextLine>

          
          
          <TextLine ID="tl_80"
                    TAGREFS="LT96"
                    BASELINE="1012 1110 1030 1110 1452 1111 1559 1111 1870 1118" 
                    HPOS="1012"
                    VPOS="1075"
                    WIDTH="858"
                    HEIGHT="43">
            <Shape><Polygon POINTS="1012 1075 1870 1075 1870 1118 1012 1118"/></Shape>
	    <String CONTENT="4267 CERTIFICAT DE RÉFORME,"
                    HPOS="1012"
                    VPOS="1075"
                    WIDTH="858"
                    HEIGHT="43"></String>
          </TextLine>

          
          
          <TextLine ID="tl_81"
                    TAGREFS="LT96"
                    BASELINE="1059 1158 1197 1159 1285 1159 1355 1159 1549 1166 1692 1160 1750 1160 1874 1159" 
                    HPOS="1057"
                    VPOS="1117"
                    WIDTH="814"
                    HEIGHT="52">
            <Shape><Polygon POINTS="1057 1157 1060 1117 1341 1117 1848 1117 1863 1123 1871 1157 1840 1169 1060 1166"/></Shape>
	    <String CONTENT="délivré par les colonels, major et capi¬"
                    HPOS="1057"
                    VPOS="1117"
                    WIDTH="814"
                    HEIGHT="52"></String>
          </TextLine>

          
          
          <TextLine ID="tl_82"
                    TAGREFS="LT96"
                    BASELINE="1058 1206 1176 1207 1262 1207 1478 1208 1749 1207 1880 1209" 
                    HPOS="1057"
                    VPOS="1163"
                    WIDTH="820"
                    HEIGHT="49">
            <Shape><Polygon POINTS="1057 1203 1063 1166 1097 1163 1871 1163 1877 1206 1060 1212"/></Shape>
	    <String CONTENT="taines du régiment d’infanterie alle¬"
                    HPOS="1057"
                    VPOS="1163"
                    WIDTH="820"
                    HEIGHT="49"></String>
          </TextLine>

          
          
          <TextLine ID="tl_83"
                    TAGREFS="LT96"
                    BASELINE="1058 1254 1192 1255 1267 1255 1349 1256 1518 1256 1734 1262 1870 1262" 
                    HPOS="1058"
                    VPOS="1224"
                    WIDTH="812"
                    HEIGHT="38">
            <Shape><Polygon POINTS="1058 1224 1870 1224 1870 1262 1058 1262"/></Shape>
	    <String CONTENT="mande de La Mardi. Cambrai, 1713,"
                    HPOS="1058"
                    VPOS="1224"
                    WIDTH="812"
                    HEIGHT="38"></String>
          </TextLine>

          
          
          <TextLine ID="tl_84"
                    TAGREFS="LT96"
                    BASELINE="1057 1302 1128 1303 1237 1302 1354 1304 1798 1304 1871 1306" 
                    HPOS="1057"
                    VPOS="1272"
                    WIDTH="814"
                    HEIGHT="40">
            <Shape><Polygon POINTS="1057 1272 1871 1272 1871 1312 1057 1312"/></Shape>
	    <String CONTENT="une page in-f°. 25 fr."
                    HPOS="1057"
                    VPOS="1272"
                    WIDTH="814"
                    HEIGHT="40"></String>
          </TextLine>

          
          
          <TextLine ID="tl_85"
                    TAGREFS="LT96"
                    BASELINE="1142 1365 1152 1365 1363 1368 1459 1368 1520 1368 1590 1370 1662 1368 1871 1373" 
                    HPOS="1142"
                    VPOS="1341"
                    WIDTH="729"
                    HEIGHT="34">
            <Shape><Polygon POINTS="1142 1341 1871 1341 1871 1375 1142 1375"/></Shape>
	    <String CONTENT="« Certifions que le Sr de Centreye,"
                    HPOS="1142"
                    VPOS="1341"
                    WIDTH="729"
                    HEIGHT="34"></String>
          </TextLine>

          
          
          <TextLine ID="tl_86"
                    TAGREFS="LT96"
                    BASELINE="1096 1403 1278 1409 1348 1404 1493 1404 1553 1404 1716 1404 1794 1404 1868 1411" 
                    HPOS="1096"
                    VPOS="1377"
                    WIDTH="772"
                    HEIGHT="34">
            <Shape><Polygon POINTS="1096 1377 1868 1377 1868 1411 1096 1411"/></Shape>
	    <String CONTENT="capitaine, est atteint de vertiges qui luy"
                    HPOS="1096"
                    VPOS="1377"
                    WIDTH="772"
                    HEIGHT="34"></String>
          </TextLine>

          
          
          <TextLine ID="tl_87"
                    TAGREFS="LT96"
                    BASELINE="1096 1446 1263 1440 1451 1440 1616 1440 1784 1440 1870 1440" 
                    HPOS="1096"
                    VPOS="1413"
                    WIDTH="774"
                    HEIGHT="33">
            <Shape><Polygon POINTS="1096 1413 1870 1413 1870 1446 1096 1446"/></Shape>
	    <String CONTENT="prennent souvant mêmes devant les"
                    HPOS="1096"
                    VPOS="1413"
                    WIDTH="774"
                    HEIGHT="33"></String>
          </TextLine>

          
          
          <TextLine ID="tl_88"
                    TAGREFS="LT96"
                    BASELINE="1097 1482 1210 1476 1268 1476 1523 1476 1592 1476 1631 1476 1727 1476 1871 1476" 
                    HPOS="1097"
                    VPOS="1449"
                    WIDTH="774"
                    HEIGHT="33">
            <Shape><Polygon POINTS="1097 1449 1871 1449 1871 1482 1097 1482"/></Shape>
	    <String CONTENT="postes de détachemens où il s’est trouvé"
                    HPOS="1097"
                    VPOS="1449"
                    WIDTH="774"
                    HEIGHT="33"></String>
          </TextLine>

          
          
          <TextLine ID="tl_89"
                    TAGREFS="LT96"
                    BASELINE="1096 1512 1299 1513 1403 1512 1457 1512 1608 1513 1678 1513 1780 1519 1806 1517 1869 1512" 
                    HPOS="1096"
                    VPOS="1485"
                    WIDTH="773"
                    HEIGHT="34">
            <Shape><Polygon POINTS="1096 1485 1869 1485 1869 1519 1096 1519"/></Shape>
	    <String CONTENT="commandé pour le service du Roy ; ce"
                    HPOS="1096"
                    VPOS="1485"
                    WIDTH="773"
                    HEIGHT="34"></String>
          </TextLine>

          
          
          <TextLine ID="tl_90"
                    TAGREFS="LT96"
                    BASELINE="1097 1555 1155 1548 1258 1548 1296 1548 1423 1548 1483 1548 1567 1549 1771 1548 1802 1544 1869 1549" 
                    HPOS="1097"
                    VPOS="1522"
                    WIDTH="772"
                    HEIGHT="34">
            <Shape><Polygon POINTS="1097 1522 1869 1522 1869 1556 1097 1556"/></Shape>
	    <String CONTENT="qui nous a obligé de l’en exempter. » La"
                    HPOS="1097"
                    VPOS="1522"
                    WIDTH="772"
                    HEIGHT="34"></String>
          </TextLine>

          
          
          <TextLine ID="tl_91"
                    TAGREFS="LT96"
                    BASELINE="1096 1591 1190 1584 1307 1585 1366 1585 1585 1585 1804 1585" 
                    HPOS="1096"
                    VPOS="1558"
                    WIDTH="708"
                    HEIGHT="34">
            <Shape><Polygon POINTS="1096 1558 1804 1558 1804 1592 1096 1592"/></Shape>
	    <String CONTENT="pièce porte 15 signatures d’ofïiciers."
                    HPOS="1096"
                    VPOS="1558"
                    WIDTH="708"
                    HEIGHT="34"></String>
          </TextLine>

          
          
          <TextLine ID="tl_92"
                    TAGREFS="LT96"
                    BASELINE="1009 1663 1028 1663 1157 1664 1680 1663 1866 1663" 
                    HPOS="1009"
                    VPOS="1632"
                    WIDTH="857"
                    HEIGHT="40">
            <Shape><Polygon POINTS="1009 1632 1866 1632 1866 1672 1009 1672"/></Shape>
	    <String CONTENT="4268 CHAMPFLEURY (Jules Husson"
                    HPOS="1009"
                    VPOS="1632"
                    WIDTH="857"
                    HEIGHT="40"></String>
          </TextLine>

          
          
          <TextLine ID="tl_93"
                    TAGREFS="LT96"
                    BASELINE="1057 1712 1140 1719 1362 1712 1471 1712 1548 1712 1601 1712 1650 1712 1684 1712 1866 1716" 
                    HPOS="1057"
                    VPOS="1681"
                    WIDTH="809"
                    HEIGHT="40">
            <Shape><Polygon POINTS="1057 1681 1866 1681 1866 1721 1057 1721"/></Shape>
	    <String CONTENT="dit), littérateur.— a) L. a. s. à Dutacq,"
                    HPOS="1057"
                    VPOS="1681"
                    WIDTH="809"
                    HEIGHT="40"></String>
          </TextLine>

          
          
          <TextLine ID="tl_94"
                    TAGREFS="LT96"
                    BASELINE="1059 1761 1074 1761 1138 1762 1254 1761" 
                    HPOS="1059"
                    VPOS="1730"
                    WIDTH="195"
                    HEIGHT="40">
            <Shape><Polygon POINTS="1059 1730 1254 1730 1254 1770 1059 1770"/></Shape>
	    <String CONTENT="1 p. in-8."
                    HPOS="1059"
                    VPOS="1730"
                    WIDTH="195"
                    HEIGHT="40"></String>
          </TextLine>

          
          
          <TextLine ID="tl_95"
                    TAGREFS="LT96"
                    BASELINE="1139 1820 1296 1820 1344 1820 1536 1818 1695 1819" 
                    HPOS="1139"
                    VPOS="1791"
                    WIDTH="556"
                    HEIGHT="35">
            <Shape><Polygon POINTS="1139 1791 1695 1791 1695 1826 1139 1826"/></Shape>
	    <String CONTENT="Relative à plusieurs lettres."
                    HPOS="1139"
                    VPOS="1791"
                    WIDTH="556"
                    HEIGHT="35"></String>
          </TextLine>

          
          
          <TextLine ID="tl_96"
                    TAGREFS="LT96"
                    BASELINE="1060 1882 1077 1882 1320 1882 1373 1882 1421 1881 1608 1890 1866 1880" 
                    HPOS="1060"
                    VPOS="1849"
                    WIDTH="806"
                    HEIGHT="42">
            <Shape><Polygon POINTS="1060 1849 1866 1849 1866 1891 1060 1891"/></Shape>
	    <String CONTENT="b) Quittance s. de Champfleury, 1854."
                    HPOS="1060"
                    VPOS="1849"
                    WIDTH="806"
                    HEIGHT="42"></String>
          </TextLine>

          
          
          <TextLine ID="tl_97"
                    TAGREFS="LT96"
                    BASELINE="1140 1940 1233 1940 1303 1940 1447 1940 1491 1936 1564 1939 1684 1939 1732 1944 1797 1939 1867 1940" 
                    HPOS="1140"
                    VPOS="1911"
                    WIDTH="727"
                    HEIGHT="35">
            <Shape><Polygon POINTS="1140 1911 1867 1911 1867 1946 1140 1946"/></Shape>
	    <String CONTENT="Reçu du journal « Le Pays », 54 fr."
                    HPOS="1140"
                    VPOS="1911"
                    WIDTH="727"
                    HEIGHT="35"></String>
          </TextLine>

          
          
          <TextLine ID="tl_98"
                    TAGREFS="LT96"
                    BASELINE="1095 1984 1181 1977 1376 1976 1440 1976 1613 1976" 
                    HPOS="1095"
                    VPOS="1948"
                    WIDTH="518"
                    HEIGHT="36">
            <Shape><Polygon POINTS="1095 1948 1613 1948 1613 1984 1095 1984"/></Shape>
	    <String CONTENT="pour rédaction de Janvier."
                    HPOS="1095"
                    VPOS="1948"
                    WIDTH="518"
                    HEIGHT="36"></String>
          </TextLine>

          
          
          <TextLine ID="tl_99"
                    TAGREFS="LT96"
                    BASELINE="1369 2037 1437 2037 1556 2036 1694 2036 1723 2037 1794 2036 1865 2037" 
                    HPOS="1369"
                    VPOS="2005"
                    WIDTH="496"
                    HEIGHT="40">
            <Shape><Polygon POINTS="1369 2005 1865 2005 1865 2045 1369 2045"/></Shape>
	    <String CONTENT="Les deux pièces : 25 fr."
                    HPOS="1369"
                    VPOS="2005"
                    WIDTH="496"
                    HEIGHT="40"></String>
          </TextLine>

          
          
          <TextLine ID="tl_100"
                    TAGREFS="LT96"
                    BASELINE="1009 2123 1026 2123 1157 2122 1736 2125 1863 2119" 
                    HPOS="1008"
                    VPOS="2063"
                    WIDTH="852"
                    HEIGHT="69">
            <Shape><Polygon POINTS="1008 2120 1011 2077 1140 2077 1175 2063 1192 2077 1301 2077 1364 2063 1421 2077 1524 2077 1550 2063 1693 2063 1722 2077 1774 2077 1788 2063 1822 2063 1851 2077 1860 2117 1831 2132 1011 2132"/></Shape>
	    <String CONTENT="4269 CHANGARNIER (Nicolas), géné¬"
                    HPOS="1008"
                    VPOS="2063"
                    WIDTH="852"
                    HEIGHT="69"></String>
          </TextLine>

          
          
          <TextLine ID="tl_101"
                    TAGREFS="LT96"
                    BASELINE="1056 2170 1108 2170 1168 2170 1345 2168 1563 2168 1701 2167 1761 2167 1817 2167 1865 2168" 
                    HPOS="1054"
                    VPOS="2123"
                    WIDTH="809"
                    HEIGHT="55">
            <Shape><Polygon POINTS="1054 2169 1057 2129 1080 2137 1092 2126 1126 2137 1157 2126 1212 2137 1321 2126 1344 2140 1364 2126 1384 2137 1479 2126 1547 2140 1636 2140 1668 2126 1685 2140 1736 2123 1751 2137 1828 2137 1848 2123 1863 2166 1688 2178 1057 2175"/></Shape>
	    <String CONTENT="ral et homme politique. —- L. a. s. à"
                    HPOS="1054"
                    VPOS="2123"
                    WIDTH="809"
                    HEIGHT="55"></String>
          </TextLine>

          
          
          <TextLine ID="tl_102"
                    TAGREFS="LT96"
                    BASELINE="1056 2219 1105 2218 1343 2223 1467 2222 1504 2215 1562 2215 1674 2215 1793 2214 1863 2215" 
                    HPOS="1056"
                    VPOS="2184"
                    WIDTH="807"
                    HEIGHT="40">
            <Shape><Polygon POINTS="1056 2184 1863 2184 1863 2224 1056 2224"/></Shape>
	    <String CONTENT="un Intendant, 1851, 1 p. in-4. 30 fr."
                    HPOS="1056"
                    VPOS="2184"
                    WIDTH="807"
                    HEIGHT="40"></String>
          </TextLine>

          
          
          <TextLine ID="tl_103"
                    TAGREFS="LT96"
                    BASELINE="1141 2288 1167 2288 1356 2287 1481 2286 1549 2285 1689 2285 1776 2285 1867 2277" 
                    HPOS="1141"
                    VPOS="2257"
                    WIDTH="726"
                    HEIGHT="36">
            <Shape><Polygon POINTS="1141 2257 1867 2257 1867 2293 1141 2293"/></Shape>
	    <String CONTENT="Il demande qu’on lui envoie une ces¬"
                    HPOS="1141"
                    VPOS="2257"
                    WIDTH="726"
                    HEIGHT="36"></String>
          </TextLine>

          
          
          <TextLine ID="tl_104"
                    TAGREFS="LT96"
                    BASELINE="1094 2325 1166 2324 1254 2323 1470 2321 1585 2321 1672 2321 1865 2321" 
                    HPOS="1094"
                    VPOS="2294"
                    WIDTH="771"
                    HEIGHT="36">
            <Shape><Polygon POINTS="1094 2294 1865 2294 1865 2330 1094 2330"/></Shape>
	    <String CONTENT="sion de paiement afin de pouvoir"
                    HPOS="1094"
                    VPOS="2294"
                    WIDTH="771"
                    HEIGHT="36"></String>
          </TextLine>

          
          
          <TextLine ID="tl_105"
                    TAGREFS="LT96"
                    BASELINE="1094 2361 1235 2359 1474 2358 1631 2357 1728 2357 1867 2349" 
                    HPOS="1094"
                    VPOS="2330"
                    WIDTH="773"
                    HEIGHT="34">
            <Shape><Polygon POINTS="1094 2330 1867 2330 1867 2364 1094 2364"/></Shape>
	    <String CONTENT="toucher l’indemnité allouée aux repré¬"
                    HPOS="1094"
                    VPOS="2330"
                    WIDTH="773"
                    HEIGHT="34"></String>
          </TextLine>

          
          
          <TextLine ID="tl_106"
                    TAGREFS="LT96"
                    BASELINE="1096 2397 1262 2396" 
                    HPOS="1096"
                    VPOS="2370"
                    WIDTH="166"
                    HEIGHT="27">
            <Shape><Polygon POINTS="1096 2370 1262 2370 1262 2397 1096 2397"/></Shape>
	    <String CONTENT="sentants."
                    HPOS="1096"
                    VPOS="2370"
                    WIDTH="166"
                    HEIGHT="27"></String>
          </TextLine>

          
          
          <TextLine ID="tl_107"
                    TAGREFS="LT96"
                    BASELINE="1010 2471 1027 2471 1156 2470 1600 2473 1865 2466" 
                    HPOS="1010"
                    VPOS="2435"
                    WIDTH="855"
                    HEIGHT="41">
            <Shape><Polygon POINTS="1010 2435 1865 2435 1865 2476 1010 2476"/></Shape>
	    <String CONTENT="4270 CHERUBINI (Luigi), compositeur"
                    HPOS="1010"
                    VPOS="2435"
                    WIDTH="855"
                    HEIGHT="41"></String>
          </TextLine>

          
          
          <TextLine ID="tl_108"
                    TAGREFS="LT96"
                    BASELINE="1055 2518 1192 2517 1413 2516 1465 2515 1514 2515 1604 2514 1799 2522 1863 2514" 
                    HPOS="1054"
                    VPOS="2470"
                    WIDTH="806"
                    HEIGHT="54">
            <Shape><Polygon POINTS="1054 2516 1057 2476 1092 2484 1120 2470 1160 2487 1264 2487 1278 2476 1309 2487 1358 2473 1410 2487 1433 2473 1450 2487 1524 2487 1550 2473 1794 2473 1851 2478 1860 2513 1843 2524 1057 2521"/></Shape>
	    <String CONTENT="italien. — Lettre a. s. (en français) au"
                    HPOS="1054"
                    VPOS="2470"
                    WIDTH="806"
                    HEIGHT="54"></String>
          </TextLine>

          
          
          <TextLine ID="tl_109"
                    TAGREFS="LT96"
                    BASELINE="1054 2575 1213 2565 1525 2563 1668 2562 1717 2562 1772 2561 1864 2562" 
                    HPOS="1054"
                    VPOS="2531"
                    WIDTH="810"
                    HEIGHT="44">
            <Shape><Polygon POINTS="1054 2531 1864 2531 1864 2575 1054 2575"/></Shape>
	    <String CONTENT="pianiste Zimmermann. Paris, s. d. une"
                    HPOS="1054"
                    VPOS="2531"
                    WIDTH="810"
                    HEIGHT="44"></String>
          </TextLine>

          
          
          <TextLine ID="tl_110"
                    TAGREFS="LT96"
                    BASELINE="1054 2623 1089 2614 1203 2613 1311 2612 1791 2610 1862 2610" 
                    HPOS="1054"
                    VPOS="2578"
                    WIDTH="808"
                    HEIGHT="45">
            <Shape><Polygon POINTS="1054 2578 1862 2578 1862 2623 1054 2623"/></Shape>
	    <String CONTENT="p. petit in-8. 25 fr."
                    HPOS="1054"
                    VPOS="2578"
                    WIDTH="808"
                    HEIGHT="45"></String>
          </TextLine>

          
          
          <TextLine ID="tl_111"
                    TAGREFS="LT96"
                    BASELINE="1139 2674 1149 2674 1207 2677 1290 2676 1427 2674 1505 2674 1618 2674 1800 2673 1865 2680" 
                    HPOS="1139"
                    VPOS="2646"
                    WIDTH="726"
                    HEIGHT="35">
            <Shape><Polygon POINTS="1139 2646 1865 2646 1865 2681 1139 2681"/></Shape>
	    <String CONTENT="« Je suis chargé par votre commère (?)"
                    HPOS="1139"
                    VPOS="2646"
                    WIDTH="726"
                    HEIGHT="35"></String>
          </TextLine>

          
          
          <TextLine ID="tl_112"
                    TAGREFS="LT96"
                    BASELINE="1093 2714 1134 2714 1243 2712 1411 2711 1454 2710 1598 2710 1706 2709 1865 2709" 
                    HPOS="1093"
                    VPOS="2682"
                    WIDTH="772"
                    HEIGHT="36">
            <Shape><Polygon POINTS="1093 2682 1865 2682 1865 2718 1093 2718"/></Shape>
	    <String CONTENT="de vous engager à dînner pour demain"
                    HPOS="1093"
                    VPOS="2682"
                    WIDTH="772"
                    HEIGHT="36"></String>
          </TextLine>

          
          
          <TextLine ID="tl_113"
                    TAGREFS="LT96"
                    BASELINE="1093 2750 1232 2753 1290 2748 1384 2747 1450 2746 1558 2745 1711 2745 1781 2745 1863 2743" 
                    HPOS="1092"
                    VPOS="2711"
                    WIDTH="768"
                    HEIGHT="40">
            <Shape><Polygon POINTS="1092 2748 1094 2716 1275 2711 1837 2711 1860 2742 1094 2751"/></Shape>
	    <String CONTENT="samedi, et afin de vous donner un sti¬"
                    HPOS="1092"
                    VPOS="2711"
                    WIDTH="768"
                    HEIGHT="40"></String>
          </TextLine>

          
          
          <TextLine ID="tl_114"
                    TAGREFS="LT96"
                    BASELINE="1093 2786 1225 2785 1285 2784 1378 2783 1481 2782 1654 2781 1762 2781 1866 2785" 
                    HPOS="1092"
                    VPOS="2745"
                    WIDTH="773"
                    HEIGHT="43">
            <Shape><Polygon POINTS="1092 2785 1094 2754 1143 2751 1831 2745 1857 2745 1865 2782 1094 2788"/></Shape>
	    <String CONTENT="mulant de plus pour accepter cette invi¬"
                    HPOS="1092"
                    VPOS="2745"
                    WIDTH="773"
                    HEIGHT="43"></String>
          </TextLine>

          
          
          <TextLine ID="tl_115"
                    TAGREFS="LT96"
                    BASELINE="1092 2822 1215 2824 1270 2820 1376 2819 1553 2817 1641 2817 1692 2817 1865 2817" 
                    HPOS="1092"
                    VPOS="2790"
                    WIDTH="773"
                    HEIGHT="36">
            <Shape><Polygon POINTS="1092 2790 1865 2790 1865 2826 1092 2826"/></Shape>
	    <String CONTENT="tation, je vous préviens que le Docteur"
                    HPOS="1092"
                    VPOS="2790"
                    WIDTH="773"
                    HEIGHT="36"></String>
          </TextLine>

          
          
          <TextLine ID="tl_116"
                    TAGREFS="LT96"
                    BASELINE="1092 2858 1266 2856 1338 2856 1401 2854 1454 2854 1595 2854 1630 2850" 
                    HPOS="1092"
                    VPOS="2826"
                    WIDTH="538"
                    HEIGHT="38">
            <Shape><Polygon POINTS="1092 2826 1630 2826 1630 2864 1092 2864"/></Shape>
	    <String CONTENT="Nagendie est de la partie. »"
                    HPOS="1092"
                    VPOS="2826"
                    WIDTH="538"
                    HEIGHT="38"></String>
          </TextLine>

          
          
          <TextLine ID="tl_117"
                    TAGREFS="LT96"
                    BASELINE="1007 2932 1026 2932 1154 2931 1569 2927 1636 2927 1698 2927 1756 2926 1862 2926" 
                    HPOS="1006"
                    VPOS="2877"
                    WIDTH="854"
                    HEIGHT="63">
            <Shape><Polygon POINTS="1006 2931 1011 2888 1080 2883 1103 2894 1149 2880 1206 2891 1289 2880 1321 2900 1350 2900 1401 2897 1436 2877 1484 2888 1530 2880 1562 2897 1599 2885 1613 2897 1702 2897 1734 2880 1788 2894 1811 2877 1851 2880 1860 2923 1834 2934 1785 2926 1665 2937 1404 2928 1335 2940 1011 2940"/></Shape>
	    <String CONTENT="4271 CHIMIE. — Lettre a. s. de De"
                    HPOS="1006"
                    VPOS="2877"
                    WIDTH="854"
                    HEIGHT="63"></String>
          </TextLine>

          
          
          <TextLine ID="tl_118"
                    TAGREFS="LT96"
                    BASELINE="1057 2980 1082 2980 1274 2978 1494 2982 1684 2974 1751 2973 1862 2965" 
                    HPOS="1057"
                    VPOS="2942"
                    WIDTH="805"
                    HEIGHT="40">
            <Shape><Polygon POINTS="1057 2942 1862 2942 1862 2982 1057 2982"/></Shape>
	    <String CONTENT="Servières à Delessert, ministre de l’In¬"
                    HPOS="1057"
                    VPOS="2942"
                    WIDTH="805"
                    HEIGHT="40"></String>
          </TextLine>

          
          
          <TextLine ID="tl_119"
                    TAGREFS="LT96"
                    BASELINE="1053 3027 1200 3033 1354 3031 1488 3029 1589 3022 1719 3021 1860 3022" 
                    HPOS="1053"
                    VPOS="2990"
                    WIDTH="807"
                    HEIGHT="43">
            <Shape><Polygon POINTS="1053 2990 1860 2990 1860 3033 1053 3033"/></Shape>
	    <String CONTENT="térieur, Paris, 1791, une page in-f°."
                    HPOS="1053"
                    VPOS="2990"
                    WIDTH="807"
                    HEIGHT="43"></String>
          </TextLine>

          
          
          <TextLine ID="tl_120"
                    TAGREFS="LT96"
                    BASELINE="1743 3070 1788 3070 1858 3070" 
                    HPOS="1743"
                    VPOS="3038"
                    WIDTH="115"
                    HEIGHT="32">
            <Shape><Polygon POINTS="1743 3038 1858 3038 1858 3070 1743 3070"/></Shape>
	    <String CONTENT="25 fr."
                    HPOS="1743"
                    VPOS="3038"
                    WIDTH="115"
                    HEIGHT="32"></String>
          </TextLine>

          
        </TextBlock>
        

        
      </PrintSpace>
    </Page>
  </Layout>
</alto>
