972 1566
314 1062 347 35 DESACHY (Henri-Emile),

272 1093 424 38 Né à Paris, élève de MM. Cabanel et P. Colin.

291 1127 387 37 Avenue de Neuilly, 163, à Neuily-sur-Seine.

211 1154 158 41 112. Paysage.

337 241 307 47 DEFAUX (Alexandre),

400 281 177 33 Né à Bercy (Seine).

359 309 264 33 Mention honorable à Paris.

406 337 163 34 Médaille à Rouen.

385 368 206 33 Rue Duperré, 4, Paris,

214 391 306 42 105. Environs de Barbizon.

216 428 452 42 106. Forêt de Sénart (coucher de soleil).

215 461 525 49 107. Le Moulin de Jarcy (étude d’après nature).

347 574 278 43 DELAMBRE (Léon),

309 608 354 39 Né à Paris, élève de M. L. Bonlangé.

286 640 397 37 Rue du Rond-Point, 13, aux Lilas (Seine)

213 665 385 41 108. Vue prise en Franche-Comté.

213 711 423 38 109. Les harengs, (poissons et gibier).

316 818 341 39 DELECHAUX (Marcelin),

311 853 346 34 Né à Bordeaux, élève de M. Plassan.

215 880 550 42 Rue du Chemin de fer, 69, à la Garenne de Colombe (Seine).

211 912 184 36 110. L’amateur.

213 946 276 44 111. Une première pipe.

446 173 101 33 — 32—
