947 1566
373 818 310 43 BELLANGÉ (Eugène),

314 856 426 37 Né à Rouen, élève de feu son père et de Picot.

273 885 504 40 Médailles à Rouen, Nantes, Le Havre, Boulogne et Porto.

406 916 236 33 Rue de Douai, 57, Paris.

258 943 546 42 19. Vue du Port de Trouville-sur-Mer (Calvados).

261 977 390 42 20. Un Écarté à la Cantine (Italie)

258 1011 519 40 21. Episode de la Bataille de l’Alma (Crimée)

245 1046 563 31 Arrivant au secours des Zouaves, le 39e de Ligne s’élance à l’at-

262 1070 547 39 taque des hauteurs voisines du télégraphe que protége encore

262 1090 150 28 l’artillerie russe.

342 1114 361 45 (Tableau composé par feu Hip. Bellangé).

361 197 353 50 BALFOURIER (Adolphe),

283 238 509 41 Né à Montmorency (Seine-et-Oise), élève de M. Rémond.

319 271 458 37 Médailles d’or, 2e et 3e classe, Paris, hors concours.

436 301 209 33 Rue Frochot, 8, Paris.

272 322 496 48 15. Le Coudon et le Cours du Gapeau (Var).

279 634 513 47 BECQ DE FOUQUIERES (Mme Louise),

373 669 309 36 Née à Paris, élève d’Isidore Pils.

282 692 496 44 Médaille de bronze, Rouen 1862, d'argent, Rouen 1864.

359 729 338 33 Rue d’Anjou-Saint-Honoré, 19, Paris.

268 752 203 36 18. Le Benedicite.

399 408 275 35 BALLIN (Auguste),

317 435 433 40 Né à Boulogne-sur-Mer, élève de M. Jules Noël.

369 468 321 33 Médaille de bronze, Le Havre 1868.

372 496 317 33 Rue Sainte-Adresse, 19, au Havre.

271 522 407 40 16. Bateau de Pêche, Lever de Lune.

272 555 380 41 17 Vue de l’Avant-Port du Havre.

492 144 104 25 — 34 —
