928 1566
340 931 274 43 BARRIAS (Félix),

292 971 380 35 Né à Paris, élève de Léon Cogniet.

229 1003 496 32 Prix de Rome, 1844; 3e médaille, salon 1847;

267 1027 429 28 1re médaille, 1852; 2e médaille, Expositio,n

386 1050 182 26 universelle, 1855.

189 1074 579 36 Chevalier de la Légion d’honneur, 1859; hors concours.

324 1105 299 32 Rue de Bruxelles, 34, Paris.

208 1133 335 38 23. Les fleurs de la patrie.

204 1170 285 39 24. La Fée aux perles.

336 591 291 32 BARILLOT (Léon),

245 619 474 37 Né à Montigny-lès-Metz (Lorraine) élève de

317 649 328 28 MM. Cathelinaux et Bonnat.

274 676 415 31 Rue de la Tour d’Auvergne, 16, Paris.

211 702 566 41 21. La porte à bateaux de Villiers-sur¬

284 742 95 31 Morin.

208 772 569 46 22. Le gué de Las-Landies, le jour du mar¬

285 815 188 31 ché d’Aurillac.

334 244 293 37 BARIL (Alphonse),

410 283 148 29 Né à Amiens

199 306 585 36 3 Médailles argent et bronze; rappel et diplôme d’hon-

223 335 520 33 neur, à différentes Expositions des Amis-des-Arts

410 358 150 27 de la Somme.

291 383 378 31 Rue de la Bibliothèque, 6, Amiens.

211 413 448 37 19. Intérieur de ferme en Picardie.

216 448 411 39 20. Vue prise à Dreuil (Somme).

437 185 105 27 — 20 —
