959 1566
216 190 30 29 42

466 194 120 22 PEINTURE.

287 233 547 39 DILIGRON (Alfred), né à Rouen, élève de Morin¬

305 266 529 30 et de Daubigny et de M. Guillemet. — Rue du

308 287 285 29 Champ-du-Pardon, Rouen.

226 314 226 31 240. Vue de Rouen.

287 344 543 37 DILLON (Henri-Patrice), né à Son Francisco) (Cali¬

305 378 533 25 fornie ) de parents français, élève de M Carolus

308 396 521 34 Duran; M. H., Paris, 1890. — Boulevard Roche¬

309 420 200 29 chouart, 84, Paris.

223 445 180 31 241. La lampe.

221 475 212 32 242. La politique.

602 490 209 36 Voir à la Gravure.

290 527 544 38 DONNADIEU (Mme Jeanne), née à Paris, élève de

309 560 515 24 Feyen-Perrin et de MM. Bin, Krug et Lévy; M. H.,

309 580 523 29 Paris, 1886; méd. de verm., Amiens. — Rue

312 601 257 25 Victor-Massé, 17, Paris.

224 624 569 34 243. La cuisson du pain à La Barbinière (Bretagne).

287 660 555 35 DORNOIS (Albert), né à Sévigné (Orne), élève de

307 689 531 28 Lalanne, de Pelouse et de M. J. Léfebvre; M. H.,

309 711 524 32 Paris, 1889 E. U. — Boulevard Malesherbes, 192,

312 734 65 24 Paris

223 760 573 29 244. Vallon de Sainte-Honorine près Port-en-Bessin.

436 789 373 29 Voir aux Dessins et à la Gravure.

290 829 540 37 DROUIN (Mme Claire-Alice), née à Rouen; M. H.,

309 862 451 25 Rouen, 1889. — Rue des Arsins, 2, Rouen.

222 888 240 29 245. Chrysanthèmes.

223 918 272 32 246. Le journal (étude).

288 943 544 42 DUBOURG (Louis-Alexandre), né à Honfleur, élève

307 982 527 29 de L. Cogniet; A x. — Rue Saint-Léonard, 45,

309 1003 109 24 Honfleur.

225 1027 290 32 247. Pêcheuses de crabes.

227 1059 292 30 248. Une table de cuisine.

288 1090 546 34 DUBOURG (Charles), né à Louviers, élève de

309 1120 521 27 M. A Duboc; méd. 3 cl., et méd. de verm.,

309 1143 510 27 Evreux, 1886 et 1890. — Ancien couvent Sainte

311 1164 225 27 Barbe, par Louviers.

220 1188 378 34 249. Un bras de l’Eure à Becdal.

442 1218 369 38 Voir aux Dessins et à la Gravure.
