975 1566
151 276 540 28 COEVLAS (Henry), né à Joinville-le-Pont (Seine).

170 296 523 23 « élève de Pils et de MM. G. Boulanger. J. Letenvre

172 317 518 27 et Gel Ferrier ; méd. d’or. Rochefort et Versailles

173 336 512 30 (méd. d’arg. et de br. Amiens, Chaumont, etc. —

171 360 235 26 Rue du Jour, 5, Paris.

99 386 262 32 428. Retirès des affaires.

100 422 216 32 429. Contémplation.

151 464 548 27 CONSTANTIN (Mme Adèle), née à Mulhouse, élève de

178 490 516 25 M. Tony Robert-Fleury; mentions. — Rue Saint¬

177 511 233 27 Jacques, 36, Marseille.

100 541 135 29 130. Fleurs.

102 575 169 27 131. Mendiante.

152 617 539 28 COOL (Mme Delphine de), née à Limoges, élève de

178 639 512 26 M. Fortin; M. H., Paris, méd. d’or. Madrid (Es¬

181 661 515 25 pagne), méd. d’arg, et de verm. Rouen; méd.,

174 682 503 30 E. U., Paris; A. 3. — Rue de Rennes, 97, Paris.

100 714 147 26 132. Avarice.

100 747 195 28 133. La lanterne.

455 762 217 31 (Voir aux Dessins.)

151 807 543 29 COOL (Gabriel de), né à Limoges, élève de Mme de

173 833 521 29 Cool et de M. Cabanel. —Rue de Rennes, 97, Paris.

97 862 290 33 134. Portrait de Mlle X***.

100 897 273 32 135. Miss Smolen (étude).

456 916 221 32 (Voir aux Dessins.)

152 957 547 33 CORBINEAU (Auguste-Charles), né à Saumur (Maine¬

173 986 518 24 et-Loire), élève de MM. Hébért (de l’Institut) et

173 1006 520 24 J. Lefebvre; dipl. d’hon. Rennes; méd. 1re cl.

173 1025 522 28 Rochefort, Amiens, Saint-Germain, etc. — Rue

176 1048 239 25 Sainte-Anne, 51, Paris.

100 1076 233 28 136 Intérieur breton.

101 1110 299 30 137. Le supplice de Tantale.

461 1124 211 35 (Voir aux Desins)

154 1166 542 34 CORMETTES (Mme Gelle de), née à Abbeville, élève de

179 1196 433 28 M. Ris Pagnot. — A Harcelaines (Somme).

100 1226 270 35 138. Une vache à l’étable.

343 227 111 26 PEINTURE

666 219 23 34 27
