928 1566
297 1115 315 47 BENTABOLE (LOUIS),

343 1154 234 37 A Paris, rue Pigalle, 22.

178 1182 225 43 42, Vue de Calais.

334 634 259 40 BENNETTER (J.),

173 669 593 37 Peintre de marine à Paris, rue du Faubourg-Saint-Honoré, 217,

275 700 370 27 élève de MM. L. Meyer et T. Gudin.

188 727 220 35 38. Effet de Lune.

190 763 565 27 Une escadre venant en grande large; le premier plan repré¬

177 786 582 25 sente un navire marchant (brick), louvoyant et virant de bord,

177 808 472 27 pour éviter les autres, et apprêtant le signal de nuit.

186 834 202 31 39. Matin d’Eté.

191 862 556 37 Mer du Nord; au premier plan, un (Hardengerjack ), cer

170 891 577 32 tain navire de cabotage, sur la côte de la Norvège, est abordé

177 916 157 25 par des pêcheurs.

187 939 482 39 40. Calme: Estre Bagholmen ( Norwège).

348 977 378 31 Appartenant à M. J. Deliquaire, à Rouen.

185 1004 558 41 41. Pécheurs de Homards dans Bjoornefjord, près

261 1035 264 36 de Bergem (Norwége).

251 195 428 43 BÉNARD (AUGUSTE-SÉBASTIEN),

202 233 533 39 A Paris, rue de Dunkerque, 85; élève de MM. Granger

414 262 104 25 et Lafond.

190 288 233 36 34. Le Tombereau.

196 323 295 37 35. Le Retour de la ville.

274 398 378 44 BÉNARD (HUBERT-EUGÈNE),

177 437 583 49 A Boulogne-sur-Mer, route de Calais, 3; élève de M. Claurdius

411 468 106 25 Jacquand.

188 490 495 38 36. La Brise en rade de Boulogne-sur-Mer.

186 525 571 40 37. Barque de Pécheurs du Portel, levant l’ancre

275 564 317 31 par un gros temps (marine).

407 142 118 36 —24 —
