1002 1566
237 936 546 42 BONNEFOY (Adrien-Adolphe), né à Paris, élève de

257 965 512 33 M. J.-P. Laurens; M. H. et méd. arg., Versailles,

258 986 510 33 1885 et 1889; méd. br., Lyon, 1893, et 1895; H.C.,

253 1007 522 38 Chicago, 1893. — Rue de Bretonvilliers, 3, Paris.

184 1037 197 40 65. Jeanne d’Arc.

266 1076 511 40 Une autre fois, elle entendit encore la voix, vit la clarté,

232 1104 546 35 mais, dans cette clarté, de nobles figures, dont l’une avait des

232 1127 547 34 ailes et semblait un sage prud’homme; il lui dit: « Jeanne,

236 1151 546 35 sois bonne, va au secours du roi de France et tu lui rendras

235 1174 141 31 son royaume ».

448 1203 276 35 (MICHELET : Histoire de France.)

561 1238 190 40 Voir aux Dessins.

239 730 549 35 BOMDARD (Maurice), élève de G Boulanger et de

259 754 518 32 M. J. Lefebvre ; 3° méd., Paris, 1880, 2e méd.,

258 775 519 36 Paris, E. U. 1889; 2°e, méd., Paris, 1890; H. C. —

260 796 309 33 Rue A. de Neuville, 39, Paris.

182 827 426 39 63. Un marchand de bibelots à Venise.

184 856 614 44 64. La, place, de l’oasis de Sidi-Ocla, près Biskra

265 884 91 31 (Algérie).

236 262 550 42 BIVA (Paul), né à Paris ; méd, Paris, 1893. — Rue

257 286 239 35 d’Hauteville, 12, Paris.

185 315 122 32 58. Roses.

185 345 155 36 59. Pivoines.

561 379 194 33 Voir aux Dessins

237 434 550 36 BOISLECOMTE (Edmond de), né à Arras, élève de

259 458 527 32 MM. J.-P. Laurens et Rivey; méd. verm., arg.,

259 478 528 33 Caen, Amiens, Rouen.— A Mondétour, près Blain¬

261 499 524 38 ville (Seine-Inférieure), et rue Poncelet, 26, Paris.

181 525 150 40 60. Cabrera.

185 559 157 36 61. Espagnol.

237 634 471 35 BOMBLED (Charles). — Rue Pérou, 27, Paris.

188 662 302 40 62. Hussards de Louis XIV.

418 198 117 42 PEINTURE.

755 224 35 18 27
