948 1566
291 212 282 55 BOUQUET (MICHEL),

161 268 537 41 A Paris, rue Pigalle, 77, et à Rouen, rue de l'Hôpital, 2-.

204 305 463 31 3e et 2e Médailles d’or, à Paris;—Médaille d’or, à Rouen.

161 332 519 39 65. Bords du Scorf, près de Lorient (pastel).

161 367 319 41 66. Paysage après la pluie.

270 467 339 34 BOURGEOIS (ISIDORE),

308 502 255 39 A Paris, rue du Regard, 3.

289 541 291 30 Deux Médailles de bronze, à Rouen.

160 567 451 42 67. Les feuilles d’automne (aquarelle).

161 606 556 36 68. Vue prise à la vallée d’Oudenare, près Bou

242 636 309 36 logne-sur-Mer (aquarelle).

170 672 343 31 69. Partie de Forêt, au Tyrol.

165 703 404 38 70. Village de Jouy, près Chartres.

166 742 223 33 71. Effet de Neige.

169 776 375 34 72. Effet de Soleil dans une forêt

318 1092 219 43 BREST (FABIUS),

176 1136 517 39 A Paris, rue de l’Empereur, 46 (faubourg Montmartre).

167 1172 518 39 74 La Fontaine de Taksim, à Constantinople.

171 1209 519 40 75. La Fontaine de Galata, à Constantinople

305 881 266 48 BOYER (AUGUSTE),

166 926 545 40 A Paris, rue de Douai, 69; élève de MM. Henri Delaborde

344 958 191 33 et Amaury-Duval.

167 985 287 40 73. Le repos en Egypte.

383 169 117 37 —27—
