928 1566
289 911 393 41 AUGUIN (Louis-Augustin),

198 942 579 32 Né à Rochefort, élève de Jules Cogniet et de Corot.

195 967 592 30 Grande médaille, d’honneur. La Rochelle 1866; Grande

198 985 578 36 Médaille, Exposition universelle Vienne (Autriche), 1873;

288 1010 408 24 1ere Médaille d’or, Angoulême, 1876;

217 1028 535 29 Mention honorable, salon de Paris, 1877; Médailles

198 1047 574 34 à Niort, Toulouse, Montpellier, Lyon, Moulins, etc.

310 1072 343 32 Rue de la Course, 67, Bordeaux.

210 1097 368 37 10. Les ombrages de juillet.

208 1130 388 41 11. La Charente, près Cognac.

214 1167 372 45 12. Les derniers beaux jours.

412 767 151 42 ANNALY,

224 797 530 36 Né à Bordeaux, élève de MM. Auguin et Baudit.

254 825 463 30 Rue de l’Eglise Saint-Seurin, 14, Bordeaux.

228 853 316 36 9. Après la pluie (Tarn).

366 243 279 38 ADELSWARD (d’)

227 276 541 34 Chez Mme Cadart, boulevard Haussmann, 56, Paris.

236 315 213 24 6. Effet de lune.

332 361 317 37 ALLONGÉ (Auguste),

281 391 418 29 Né à Paris, élève de M. Léon Cogniet.

244 413 507 31 Médaille d’or à l’Exposition des Arts appliqués

413 435 153 25 à l’industrie;

204 448 583 37 Médaille d’or à Saint-Germain-en-Laye, et d’argent à

312 477 356 28 diverses Expositions de province

248 497 482 31 Chez M. Dangleterre, rue de Seine, 42, Paris.

229 523 159 38 7. Paysage.

553 553 211 34 (Voir aux dessins.)

331 604 319 41 ANGRAND (Charles),

201 639 584 33 Né à Criquetot-sur-Ouville, élève de l’Académie de

275 662 423 28 Peinture de Rouen, et de M. Zacharie.

341 684 293 32 Au Lycée Corneille, Rouen.

227 709 293 37 8 Fleurs des champs.

450 191 102 24 —18 —
