1002 1566
215 199 37 41 24

461 203 128 29 PEINTURE.

290 247 547 44 BARRE (Mlle Henriette), née à Pommeréval. — Bou¬

309 281 328 31 levard Beauvoisine, 91, Rouen.

233 313 138 34 26. Marine.

288 349 549 38 BARRIAS (Félix-Joseph), né à Paris, élève de Léon

308 378 532 35 Cogniet, prix de Rome, 184, méd, 32, cl., 18475

317 399 512 29 1re cl. 1851, 2° cl. 1855., E. L. :. X, 1859, méd.

313 421 480 34 or. 1889, E. U. — Rue de Bruxelles, 34, Paris.

231 450 333 38 27. Repos pendant la séance.

290 491 547 45 BARTHALOT (Marius), né à Marseille, élève de

313 522 527 32 Cabanel et de MM. Bonnat et Saintpierre. — Rue

316 547 254 30 Alfred-Stevens, 3, Paris.

235 571 456 41 28. Route d’Orange à Sorgues (Vaucluse).

291 614 550 39 BASCHET (Marcel), né à Gagny (Seine-et-Oise) élève

313 642 528 36 de Boulanger et de M. Lefebvre; prix de Rome,

317 664 525 35 1883; 2e méd., Paris, 1889; méd., Anvers, 1894;

313 685 533 39 méd. d’hon., Lyon, 1894. — Rue de l’Abbaye, 12,

318 714 64 25 Paris.

235 733 392 43 29. Portrait de Mme Leroux-Ribeyre.

292 779 553 37 BATON (Zacharie-Constant-Théodore), né à Arras,

318 810 519 29 élève, de G. Boulanger, et de MM. J. Lefebvre

317 829 420 34 et G. Colin. — Rue de Navarin, 12, Paris.

242 862 289 35 30. Le repos du jardinier.

244 896 265 32 31. Etude : femme nue.

293 930 550 37 BAUDOUIN (Paul-Albert), né à Rouen, élève de

322 959 510 31 Gleyre, de Elie Delaunay et de M. Puvis de Cha

320 978 521 33 vannes; méd. 3e cl., Paris, 1882; 2e cl., 1886;

320 1001 520 34 méd. or. 1889 E. U. ; H. C., 2g. — Rue de Rennes,

318 1030 144 30 n° 121, Paris.

246 1057 162 33 32. Sur l’eau.

247 1082 417 40 33. Sur la route de Doboka (Hongrie).

296 1126 555 38 BAUDRY (Bernard), né à Rouen, élève de MM. Lebel

322 1156 451 36 et Zacharie. — Rue de la Motte, 3, Rouen.

252 1189 268 34 34. Le repos du modèle.

249 1220 125 39 35. Etude.
