1002 1566
223 220 27 33 26

467 215 127 26 PEINTURE

296 257 545 44 BERTHÉLEMY (Valentin-Émile), né à Rouen, élève

313 293 525 28 de son père, de Boulanger et de M. Gérome ; M. H.,

320 311 522 34 Dijon, Caen, Toulouse ; méd. arg., Londres, Péri¬

322 335 511 32 gueux; méd. verm., Evreux. — Rue de la Gare,

316 357 369 30 n° 10, Bernières-sur-Mer (Calvados).

248 384 350 35 47. La neige au bord de la mer.

242 414 186 38 48. Le forgeron.

295 445 542 39 BERTHELOT (Ferdinand), né à Blainville-Crèvon,

318 472 522 34 élève de MM. Lebel, Zacharie et Gérome. — A

316 501 188 28 Blainville-Crevon.

244 528 281 32 49. Portrait de ma mère.

245 557 266 34 50. Portrait de l’auteur.

297 585 554 41 BERTON (Paul-Emile), né à Chartrettes (Seine-et¬

320 613 525 32 Marne), élève de Delaunay et de MM. Allongé et

326 636 473 34 Puvis de Chavannes. — Rue Mozart, 9, Paris.

246 665 319 36 51. La cueillette de pommes.

247 696 386 34 52. Retour des pécheurs à Cancale.

297 726 549 34 BESNUS (Michel-Amédée), né à Paris, élève de Léon

321 756 532 25 Cogniet et Jules Dupré; méd. br., Rouen, 1864;

322 777 525 29 plusieurs méd. à Nice, E. U. de Londres, 1874, etc.;

324 797 375 31 A x, 1891. — Rue Mayet, 24, Paris.

247 821 589 38 53. Un orage sur la Marne à Samméroy, près la Ferté-

329 853 138 23 sous-Jouarre.

301 874 545 36 BESSOY (Jules-Gustave), né à Paris, élève de Elie

322 901 528 34 Delaunay et de MM. G. Moreau et J. Blanc. —

322 928 276 30 Rue du Sentier, 20, Paris.

248 954 292 36 54. Le Christ consolateur.

675 966 137 37 Prêt de l’Etat.

303 1003 551 39 BICOT (Mme Gabrielle de) élève de Baudit — Rue

324 1038 208 29 Cardinet, 18, Paris.

252 1064 295 35 55. Tête de vieille femme.

304 1088 559 41 BIVA (Henri) né à Paris, elève de MM. A. Nozal et

326 1118 528 31 Léon Tanzi; M. H., Paris, 1892; méd. verm. de la

331 1140 515 30 Socièté d’Horticulture, Rouen, 1893; méd. 3° cl.,

329 1160 500 37 Paris, 1895. — Rue du Château-d’Eau, 72, Paris.

258 1193 141 35 56. Le soir.

248 1220 231 43 57. Roses et bluets.

640 1234 192 44 Voir aux Dessins.
