1759 3127
311 341 56 42 38

820 354 232 30 PEINTURE.

435 436 1127 45 la robe de la torture, elle vient de subir une première

435 480 1128 42 épreuve, et est menacée de celle du feu si elle persiste en¬

438 521 645 33 core à ne faire aucune révélation.

1059 564 388 42 (Histoire de Venise.)

526 586 380 62 H. 2, 45. — L. 2, 98.

1224 622 297 63 (Salon de 1847.)

304 711 1254 65 WATELET (LOUIS-ÉTIENNE), né à Paris, chevalier de la

360 777 604 52 Légion-d’Honneur en 1825.

302 844 1023 47 184. Paysage d’après des études faites en Savoie.

515 888 344 50 H. 1, 44. — L. 1, 94.

1219 919 292 66 (Salon de 1833.)

304 1005 1246 68 ZIEGLER (CLAUDE-JULES), né à Langres (Haute-Marne),

362 1065 1188 55 en 1804; chevalier de la Légion-d'Honneur en 1838,

359 1132 332 40 mort en 1856.

306 1198 986 46 185. Le jeune Giotto dans l’atelier de Cimabuë.

466 1245 1084 50 Cimabuë, peintre florentin, rencontra dans une de ses

427 1300 1126 41 promenades le jeune Giotto s’amusant à dessiner une chè¬

427 1334 1123 47 vre du troupeau qu’il gardait, et l’engagea à venir à Flo¬

427 1373 1123 49 rence étudier la peinture. Giotto arriva un jour dans l’a¬

425 1425 1124 40 telier de Cimabuë, et à la vue de ses admirables ouvrages

424 1456 1123 47 il lui vint, pour la première fois, une idée sérieuse de la

422 1500 1128 58 peinture. Giotto fut depuis un des peintres les plus célè¬

420 1550 288 33 bres de l’Italie.

505 1586 680 66 H. 2, 05. — L. 1, 30. — Fig. gr. nat.

1201 1623 307 68 (Salon de 1833.)

292 1680 524 37 186. Vision de saint Luc.

502 1722 662 62 H. 2,95. — L. 2, 10. — Fig. gr. nat.

1206 1758 295 63 (Salon de 1839.)

289 1844 1248 66 ZIEM (FÉLIX), né à Beaune (Côte-d’Or), chevalier de la

350 1912 609 51 Légion-d'Honneur en 1857.

287 1977 439 37 187. Vue de Venise.

497 2035 375 60 H. 1, 78. - L. 2. 60.

1211 2053 279 73 (Salon de 1852).

281 2152 1253 68 ZO (ACHILLE), né à Bayonne (Basses-Pyrénées), élève de

343 2220 358 40 M. T. Couture.

284 2272 1042 70 188. L’Aveugle de la porte Doce Cantos, à Tolède.

497 2332 649 67 H. 1, 12. — L. 0, 80. — Fig. de 0, 40.

1185 2363 308 65 (Salon de 1863.)
