2550 3299
1245 442 205 41 — 80 —

1921 452 108 28 SALA

775 525 1114 63 Ciardi Guglielmo. — N. a Venezia, ove dimora.

698 601 1192 58 Percorse gli studi classici e quelli regolari del¬

693 657 1196 63 l’Accademia; viaggiò per sua istruzione all’estero.

697 735 1195 58 Dalla laguna, dalla campagna veneta, anche nelle

693 791 1199 66 sue sembianze più umili e più uniformi, ha sa¬

696 868 1194 60 puto attingere molteplici e attraenti concezioni pit¬

696 936 1194 45 toriche. A Berlino nel 1886 trionfò il suo «Mes¬

693 992 1194 58 sidoro», che ricomparve l’ anno dopo alla Mo¬

696 1070 1194 56 stra artistica di Venezia, insieme coi quadri bel¬

693 1124 1196 63 lissimi «Venezia», «Nubi di Primavera», Lagu¬

698 1190 1191 69 na di Chioggia», «Alpi dolomitiche», «Il

701 1261 1183 61 Torrente: Val di Primiero», «A caccia». Da

693 1341 1200 56 qualche anno il Ciardi sembra rivolgere tutta la sua

693 1402 1196 60 attività artistica al paese, a preferenza delle

696 1477 178 42 marine.

778 1623 1224 60 63 Sera (Schilpario, Val di Scalve). F

780 1724 1226 44 64 Mattino d’autunno. F

772 2039 1123 64 Cima Luigi. — Paesista e pittore di genere,

695 2116 1194 53 n. a Villa di Villa (Belluno) v. a Venezia. Fra le

692 2184 1199 60 sue. cose più pregiate si pongono i quadri di sog¬

693 2246 1191 57 getto pastorale, come «Il ritorno del pascolo»,

693 2318 701 58 e «Un tosatore di pecore».

776 2467 1227 58 65 Vacche alla pozza. F

776 2568 1225 52 66 Nevicata. F
