2137 3382
577 304 736 62 DEUXIÈME GESTE ESTHÉTIOUE

1621 312 93 54 XIII

163 484 741 76 DÉNEUX. — 6, rue Lécluse.

222 620 564 67 79 — Ronde des Fées.

169 1130 1037 73 EDOUARD (A.) —19, quai Saint-Michel.

214 1273 659 74 84 — La Poésie Lyrique.

211 1369 705 68 82 — La Fin du Ramadm.

166 817 1195 67 DUTHOIT(       ).— 9, rue des Fourneaux.

217 944 823 70 80 — La Vierge de l’Apocalypse.

169 1564 1249 76 EGUSQUIZA (Raymond de). — 32, rue Copernic.

211 1707 1497 79 83 — Richard Wagner (eau-forte d’après la seule photogra¬

434 1800 783 68 phie dont le maître fût content).

217 1896 755 74 84 — Wagner (buste, plâtre).

166 2122 1285 73 EHRMANN. — 74, faubourg Saint-Géon, à Nancy.

217 2265 1494 65 85 — La Présentation aux étoiles, Fête des rites de Laotsau.

169 2488 1133 71 FABRY (Emile), rue Potagère, 68, Bruxelles.

214 2623 386 71 86 — Famille.

222 2725 364 65 87 — Prison.

217 2812 456 73 88 — Méditation.

222 2914 367 64 89 — Pensée.
