2156 3400
337 294 94 51 XIV

777 280 692 62 SALON DE LA ROSE † CROIX

340 405 408 79 FEURE (E. de).

391 515 505 71 90 — Fleur du mal.

391 597 485 77 91 — Feux follets.

391 685 363 65 92 — Vision.

391 767 451 68 93 — Décoration.

346 915 958 68 FOX (G.-B.). — 32, rue de Vaugirard.

391 1025 1254 68 94 — La Résurrection de Lazare (esquisse, pastel).

343 1190 1186 70 GACHONS (André des). — 28, rue Servandoni.

391 1309 1495 73 95 — L’Étang calme (I. L’Aurore. — II. Les Parfums

607 1394 295 65 nocturnes).

391 1473 556 71 96 — Celle qui songe.

397 1561 541 62 97 — Lecture pieuse.

397 1640 720 62 98 — Le Poète suit sa Muse.

391 1719 854 71 99 — Enfer, Purgatoire, Paradis,

374 1807 1285 68 100 — Chasteté qui passe (appartenant à la Plume).

377 1889 1520 68 101 — La Guillaneu (croquis pour l’illustration d’une vieille

612 1972 494 65 chanson poitevine).

374 2051 1521 74 102 — Ma Mie Jehanne (pour illustrer une prose de Jacques

612 2130 361 68 des Gachons).

374 2210 794 70 103 — Les litanies de ma Muse.

368 2292 389 71 104 — Vision.

348 2448 347 70 GAILLARD.

380 2564 1517 68 105 — Mistral, comte de Provence, d’après un dessin d’Ilé¬

615 2623 133 63 bert.

377 2776 1078 74 GÉRIN (René). — 17, avenue de Villiers.

377 2890 576 73 106 — Contemplation.
