2138 3372
1651 281 101 53 XVII

607 264 740 64 DEUNIEME GESTE ESTHÉTIQUE

205 399 689 70 MASSY (Baron de Massy.).

230 517 439 70 141 — Intuition.

227 609 847 68 142 — Dernier regard sur la vie.

230 699 366 70 143 — Après.

216 871 1255 75 MELL-DUMONT (F.). — 93, avenue de Villiers.

230 986 692 73 144 — La Fuite en Egypte.

233 1079 636 67 145 — L'Ange à l’Étoile.

225 1168 520 68 146 — Les Apôtres.

213 1345 1176 71 MERENTIER (François). — 45, quai Bourbon.

236 1464 1522 73 147 — Armoiries de l’Ordre laïque de le Rose † Croix, du.

481 1542 506 65 Temple et du Graal.

419 1629 672 68 Sceau de l’Ordre du Graal.

424 1722 757 67 Armoiries de l’Ordre du Graal.

236 1809 799 70 148 — Sceau du Grand-Maître.

419 1902 588 70 Monogramme du Tigre.

216 2082 1033 73 MOREAU-NÉRET. — 15, rue Treilhard.

860 2242 234 56 PEINTURE

236 2354 1148 65 149 — L'Amour vainqueur nargue la Sagesse.

239 2439 1111 73 150 — Erato (carton de tapisserie, esquisse).

233 2526 1080 73 151 — L’Architecture (esquisse décorative).

236 2618 1333 73 152 — La Musique sacrée (carton de vitrail, esquisse).

233 2708 712 68 153 — Le Musique profane.

236 2795 925 74 154 — Diane invulnérable (esquisse).

239 2888 967 70 155 — La Terre nourricière (esquisse).
