2205 3421
336 265 123 54 XVIII

770 256 699 63 SALON DE LA ROSE † CROIX

359 384 676 74 156 — Victoire (esquisse).

365 473 972 68 157 — La Récolte des figues (esquisse.).

967 647 308 57 AQUARELLES

359 764 667 68 158 — Vénus Victorieuse.

370 852 830 65 159 — Junon se venge de Vénus.

1029 1026 169 57 DESSIN

359 1137 505 74 160 — La Musique.

342 1311 1147 77 MORREN (George). — 51, avenue Montaigne.

362 1433 841 75 161 — Ce qui a été sera (fatalité).

365 1522 935 63 162 — Les Anges semant des Étoiles.

365 1599 1526 74 163 — Recherches pour un carton en exécution ; De dou¬

607 1684 419 60 loureuse Aurore.

339 1850 1041 77 NOEL (Louis). — 108, rue de Vaugirard.

367 1969 1136 69 164 — Saint Thomas d’Aquin (statue plâtre).

342 2146 1360 69 OGIER (Charles). — 159 bis, boulevard Montparnasse.

365 2257 818 72 165 — Prière du Matin (pastel).

367 2340 363 68 166 — Moïse.

342 2514 1164 74 OSBERT (Alphonse). — 7, rue Alain-Chartier.

367 2631 388 68 167 — Vision.

373 2719 745 66 168 — Harmonie d’Automne.

370 2796 645 69 169 — L’Adieu au Soleil.

370 2885 517 65 170 — Le Sommeil.
