<?xml version="1.0" encoding="UTF-8"?>
<alto xmlns:xsi="http://www.w3.org/2001/XMLSchema-instance"
      xmlns="http://www.loc.gov/standards/alto/ns-v4#"
      xsi:schemaLocation="http://www.loc.gov/standards/alto/ns-v4# http://www.loc.gov/standards/alto/v4/alto-4-2.xsd">
  <Description>
    <MeasurementUnit>pixel</MeasurementUnit>
    <sourceImageInformation>
      <fileName>21_436d7_default.jpg</fileName>
      <fileIdentifier>https://gallica.bnf.fr/iiif/ark:/12148/bpt6k54703109/f22/full/full/0/default.jpg</fileIdentifier>
    </sourceImageInformation>
  </Description>
  
  <Tags>
    <OtherTag ID="BT885" LABEL="Main" DESCRIPTION="block type Main"/><OtherTag ID="BT886" LABEL="Title" DESCRIPTION="block type Title"/><OtherTag ID="BT887" LABEL="Running Title" DESCRIPTION="block type Running Title"/><OtherTag ID="BT888" LABEL="Figure" DESCRIPTION="block type Figure"/><OtherTag ID="BT889" LABEL="Decoration" DESCRIPTION="block type Decoration"/><OtherTag ID="BT890" LABEL="Stamp" DESCRIPTION="block type Stamp"/><OtherTag ID="BT891" LABEL="Numbering" DESCRIPTION="block type Numbering"/><OtherTag ID="BT892" LABEL="Entry" DESCRIPTION="block type Entry"/><OtherTag ID="BT893" LABEL="EntryEnd" DESCRIPTION="block type EntryEnd"/>
    <OtherTag ID="LT327" LABEL="Default" DESCRIPTION="line type Default"/>
  </Tags>
  
  <Layout>
    <Page WIDTH="2113"
          HEIGHT="3365"
          PHYSICAL_IMG_NR="10"
          ID="eSc_dummypage_">
      <PrintSpace HPOS="0"
                  VPOS="0"
                  WIDTH="2113"
                  HEIGHT="3365">
        
        <TextBlock HPOS="606"
                   VPOS="280"
                   WIDTH="746"
                   HEIGHT="64"
                   ID="eSc_textblock_ecc37c13"
                   TAGREFS="BT887">
          <Shape><Polygon POINTS="1307 280 1352 322 606 344 606 280"/></Shape>
          
          
          <TextLine ID="eSc_line_e5856e41"
                    TAGREFS="LT327"
                    BASELINE="592 325 1332 333" 
                    HPOS="589"
                    VPOS="274"
                    WIDTH="743"
                    HEIGHT="70">
            <Shape><Polygon POINTS="592 302 592 280 746 274 839 286 1313 280 1330 288 1332 311 1330 339 1254 344 589 333"/></Shape>
	    <String CONTENT="DEUXIÈME GESTE ESTHÉTIQUE."
                    HPOS="589"
                    VPOS="274"
                    WIDTH="743"
                    HEIGHT="70"></String>
          </TextLine>

          
        </TextBlock>
        
        <TextBlock HPOS="1644"
                   VPOS="280"
                   WIDTH="87"
                   HEIGHT="64"
                   ID="eSc_textblock_c8a56460"
                   TAGREFS="BT891">
          <Shape><Polygon POINTS="1731 291 1731 333 1644 344 1644 280"/></Shape>
          
          
          <TextLine ID="eSc_line_7af5716b"
                    TAGREFS="LT327"
                    BASELINE="1638 333 1728 333" 
                    HPOS="1638"
                    VPOS="291"
                    WIDTH="90"
                    HEIGHT="53">
            <Shape><Polygon POINTS="1638 311 1638 300 1672 291 1728 297 1722 344 1638 336"/></Shape>
	    <String CONTENT="XIX"
                    HPOS="1638"
                    VPOS="291"
                    WIDTH="90"
                    HEIGHT="53"></String>
          </TextLine>

          
        </TextBlock>
        
        <TextBlock HPOS="147"
                   VPOS="406"
                   WIDTH="1609"
                   HEIGHT="294"
                   ID="eSc_textblock_26117848"
                   TAGREFS="BT893">
          <Shape><Polygon POINTS="147 406 147 700 1756 700 1756 406"/></Shape>
          
          
          <TextLine ID="eSc_line_7a1357d2"
                    TAGREFS="LT327"
                    BASELINE="207 465 841 465" 
                    HPOS="207"
                    VPOS="409"
                    WIDTH="634"
                    HEIGHT="67">
            <Shape><Polygon POINTS="207 443 207 426 227 412 263 409 289 409 305 426 404 426 420 409 446 409 460 423 549 423 592 409 625 426 653 409 698 426 721 409 768 423 794 409 841 426 841 465 827 476 723 476 704 465 636 476 625 465 606 476 566 465 541 476 420 476 406 465 221 476 207 465"/></Shape>
	    <String CONTENT="171 — Causerie du Soir."
                    HPOS="207"
                    VPOS="409"
                    WIDTH="634"
                    HEIGHT="67"></String>
          </TextLine>

          
          
          <TextLine ID="eSc_line_0c9a2f74"
                    TAGREFS="LT327"
                    BASELINE="207 558 1725 552" 
                    HPOS="204"
                    VPOS="499"
                    WIDTH="1518"
                    HEIGHT="73">
            <Shape><Polygon POINTS="204 535 218 501 294 501 311 518 384 518 401 501 535 501 566 518 653 510 749 518 766 501 844 501 867 515 937 518 990 513 1004 499 1041 515 1083 515 1099 499 1136 510 1156 499 1178 513 1212 499 1240 515 1380 515 1394 501 1419 515 1518 515 1574 499 1599 515 1635 501 1680 515 1703 499 1722 529 1720 569 1683 555 1652 569 1386 569 1372 555 1316 569 1133 569 1046 555 1035 566 805 569 732 558 715 569 639 572 608 572 594 558 308 558 274 572 204 558"/></Shape>
	    <String CONTENT="172 — Dessin pour l’Harmonie d’Automne (appartient à"
                    HPOS="204"
                    VPOS="499"
                    WIDTH="1518"
                    HEIGHT="73"></String>
          </TextLine>

          
          
          <TextLine ID="eSc_line_6c2acc86"
                    TAGREFS="LT327"
                    BASELINE="420 636 836 630" 
                    HPOS="418"
                    VPOS="580"
                    WIDTH="415"
                    HEIGHT="67">
            <Shape><Polygon POINTS="418 614 426 583 597 600 625 580 653 597 676 580 707 597 782 597 802 583 833 608 827 647 418 642"/></Shape>
	    <String CONTENT="Pierre de Lano)."
                    HPOS="418"
                    VPOS="580"
                    WIDTH="415"
                    HEIGHT="67"></String>
          </TextLine>

          
        </TextBlock>
        
        <TextBlock HPOS="147"
                   VPOS="755"
                   WIDTH="1297"
                   HEIGHT="324"
                   ID="eSc_textblock_76c3c62c"
                   TAGREFS="BT892">
          <Shape><Polygon POINTS="147 755 147 1079 1444 1079 1444 755"/></Shape>
          
          
          <TextLine ID="eSc_line_66b45c1e"
                    TAGREFS="LT327"
                    BASELINE="179 830 1391 838" 
                    HPOS="176"
                    VPOS="773"
                    WIDTH="1215"
                    HEIGHT="76">
            <Shape><Polygon POINTS="179 807 179 790 204 779 381 773 412 773 426 787 440 773 549 773 566 790 628 776 656 793 718 779 749 793 839 793 855 776 897 776 914 793 990 796 1035 796 1052 779 1088 796 1114 779 1139 796 1181 779 1217 790 1254 779 1302 793 1341 779 1391 799 1389 841 1313 846 1004 849 959 838 586 846 558 835 193 844 176 832"/></Shape>
	    <String CONTENT="OTTEVAERE (Henri). — 31, rue de la Potterie."
                    HPOS="176"
                    VPOS="773"
                    WIDTH="1215"
                    HEIGHT="76"></String>
          </TextLine>

          
          
          <TextLine ID="eSc_line_068f7e4e"
                    TAGREFS="LT327"
                    BASELINE="202 945 732 950" 
                    HPOS="199"
                    VPOS="888"
                    WIDTH="533"
                    HEIGHT="71">
            <Shape><Polygon POINTS="202 922 202 905 221 891 277 891 303 908 392 908 432 888 460 902 482 891 516 911 535 891 592 908 628 908 645 891 670 905 695 891 729 911 732 928 729 947 701 959 524 959 513 947 474 959 395 945 213 956 199 942"/></Shape>
	    <String CONTENT="173 — Soir (dessin)."
                    HPOS="199"
                    VPOS="888"
                    WIDTH="533"
                    HEIGHT="71"></String>
          </TextLine>

          
          
          <TextLine ID="eSc_line_008e9d6c"
                    TAGREFS="LT327"
                    BASELINE="202 1034 732 1040" 
                    HPOS="199"
                    VPOS="978"
                    WIDTH="533"
                    HEIGHT="70">
            <Shape><Polygon POINTS="202 1012 213 984 390 995 406 978 440 978 457 995 482 981 516 995 564 981 589 998 695 981 729 998 732 1017 729 1037 707 1048 479 1048 420 1037 401 1045 390 1034 213 1045 199 1031"/></Shape>
	    <String CONTENT="174 — Nuit (dessin)."
                    HPOS="199"
                    VPOS="978"
                    WIDTH="533"
                    HEIGHT="70"></String>
          </TextLine>

          
        </TextBlock>
        
        <TextBlock HPOS="147"
                   VPOS="1142"
                   WIDTH="1461"
                   HEIGHT="1167"
                   ID="eSc_textblock_755d798e"
                   TAGREFS="BT892">
          <Shape><Polygon POINTS="147 1142 151 2309 1579 2292 1608 1142"/></Shape>
          
          
          <TextLine ID="eSc_line_8a58a814"
                    TAGREFS="LT327"
                    BASELINE="173 1236 1338 1231" 
                    HPOS="168"
                    VPOS="1174"
                    WIDTH="1167"
                    HEIGHT="73">
            <Shape><Polygon POINTS="171 1214 168 1194 190 1177 294 1177 308 1188 319 1177 429 1177 443 1191 468 1177 541 1177 569 1191 600 1183 611 1194 712 1194 754 1174 782 1191 903 1191 920 1174 959 1191 1013 1174 1043 1191 1307 1177 1332 1188 1335 1208 1332 1245 1195 1236 996 1245 979 1233 956 1245 897 1233 878 1245 628 1236 614 1247 513 1247 499 1236 474 1247 437 1236 171 1239"/></Shape>
	    <String CONTENT="OUDART (Felix). — 10, rue du Cherche-Midi."
                    HPOS="168"
                    VPOS="1174"
                    WIDTH="1167"
                    HEIGHT="73"></String>
          </TextLine>

          
          
          <TextLine ID="eSc_line_3d99f879"
                    TAGREFS="LT327"
                    BASELINE="740 1399 1161 1393" 
                    HPOS="738"
                    VPOS="1354"
                    WIDTH="420"
                    HEIGHT="53">
            <Shape><Polygon POINTS="738 1376 752 1354 1144 1354 1158 1371 1150 1407 738 1404"/></Shape>
	    <String CONTENT="LES INTLUENCES :"
                    HPOS="738"
                    VPOS="1354"
                    WIDTH="420"
                    HEIGHT="53"></String>
          </TextLine>

          
          
          <TextLine ID="eSc_line_2ed1a080"
                    TAGREFS="LT327"
                    BASELINE="199 1550 1133 1545" 
                    HPOS="196"
                    VPOS="1491"
                    WIDTH="934"
                    HEIGHT="68">
            <Shape><Polygon POINTS="196 1528 210 1494 291 1494 311 1514 376 1511 392 1494 420 1494 440 1514 538 1514 558 1494 651 1508 715 1494 729 1503 740 1491 782 1505 796 1491 836 1491 909 1511 1049 1505 1071 1494 1088 1511 1128 1511 1130 1522 1119 1559 926 1559 914 1547 897 1559 878 1547 799 1556 788 1545 771 1556 732 1545 718 1556 558 1559 541 1542 446 1542 429 1559 384 1542 300 1542 274 1559 196 1545"/></Shape>
	    <String CONTENT="175 — I. Devant le livre ouvert..."
                    HPOS="196"
                    VPOS="1491"
                    WIDTH="934"
                    HEIGHT="68"></String>
          </TextLine>

          
          
          <TextLine ID="eSc_line_800893eb"
                    TAGREFS="LT327"
                    BASELINE="199 1634 1186 1640" 
                    HPOS="196"
                    VPOS="1581"
                    WIDTH="990"
                    HEIGHT="70">
            <Shape><Polygon POINTS="199 1612 221 1581 286 1581 308 1601 390 1601 409 1581 451 1581 471 1601 549 1601 564 1587 580 1601 620 1601 639 1581 670 1581 695 1601 723 1584 757 1601 782 1584 805 1598 822 1584 872 1598 1049 1595 1080 1584 1091 1595 1130 1589 1186 1603 1181 1640 1105 1651 1038 1640 993 1651 824 1648 805 1634 785 1648 572 1646 549 1632 474 1632 409 1648 390 1632 303 1632 283 1648 216 1648 196 1629"/></Shape>
	    <String CONTENT="176 — II. Sidéral et Cosmogonique."
                    HPOS="196"
                    VPOS="1581"
                    WIDTH="990"
                    HEIGHT="70"></String>
          </TextLine>

          
          
          <TextLine ID="eSc_line_10f0d400"
                    TAGREFS="LT327"
                    BASELINE="196 1724 1568 1724" 
                    HPOS="196"
                    VPOS="1674"
                    WIDTH="1372"
                    HEIGHT="67">
            <Shape><Polygon POINTS="196 1702 213 1674 297 1674 314 1690 387 1690 404 1674 471 1674 488 1690 606 1690 622 1674 679 1685 799 1685 836 1674 864 1690 892 1690 914 1674 951 1674 973 1688 1035 1674 1091 1690 1128 1674 1144 1690 1164 1674 1195 1674 1220 1688 1568 1690 1560 1741 1456 1741 1428 1730 1386 1741 1153 1738 1142 1727 1130 1738 1094 1727 1080 1738 976 1727 942 1741 886 1730 872 1741 746 1741 294 1727 272 1741 196 1727"/></Shape>
	    <String CONTENT="177 — III. .. Dormante, elle rêve à d’orageuses mers."
                    HPOS="196"
                    VPOS="1674"
                    WIDTH="1372"
                    HEIGHT="67"></String>
          </TextLine>

          
          
          <TextLine ID="eSc_line_6eed0400"
                    TAGREFS="LT327"
                    BASELINE="196 1817 805 1811" 
                    HPOS="193"
                    VPOS="1755"
                    WIDTH="609"
                    HEIGHT="73">
            <Shape><Polygon POINTS="193 1794 213 1758 283 1758 305 1780 378 1780 404 1758 460 1758 485 1780 535 1777 558 1755 636 1775 693 1758 718 1775 732 1761 777 1761 799 1777 802 1817 552 1822 535 1805 499 1805 477 1825 460 1814 440 1828 429 1817 401 1825 384 1808 300 1808 280 1825 218 1825 193 1808"/></Shape>
	    <String CONTENT="178 — IV.. Erraticité."
                    HPOS="193"
                    VPOS="1755"
                    WIDTH="609"
                    HEIGHT="73"></String>
          </TextLine>

          
          
          <TextLine ID="eSc_line_b164b687"
                    TAGREFS="LT327"
                    BASELINE="196 1906 799 1898" 
                    HPOS="193"
                    VPOS="1845"
                    WIDTH="603"
                    HEIGHT="73">
            <Shape><Polygon POINTS="193 1884 207 1850 283 1850 308 1873 376 1873 398 1847 437 1847 460 1870 552 1870 575 1847 631 1867 667 1845 701 1864 729 1864 766 1847 791 1850 796 1875 788 1915 645 1915 628 1904 558 1918 524 1884 446 1884 418 1912 387 1887 308 1887 277 1915 216 1915 193 1895"/></Shape>
	    <String CONTENT="179 — V. Au Seuil!"
                    HPOS="193"
                    VPOS="1845"
                    WIDTH="603"
                    HEIGHT="73"></String>
          </TextLine>

          
          
          <TextLine ID="eSc_line_c47d9688"
                    TAGREFS="LT327"
                    BASELINE="196 1996 928 1990" 
                    HPOS="193"
                    VPOS="1937"
                    WIDTH="733"
                    HEIGHT="70">
            <Shape><Polygon POINTS="193 1974 210 1940 286 1940 305 1960 381 1960 401 1940 460 1940 482 1960 533 1960 558 1937 642 1957 662 1937 698 1957 726 1937 766 1940 782 1954 847 1954 867 1937 923 1957 926 1968 914 2004 749 2004 707 1985 690 2002 659 2002 639 1985 622 2002 566 2004 533 1988 491 1988 454 2007 434 1993 415 2004 398 1988 297 1988 274 2004 213 2004 193 1990"/></Shape>
	    <String CONTENT="180 — VI. Sur le Chemin."
                    HPOS="193"
                    VPOS="1937"
                    WIDTH="733"
                    HEIGHT="70"></String>
          </TextLine>

          
          
          <TextLine ID="eSc_line_dc1108c4"
                    TAGREFS="LT327"
                    BASELINE="196 2086 1099 2086" 
                    HPOS="196"
                    VPOS="2030"
                    WIDTH="903"
                    HEIGHT="67">
            <Shape><Polygon POINTS="196 2063 196 2047 216 2030 283 2030 300 2047 384 2047 401 2030 485 2030 502 2047 544 2047 561 2030 592 2047 631 2047 648 2030 760 2047 802 2047 819 2030 869 2047 889 2030 931 2030 954 2044 993 2030 1007 2041 1099 2047 1094 2091 1046 2086 1027 2097 973 2086 810 2094 796 2083 757 2097 645 2094 631 2083 614 2094 552 2094 541 2083 499 2094 297 2083 274 2097 210 2094 196 2083"/></Shape>
	    <String CONTENT="181 — VII. La Coupe du Motyre."
                    HPOS="196"
                    VPOS="2030"
                    WIDTH="903"
                    HEIGHT="67"></String>
          </TextLine>

          
          
          <TextLine ID="eSc_line_5d0a4f5d"
                    TAGREFS="LT327"
                    BASELINE="196 2176 1139 2170" 
                    HPOS="193"
                    VPOS="2117"
                    WIDTH="988"
                    HEIGHT="87">
            <Shape><Polygon POINTS="193 2153 210 2117 283 2117 300 2133 381 2133 398 2117 502 2117 519 2133 544 2133 561 2117 592 2133 665 2117 698 2131 729 2117 752 2128 777 2117 791 2131 850 2117 869 2131 1130 2119 1136 2147 1181 2158 497 2202 418 2201 193 2204"/></Shape>
	    <String CONTENT="182 —  VIII Le christ est ressucité !"
                    HPOS="193"
                    VPOS="2117"
                    WIDTH="988"
                    HEIGHT="87"></String>
          </TextLine>

          
          
          <TextLine ID="eSc_line_5c22be09"
                    TAGREFS="LT327"
                    BASELINE="196 2262 822 2262" 
                    HPOS="196"
                    VPOS="2206"
                    WIDTH="626"
                    HEIGHT="68">
            <Shape><Polygon POINTS="196 2240 216 2206 283 2206 305 2229 378 2229 401 2206 457 2206 479 2229 538 2229 561 2206 620 2226 642 2206 676 2206 698 2223 774 2206 822 2229 822 2260 808 2274 679 2274 665 2262 651 2274 628 2262 614 2274 555 2274 538 2257 491 2257 474 2274 401 2274 384 2257 213 2274 196 2257"/></Shape>
	    <String CONTENT="183 — IX. La Froide."
                    HPOS="196"
                    VPOS="2206"
                    WIDTH="626"
                    HEIGHT="68"></String>
          </TextLine>

          
        </TextBlock>
        
        <TextBlock HPOS="147"
                   VPOS="2368"
                   WIDTH="1133"
                   HEIGHT="311"
                   ID="eSc_textblock_9ab81d7a"
                   TAGREFS="BT892">
          <Shape><Polygon POINTS="147 2368 147 2679 1280 2679 1280 2368"/></Shape>
          
          
          <TextLine ID="eSc_line_fea9f44c"
                    TAGREFS="LT327"
                    BASELINE="173 2448 1229 2453" 
                    HPOS="171"
                    VPOS="2391"
                    WIDTH="1058"
                    HEIGHT="76">
            <Shape><Polygon POINTS="173 2425 173 2403 188 2391 238 2391 252 2403 378 2391 395 2408 437 2391 457 2408 505 2405 521 2391 544 2408 575 2391 594 2408 648 2391 662 2405 698 2408 726 2397 740 2411 839 2411 855 2394 895 2397 909 2411 1013 2411 1035 2394 1161 2411 1195 2397 1226 2411 1229 2431 1215 2462 1069 2456 1057 2467 1029 2456 917 2467 839 2456 760 2456 749 2467 617 2456 274 2464 179 2462 171 2450"/></Shape>
	    <String CONTENT="PAYNE (Lord Arthur). — 15, rue Vernet."
                    HPOS="171"
                    VPOS="2391"
                    WIDTH="1058"
                    HEIGHT="76"></String>
          </TextLine>

          
          
          <TextLine ID="eSc_line_3dd81f07"
                    TAGREFS="LT327"
                    BASELINE="196 2565 917 2565" 
                    HPOS="196"
                    VPOS="2512"
                    WIDTH="721"
                    HEIGHT="65">
            <Shape><Polygon POINTS="196 2543 213 2512 289 2512 303 2526 392 2526 406 2512 437 2526 465 2526 479 2512 527 2523 566 2512 589 2526 715 2526 760 2512 780 2526 839 2526 892 2512 917 2526 917 2565 906 2577 617 2577 600 2565 586 2577 482 2577 468 2565 448 2577 401 2577 390 2565 216 2577 196 2565"/></Shape>
	    <String CONTENT="184 — Le Bain empoisonné."
                    HPOS="196"
                    VPOS="2512"
                    WIDTH="721"
                    HEIGHT="65"></String>
          </TextLine>

          
          
          <TextLine ID="eSc_line_adc59104"
                    TAGREFS="LT327"
                    BASELINE="196 2655 662 2649" 
                    HPOS="193"
                    VPOS="2596"
                    WIDTH="466"
                    HEIGHT="70">
            <Shape><Polygon POINTS="193 2633 210 2596 283 2596 303 2616 381 2616 404 2596 429 2596 443 2610 460 2596 491 2596 507 2610 530 2596 547 2613 656 2613 659 2627 645 2663 398 2666 381 2652 213 2663 193 2652"/></Shape>
	    <String CONTENT="185 — Religieuse."
                    HPOS="193"
                    VPOS="2596"
                    WIDTH="466"
                    HEIGHT="70"></String>
          </TextLine>

          
        </TextBlock>
        
        <TextBlock HPOS="109"
                   VPOS="2768"
                   WIDTH="1032"
                   HEIGHT="286"
                   ID="eSc_textblock_ca67019a"
                   TAGREFS="BT892">
          <Shape><Polygon POINTS="109 2768 109 3054 1141 3054 1141 2768"/></Shape>
          
          
          <TextLine ID="eSc_line_1531958f"
                    TAGREFS="LT327"
                    BASELINE="173 2843 1102 2849" 
                    HPOS="171"
                    VPOS="2787"
                    WIDTH="931"
                    HEIGHT="73">
            <Shape><Polygon POINTS="173 2820 185 2787 443 2787 460 2804 535 2804 552 2787 600 2787 639 2806 659 2790 684 2806 830 2806 847 2790 875 2790 914 2806 1102 2806 1091 2857 914 2860 833 2849 813 2860 648 2860 631 2846 620 2857 544 2846 404 2857 207 2846 190 2857 171 2843"/></Shape>
	    <String CONTENT="PÉZIEUX. — 38, Avenue Duquesne."
                    HPOS="171"
                    VPOS="2787"
                    WIDTH="931"
                    HEIGHT="73"></String>
          </TextLine>

          
          
          <TextLine ID="eSc_line_49092b1b"
                    TAGREFS="LT327"
                    BASELINE="196 2961 1049 2966" 
                    HPOS="193"
                    VPOS="2905"
                    WIDTH="856"
                    HEIGHT="75">
            <Shape><Polygon POINTS="196 2938 196 2919 213 2905 274 2905 294 2921 387 2921 412 2905 516 2921 541 2905 566 2921 636 2907 653 2924 684 2910 709 2924 743 2924 760 2910 808 2924 827 2907 867 2907 881 2921 900 2907 945 2907 965 2924 1046 2924 1049 2944 1032 2980 681 2980 583 2966 426 2966 409 2978 390 2966 291 2966 277 2978 213 2978 193 2964"/></Shape>
	    <String CONTENT="186 — Tête de Christ (médaillon)."
                    HPOS="193"
                    VPOS="2905"
                    WIDTH="856"
                    HEIGHT="75"></String>
          </TextLine>

          
        </TextBlock>
        
        <TextBlock HPOS="80"
                   VPOS="376"
                   WIDTH="1705"
                   HEIGHT="2746"
                   ID="eSc_textblock_898f50bd"
                   TAGREFS="BT885">
          <Shape><Polygon POINTS="117 376 80 3122 1785 3080 1785 376"/></Shape>
          
        </TextBlock>
        

        
      </PrintSpace>
    </Page>
  </Layout>
</alto>
