2228 3450
379 250 107 51 XXII

808 238 691 63 SALON DE LA ROSE † CROIX

400 368 512 66 222 — Les Vierges.

400 451 567 72 223 — Les Vieillards.

402 543 611 69 224 — Fleurs et Fruits.

397 632 1001 72 225 — Figures sur fond or (La Chasse).

402 727 973 63 226- »  » ». (La Pêche).

394 1066 584 69 227 — Muse mystique.

400 1158 452 66 228 — Le Repos.

400 1244 800 69 229 — La Fin des Dieux (à M.).

391 1331 409 69 230 — L'Aveu.

400 1423 806 66 231 — Désespoir de la Chimère.

397 1506 958 78 232 — Sin (Frontispice de Typhonia).

397 1598 466 69 233 — Endormie.

397 1693 521 63 234 — La Province.

397 1779 469 72 235 — Baigneuse.

397 1868 797 66 236 — Femme aux pâquerettes

397 1960 429 66 237 — Paysage.

394 2047 855 69 238 — Carton (Figure de l’Hiver).

394 2136 1042 72 239 — Cartons (Femmes aux Couronnes).

1056 937 187 54 DESSINS

382 2489 720 72 240 — Nu pour « la Mère ».

391 2584 794 66 241 — Nu pour « Jeune Fille ».

385 2668 677 69 242 — Etude « le Blessé ».

385 2760 832 69 243-— » Enfat aux Fruits.

391 2849 610 69 244 — Profit de Blonde.

1050 2348 179 61 ETUDES
