2098 3348
262 1422 1484 65 Nous, par la miséricorde divine et l’assentiment de nos frères

220 1489 1526 65 — Grand Maître de la ROSE † CROIX DU TEMPLE ET DU GRAAL ;

265 1554 1481 66 En communion catholique, romaine avec JOSEPH D'ARI¬

215 1620 924 62 MATHIE, HUGUES DES PAIENS ET DANTE,

262 1682 1481 67 A tous ceux du siècle — afin qu’on s’en souvienne à jamais.

265 1746 1481 61 Prosterné devant le Saint-Esprit et implorant sa lumière —

217 1813 1526 61 supplions l’humanité et l’histoire de pardonner à Notre indignité.

268 1874 1483 62 Le prêtre seul touche aux Saintes Espèces; mais le moindre

212 1941 1536 62 des chrétiens prendrait pieusement en sa main l’hostie gisante

215 2008 1533 64 dans la poussière et la garderait avec vénération jusqu’au

217 2070 1534 64 moment de la rendre au tabernacle. L’oriflamme échappe-t-elle.

217 2137 1534 61 aux mains de l’enseigne, tout milicien présent la doit relever.

220 2204 609 61 et tenir pendant l’action.

270 2262 1481 73 Ainsi, la troisième personne divine Nous apparut oubliée

223 2332 1536 61 sinon blasphémée, privée d’honneur et de suite; et au Dieu

223 2399 1042 56 méconnu, Notre pauvre cœur fut un autel.

273 2457 1481 62 Ainsi, les œuvres du Verbe semblaient pâlissantes et déser¬

220 2524 1537 62 tées; sans mesurer Nos forces, Nous avons assumé un devoir.

220 2589 732 64 immense où nul ne s’efforçait.

279 2656 1483 61 Chrétien recueillant l’hostie, guerrier qui dresse au vent de

226 2717 1536 67 la gloire, le Beauséant abandonné, humble dépositaire, Nous

229 2784 1533 64 rendrons à Pierre ces sublimités qui n’appartiennent qu’à lui,

229 2848 1170 64 lorsque Pierre tendra les bras pour les recevoir.
