2154 3444
244 258 109 54 XXVI

677 243 692 69 SALON DE LA ROSE † CROIX

295 341 1505 75 Jusque la, nous échaufferons le Saint GRAAL, du battement,

246 404 1549 72 fidèle de notre cœur; nous militerons contre l’Infidélité, quel¬

246 479 1551 60 ques-uns contre presque tous, épanouissant, au souffle de Notre

246 539 1034 63 enthousiasme, la ROSE des chefs-d’œuvre.

301 605 1499 63 Nous commandons aujourd’hui, après avoir cherché pendant.

249 674 1554 63 onze années à obéir, avec une humilité vraie et un sentiment

249 734 948 63 très douloureux de notre imperfection.

301 800 1499 66 Selon la règle des frères mineurs confirmée par la bulle

249 863 1551 69 d’Honorius III où il est écrit: « Le Frère François promet

249 929 1548 64 obéissance à N. S. le Pape et à ses légitimes successeurs. Pour

249 987 1551 72 les autres frères, ils seront obligés d’obéir au frère François et

249 1061 1551 64 à ses successeurs. » — Notre autorité étant abstraite, est abso¬

249 1125 1551 68 lue sur les trois ordres et Nous ne relevons en ce monde que

252 1188 1005 71 du Pape, en l’autre que du Saint-Esprit.

310 1257 1493 60 Nous nommerons nous-même Notre successeur, au moment

258 1323 1545 63 de rendre Notre âme à Dieu, devant le Graal, dans Monsalvat

255 1391 236 61 restauré.

307 1449 1493 66 Car Notre suzerain Jésus permettra à ses nouveaux fils d’ac¬

255 1512 629 72 complir leur vœu d’idéal.

307 1578 1490 66 C’est donc à Monsalvat, dans Notre stalle de Grand Maître,

255 1644 1551 66 devant le Saint Sacrement, que Nous donnons rendez-vous à la¬

255 1713 149 57 mort.

315 1773 1491 69 En ces murs d’un style inventé, couverts de fresques, accotés.

258 1842 1545 60 de statues, en ces murs enfermant, comme autant de chapelles

264 1908 1542 63 autour du Maître-autel, le laboratoire du savant et la biblio-

264 1971 557 66 thèque du philosophe;

315 2034 1497 66 En ces murs dont l’écho ne connaîtra que la déclamation

261 2100 1551 66 d’Eschyle ou le cri de la Neuvième Symphonie; arrêtant un

261 2163 1551 66 moment la marche funèbre de Titurel, Nous désignerons de.

261 2229 1548 67 Notre main défaillante, qui aura tant œuvré, celui de Nos

261 2293 1465 66 Gurnemanz, ou de Nos Parsifal, élu à la redoutable gloire.

315 2356 1497 72 Nous dévoilons Notre ambition; cette mort. Elle est, si

261 2425 1545 66 sublime que nul ne Nous accusera de chercher un autre succès.

315 2485 1020 69 Ici se dressent trois portiques d’Eternité.

318 2551 1491 69 Vous, artistes de tous les arts, venez à « la Rose † Croix ».

318 2617 1491 75 Vous, volontaires, preux de toutes les prouesses, venez au

269 2680 222 69 Temple;

321 2740 1491 81 Vous, prêtres et fidèles, pour servir le Saint-Esprit, venez

261 2809 255 63 au Graal.

321 2870 1485 86 Vous tous que la rigueur des ordres religieux effraye, vous,
