2066 3393
557 231 742 68 DEUXIEME GESTE ESTHÉTIQUE

1562 251 136 54 XXVII

149 336 1549 68 les faiseurs de chets-d’œuvre, de gestes, do miracles, venez 5.

152 404 1546 68 Notre appel; « Aimer le Beau plus que soi-même et avoir pour

155 472 1540 65 prochain, pour cher autrui, l’Idéal. » Venez tels que vous êtes.

152 537 1546 68 pécheurs mais poètes, mécréants mais enthousiastes, sans

152 602 1546 65 vertus mais pleins d’œuvres? venez former la confrérie de

149 667 835 65 ceux qui se sauvent par la gloire.

200 729 1498 68 Artistes, croyez-vous au Parthénon et à Saint-Ouen, 3.

152 791 1540 68 Léonard et à la Niké de Samothrace, à Beethoven et à Par¬

149 856 1000 65 sifal ; vous serez admis en Rose † Croix.

203 927 1497 65 Lettrés, érudits, philosophes, archéologues, physiciens et

149 989 1543 65 métaphysiciens; quo vous soyez do l’Académie ou du Portique,

152 1057 1540 62 micrographes ou synthétistes, ô tous courbés sur l’inconnu,

152 1116 1540 65 venez, même brahme, même rabbin, même musulman, donner

152 1181 1543 68 votre part de lumière et recevoir la clarté d’autrui: et la

155 1246 911 65 Rose † Croix sera l’Aristie véritable.

209 1311 1486 68 Volontaires et actifs, fanatiques, et enthousiastes, croyez¬

152 1374 1540 68 vous à la nécessité des héros, des génies et des saints, en face

149 1442 1546 65 des égoïstes, des imbéciles et des méchants 2 Croyez-vous qu’il

155 1509 1540 63 y ait une autre carrière à marcher que celle du dévouement ?

152 1572 1543 65 Croyez-vous au verbe du Golgotha ? vous serez admis dans le

155 1637 212 65 Temple.

217 1702 1478 62 Virils de de toutes les activités, bonnes volontés de tout état,

149 1767 1546 65 riches et ouvriers, par l’or ou le labeur, venez comme des

149 1832 1543 59 fleuves ou des ruisseaux vous jeter en cette mer du zèle enthou-

149 1894 1543 71 siaste qui se forme; et le Temple sera la légion angélique sur

147 1962 212 59 la terre.

203 2024 1492 65 Enfin, vous, fils de l’Eglise, fidèles et prêtres, venez vous

147 2089 1548 65 instruire des honneurs de beauté dus au S.-Esprit, venez

149 2154 1540 62 prier par les œuvres et les actes, et apprendre le devoir chré¬

147 2219 1545 65 tien, non plus dans son égoïsme du salut, mais enflammé d’une

149 2287 1543 59 passion du cœur qui ne laisse rien en nous pour l’humaine et

147 2349 1304 62 dérisoire passion; vous serez admis devant le Graal.

200 2411 1489 63 Chrétiens, Nous vous convions à une nouveauté de la perfec-

149 2476 1543 65 tion; la pureté d’intention ne suffit pas au Saint-Esprit : il veut

144 2541 1551 65 la victoire. La force des passions, le prestige de l’art, nous.

144 2604 1551 65 devons les créer dans la Foi et la vertu; il faut que les Saintes

149 2674 1546 63 sourient comme des grâces, que le cœur de Saint François

144 2734 1545 62 s’exhale par les lèvres de Platon, et que le Beau soit tout en

147 2799 1545 68 Dieu, Sanctifier le génie, génifier la sainteté, voilà le voeu, et

147 2867 1542 67 là chevalerie du Graal sera comme un intermonde attendri
