2178 3444
310 252 143 55 XXVII

749 243 681 61 SALON DE LA ROSE † CROIX

307 341 1549 75 encore des parfums souffrants de la terre et déjà baigné des

316 416 962 60 encens paisibles et rayonnants du ciel.

364 473 1492 63 Nos ressources sont infinies : Nous avons la Foi, l’Espérance

313 536 1543 69 et la Charité. Rien de ce qui a duré, rien de ce qui existe

313 605 1270 63 encore, n’a eu d’autre base que ces bases d’éternité.

364 668 1486 63 Le gage d’une incroyable réussite Nous le voyons dans l’occa¬

310 734 1543 63 sion que Nous présentons à la Providence : jamais le moment

313 800 1540 63 ne fut aussi mauvais pour innover dans le mysticisme et jamais

313 863 1543 66 un fondateur d’Ordre no fut plus écrasé par sa mission que

316 929 1540 66 Nous-même; mais Dieu qui se servit si souvent des simples,

316 998 1543 61 cette fois acceptera un intellectuel quoique pécheur, et comme

316 1061 1540 64 il employa les charmes d’une juive à sauver son peuple, il dai¬

316 1122 1540 66 gnera Nous prendre pour instrument de son hymne mira¬

313 1191 192 60 culeux.

364 1251 1492 69 Nous vous le proclamons avec une certitude qu’aucune

313 1317 1543 63 image n’exprimerait ; par l’oeuvre de beauté, par la volonté de

316 1386 1534 60 lumière, par la prière des actions, vous aurez la double gloire,

316 1449 1540 63 ô mes Frères, Rose † Croix, Templiers, Chevaliers, ô Nos

316 1509 1537 60 Fils, qui effacerez Nos mérites, par les vôtres : Car Notre heur.

313 1572 1537 66 se réalisera dans la splendeur de cette famille idéale de ; génies,

313 1635 1537 69 des héros et des Mages ; et le Grand Maître disparaîtra, juste¬

313 1704 1540 61 ment oublié par les autres grands maîtres qu’il suscitera aux

313 1770 761 61 arts, aux gestes, aux miracles.

376 1833 1477 64 Voici les Constitutions : attribuez au Saint-Esprit ce qui

316 1894 1531 69 vous sanctifiera, vous spiritualisant ; et à Notre impéritie d’ex-

316 1960 1531 66 pression ce qui vous scandaliserait ; ces prescriptions de véri¬

316 2029 1540 63 table lumière, vous les observerez avec scrupule. Quand une

316 2092 1534 63 idée s’incarne, elle reste fragile et ombiliquée encore à l’indi¬

313 2155 727 63 vidu oit elle s’est terrestrisée.

364 2224 1492 60 Nous vous demandons pour un moment de croire à Notre

307 2284 1540 66 mission, car Notre force ne peut être que votre confiance,

307 2347 1543 66 comme Notre subtilité n’est déjà que l’abstraction, totalisante

310 2413 1385 63 en lumière, des brillantes couleurs de vos individualités.

362 2473 1485 69 Notre raison de divinité, comme il est dit raison d’Etat,

304 2539 1201 64 réside entière dans une réforme de la sensibilité.

362 2605 1485 66 La douleur acceptée étant toute la matière du devenir,

304 2671 1555 66 l’Amour se définit la forme providentielle et atrayante de la.

304 2735 221 60 douleur.

359 2798 1494 72 Cette énigme du sphinx sexuel enfin devinée, le règne du

304 2861 661 75 Saint-Esprit se possibilise.
