2108 3403
598 320 743 65 DEUXIÉME GESTE ESTHÉTIQUE

1628 328 119 54 XXIX

246 419 1498 71 A ce tableau de l’amant et l’amante devenus bourreau et

195 487 1549 65 bourrèle, accomplissant l’ouvre nécessaire de la mutuelle tor¬

195 555 1549 66 turo, quel être conscient ne se révoltera contre une duperie

198 621 352 59 aussi odieuse!

249 686 1501 62 Substituer l’Amour du Beau, l’amour de l’idée, l’amour du

195 748 1549 68 mystère à l’amour ; voilà l’action que nous allons tenter sur

195 813 446 63 l’ame occidentale.

252 881 1495 63 En créant une passion et une volupté du beau, une passion

198 947 1549 62 et une volupté de l’idée, une passion et une volupté du mys¬

198 1009 1546 65 tère, c’est-a-dire en orchestrant dans une solennité religieuse

198 1077 1546 60 les émotions du livre, les émotions du Louvre, les émotions do

198 1137 667 65 Bayreuth, jusqu’à l’extase.

249 1193 1495 74 Et cette extase différente de l’ordinaire animique, soutenue

195 1267 1541 68 par une activité incessante de réalisation, par un développe¬

195 1332 761 63 ment ininterrompu d’idéologie.

249 1400 1498 63 Ainsi, Nous réparons l’erreur d’Orphée, ainsi nous vengeons

198 1463 1544 62 sa mort, car nous croirions mal satisfaire à l’adoration de Jésus,

195 1525 1544 68 si nous méconnaissions ses précuseurs, les Grands Primitifs,

195 1588 988 65 les Giotto et les Van Eyek de la Vérité.

252 1656 1490 62 Les premiers chrétiens bâtissaient les temples du vrai Dieu¬

195 1721 1541 59 sur les ruines des autels païens ; nous ruinerons le rite d’Ionie.

195 1783 1547 71 De ce jour la religion sacrilège de la femme va chanceler et

198 1848 1535 71 périr; ce que le Mystère et l’Art avaient donné à cette Pandore,

198 1914 1544 68 le Mystère et l’Art le lui retirent par Notre voix.. Nous lui

198 1982 1544 62 ôtons le nimbe, don du poète; parce que l’Amour sexuel est né

198 2044 1541 68 de la volonté esthétique ; qu’il meure aujourd’hui dans les

198 2109 914 68 nobles âmes par cette même volonté.

249 2177 1495 63 Ce que Nous demandons à Nos Chevaliers, ce n’est pas le

198 2240 1422 65 vœu de chasteté physique, mais le vœu de viduité morale.

246 2305 1496 60 Certes, Nous proclamons la splendeur de la continence, mais

195 2370 1294 60 c’est le cour que Nous voulons sauver de la passion.

252 2433 1495 65 Nul ne verra parmi les lamentables fils du péché la terrible

201 2501 1546 59 menace de cette profération : et comme tout s’alchimise pour

198 2560 1546 68 la plus grande gloire de Dieu, le sourire et le rire qui nous

201 2631 1546 60 escorteront encore un temps serviront à masquer le danger

201 2696 1549 60 nouveau à ceux innombrables qui doivent mourir, pour que la

198 2753 1549 65 spiritualité triomphe. Il Nous a plu de ne pas écrire jusqu’ici le

198 2818 1552 63 mot de Magie, et cependant les véritables initiés reconnaîtront

198 2884 1546 70 la concordance totale de nos voies avec les voies hermé¬

201 2952 179 73 tiques.
