2175 3443
307 318 114 54 XXX

751 309 689 63 SALON DE LA ROSE † CROIX

361 407 1506 66 Maintenant, l'arcane du visionnaire va se réaliser : « les

301 473 1228 66 attractions sont proportionnelles aux destinées. »

364 542 1506 66 La Rose † Croix florit au seuil du Temple : les épées du

307 605 1555 63 vouloir étincellent parmi l’encens; la sainte colombo peut des¬

307 674 949 63 cendre sur le Graal qui déjà rougeoie.

364 737 1501 66 Hosannah, Rose † Croix! Hosannah, Templiers! Hosannah,

307 797 304 66 Chevaliers !

358 869 987 63 Soyez beaux, soyez forts, soyez subtils.

361 932 1202 66 Le Saint-Esprit va naître; le Saint-Esprit est né.

361 998 1498 60 Aux œuvres, aux vertus, aux prières! avec ce cri : Pour

304 1064 906 60 l'idéal! et CARO VERRRUM FACTUM EST.

361 1127 1498 66 — Ad Rosam per Crucem, ad Crucom per Rosam, in ca, in

304 1196 648 63 eis, gemmatus resurgam.

358 1253 1498 69 — Non nobis, non nobis, Domine, sed nominis tui gloriae

304 1322 298 63 soli. Amen.

355 1437 1507 66 Donné à Paris, sous le triple scel du Graal, du Beauséant

301 1503 1552 63 et de la Rose † Crucifère, en la fête de tous les saints de l’an

301 1566 602 69 de la Rédemption 1892.

355 1684 1498 69 Le Grand Maître de la Rose † Croix du Temple et du Graal.

1291 1827 467 72 SAR PELADAN.
