2070 3380
575 512 789 87 CONSTITUTIONES

267 684 1413 118 ROSE CRUCIS TEMPLI

925 890 81 50 ET

428 1005 1086 107 SPIRITIS SANCTI

809 1168 321 76 ORDINIS

242 1653 1498 67 I. — L’ordre laïque do LA ROSE † CROIX du TEMPLE et du

191 1718 1546 70 GRAAL est une confrérie do Charité intellectuelle, consacrée à

194 1791 1543 59 l’accomplissement des œuvres de miséricorde selon le SAINT¬

191 1850 1546 68 ESPRIT, dont il s’efforce d’augmenter la Gloire et de préparer

191 1918 251 62 le Règne.

245 1982 615 62 II. — Animiquement, II.

242 2044 1495 68 Donne faim et soit d’IDÉAL à ceux qui n’ont pour guides que

191 2112 1546 62 l'instinct et l’intérêt; et c’est l’orientation d’autrui vers la

191 2174 223 62 lumière.

245 2236 1489 65 Hospitalise les cœurs errants et indécis, les conforte et leur

194 2306 1359 60 révèle leur voie; et c’est le discernement des vocations.

256 2368 1484 62 Vêt de beauté et de possibilité les aspirations imparfaites ou

194 2433 1120 62 lasses; et c’est une correction des spécialités.

253 2495 1481 68 Visite les malades de la volonté et les guérit du vertige de

197 2565 1156 62 passivité, et c’est une cure de l’anémie morale.

245 2625 1495 70 Console les prisonniers do la nécessité matérielle et leur pro¬

197 2695 1244 59 cure la vie cérébrale; et c’est une charité mentale.

248 2757 1494 65 Rachète les captifs des préjugés et affranchit de l’opinion,

197 2825 1545 59 du pays, de la race; et c’est un accomplissement abstrait d’au¬

200 2887 118 62 trui.

250 2946 1490 76 Ensevelit les morts augustes dans de pieuses comnémora¬
