2276 3474
411 324 136 52 XXXII

854 309 692 61 SALON DE LA ROSE † CROIX

416 413 1550 67 tions et répare les torts du destin; et c’est de la sépulture idéale.

466 477 654 67 III. — Spirituellement, II.

466 541 1500 64 Instruit ceux qui ignorent les Normes de Beauté, de Charité

414 607 1555 67 et de Subtilité, suivant leurs fonctions; et c’est le Rectorat

408 671 307 67 intellectuel.

471 735 1498 64 Reprend chez tout détenteur du pouvoir social les attentats

414 801 1549 64 contre la Norme et la tradition; et c’est la surveillance Veh¬

414 874 182 61 mique.

466 932 1505 69 Conseille ceux qui sont en danger de pécher contre l’Esprit

414 998 1555 61 Saint en mésusant de leurs facultés ou de leur or; et c’est la

414 1065 547 61 correction fraternelle.

466 1123 1505 63 Console le Saint-Esprit de la bêtise humaine en éclairant

414 1192 1557 64 l’expérience par le mystère de la foi; et c’est un concordat entre

414 1259 602 66 la religion et la science.

469 1323 1502 60 Supporte personnellement tous les maux pour avoir le droit

414 1383 1468 64 de défendre l’idée; et c’est l’abnégation au profit du Verbe.

471 1456 1503 60 Pardonne à tous ses offenseurs, mais non pas aux offenseurs

416 1511 1547 66 de Beauté, Charité et Subtilité; et c’est la chevalerie des idées.

469 1580 1494 64 Prie les génies comme les saints et pratique l’admiration,

419 1647 1550 63 afin d’être illuminé; et c’est le point de rencontre entre la cul¬

425 1716 495 61 ture et la mystique.

469 1774 1502 67 IV. — L’Ordre diffère de tous ses devanciers par ses bases

419 1841 1552 63 qui sont : au lieu du principe de passivité, l’ndividualisme; au

414 1902 1068 63 lieu de l’élément animique, l’intellectualité.

480 1968 1489 67 V. — Il a trois vœux ; d’idéalité et c’est celui d’Écuyer : de

414 2029 1552 64 fidélité et c’est celui de Chevalier ; d’obéissance et c’est celui de

416 2095 357 64 Commandeur.

477 2159 1124 67 Vl. — L’Ordre a quatre buts individualistes :

469 2226 1505 66 1° La recherche de l’être d’exception, sa culture et son

414 2292 448 64 accomplissement.

466 2353 1505 67 2° Le cohortement des êtres d’exception on caste intellec¬

416 2417 171 64 tuelle.

466 2483 1503 67 3° Cette caste conquérant son existence indépendante de

416 2547 858 64 tout, sauf de l’orthodoxie romaine.

466 2614 1503 66 4° Cette existence indépendante de tout s’organisant dans

416 2680 1553 64 l’occident jusqu’à former un Etat à travers les Etats, en puis¬

416 2741 722 64 sance défensive de ses frères.

471 2805 1055 69 VII. — L’Ordre a un seul but animique :

469 2871 1497 67 Ruiner l’amour sexuel, la passion, et lui substituer l’abstrait

414 2938 585 67 et ses rites esthétiques.
