8074 12264
3933 641 4321 811 1019
753 1009 1338 1078 M.36
937 903 3752 1272 MALAKOFF (Avenue de) 63-64
900 1424 3362 1577 1-3 Second, Paris, av. Malakoff, 1.
891 1597 2607 1786 5 Entrée av. Eylau, 4.
887 1769 3857 1944 7 Aldrophe (Vve), Paris, av. Malakoff, 7.
890 1945 3860 2118 9 Legrand (Vve), Paris, av. Malakoff, 9.
814 2117 4023 2296 11 La Hamayde (de), gér. Bouts, Paris, r.
1322 2289 2275 2485 Pasquier, 13.
816 2463 3410 2643 13 Mouffle, Paris, r. Boissière, 26.
811 2633 3595 2816 17 Pradeau, Paris, av. Trocadéro, 12.
804 2807 3361 2959 21 Stalin, Paris, av. Malakoff, 21.
801 2982 3598 3158 23-25 Bertaux, Paris, av. Malakoff, 40.
801 3156 4023 3342 27 Yerles (Vve), gér. Verhaëghe, Paris, r.
1309 3324 2304 3503 Sts-Pères, 16.
800 3498 4037 3635 29 Jullemier, Montreuil s./B., boul. Hôtel de
1308 3671 2514 3872 Ville, 60 (Seine).
803 3842 3702 3992 31 Montgelard, Paris, av. Malakoff, 31.
800 4016 3142 4161 33 Lainé, Paris, av. Kléber, 73.
800 4191 3682 4342 35 Masbeuf, Paris, r. Victor Massé, 31.
799 4355 3633 4544 37 Angerville, Paris, av. Malakoff, 37.
804 4537 2825 4687 39 Entrée r. Lauriston, 95.
796 4710 2982 4857 41-43 Entrée r. St-Didier, 27.
797 4885 3255 5030 45-47 Préault, Paris, r. Galilée, 4.
795 5056 3137 5202 49 Dezère, Paris, r. Ecoles, 16.
797 5232 4030 5374 s. n° Naud et Cie, Paris, r. Mogador prolongée, 4.
796 5398 3295 5578 57 Cotta, Paris, av. Malakoff, 57.
797 5572 3321 5721 59 Nobel, Paris, av. Malakoff, 59.
798 5745 3516 5893 61 Hontang, Paris, av. Malakoff, 61.
799 5914 3410 6068 63 Dubost, Paris, av. Malakoff, 63.
799 6093 4032 6264 65 Cramaix, gér. Vincent, Paris, av. Villiers,
1319 6264 1574 6416 63.
799 6438 3508 6660 67 Bail, Paris, av. Victor Hugo, 51.
804 6624 4030 6783 69 à 77 Picard (Vve), Paris, fg Poissonnière, 58.
2288 6945 2963 6960 79-81 Fould, Paris, av. Iéna, 62
801 6953 3342 7126 83 Bar (de), Paris, r. Boissière, 45.
798 7126 3631 7301 85 Franck, Paris, av. Henri Martin, 2.
802 7300 4035 7479 89 à 99 Sté « Foncière Lyonnaise », Paris,
1310 7472 2829 7619 boul. des Italiens, 19.
737 7637 3426 7794 105 Evans, Paris, av. Malakoff, 105.
733 7807 4028 7967 117 Bouasse-Lebel (Mme), Parc-St-Maur, av.
1315 7988 2025 8167 Nord, 33.
742 8154 3501 8312 119 Groult, Paris, av. Malakoff, 119.
732 8324 3825 8500 121 Labourdette, Paris, av. Malakoff, 121.
2696 8672 3605 8683 123 à 129 Kellner, Paris, av. Malakoff, 125.
739 8672 4034 8829 131-133 Gamburg, Paris, r. Montalivet, 12.
735 8842 3416 8999 135 Fortune, Paris, r. St-Fiacre, 12.
740 9009 3895 9171 137 Gatines (des), Paris, av. Malakoff, 137.
740 9193 4039 9370 139 Pourtalès (Cte de), Paris, boul. Haussmann,
1335 9368 1661 9518 149.
739 9524 4038 9684 141 Prestrot, Paris, g lerie Montpensier, 3-4.
750 9698 3698 9855 143 Philippon, Paris, av. Malakoff, 143.
740 9864 3796 10030 145 Baudenier (Vve), Paris, r. Meslay, 38.
746 10038 3324 10226 147 Couriot, Paris, r. Grenelle, 49.
744 10209 2720 10393 153 Entrée villa Redan, 1.
2635 10554 3897 10568 155 Faubert (Vve), Paris, av. Gde-Armée, 78.
748 10555 3973 10711 157 Cassard (Vve), Paris, av. Malakoff, 157.
749 10699 4044 10885 159 Naud et Cie, Paris, r. Mogador prolongée, 4.
4229 899 7524 1056 161 Faubert (Vve), Paris, av. Gde-Armée, 78.
4385 1077 7317 1231 2 Lhermeront, Paris, boul. Voltaire, 75.
4379 1246 7525 1390 4 à 20 Cie des Omnibus, Paris, r. St-Honoré, 155.
4294 1416 7300 1564 22 Berthon (Mme), Paris, r. Decamps, 57.
4297 1589 6578 1788 24 Entrée r. Longchamps, 62.
4294 1766 7214 1910 26 à 30 Clément, Paris, av. Malakoff, 28.
4294 1939 7094 2085 32 Barbier, Paris, r. Magdebourg, 22.
4294 2112 6818 2256 34 Vassal, Paris, r. Lauriston, 95.
4294 2286 7527 2429 36 Biron, gér. Bertaux, Paris, av. Malakoff, 40.
4295 2472 7075 2634 38-40 Bertaux, Paris, av. Malakoff, 40.
4290 2674 6967 2825 42 Bertaux (E.), Paris, r. Passy, 27.
4290 2805 6559 2985 46-48 Entrée r. Lauriston, 108.
4297 2979 6920 3132 50 Célerier, Paris, quai Debilly, 54.
4293 3153 6697 3306 52 à 56 Congron du St-Sacrement.
4289 3320 7010 3464 58 Heurtaut, Paris, av. Malakoff, 58.
4295 3497 6580 3641 60 Rueff, Paris, r. Aumale, 16.
4295 3666 7533 3864 66-66bis Sté Immeubles « St-Honoré d’Eylau »,
4809 3844 6632 4037 gér. Ruef, r. Aumale, 16.
4291 4019 6582 4180 s. n° Cottin, Paris, r. Royale, 9.
4293 4188 7353 4338 s. n° Roger (Bon), Paris, r. La Boëtie, 111.
4292 4371 7183 4511 86 à 92 Leblanc, Paris, av. Malakoff, 88.
4292 4540 7071 4680 94 Pastureau, Paris, av. Malakoff, 94.
4294 4716 7304 4856 96-98 Lévy, père, Paris, av. Malakoff, 98.
4223 4889 6920 5033 100 Cohen, Paris, av. Malakoff, 100.
4224 5057 7536 5224 102 Yourièvsky (Pesse de), Paris, av. Malakoff,
4825 5233 5151 5381 102.
4225 5403 7537 5595 104 Pillet-Will (Cte de), Paris, fg St-Honoré, 31.
4225 5567 7541 5726 110 Salignac-Fénelon (Cte de), Paris, av. Mala¬
4805 5749 5506 5922 koff, 110.
4231 5918 7538 6070 112-114 Bonnemains (de), Paris, r. Lapérouse, 2.
4230 6089 7051 6315 116 Castellane, Paris, av. Bosquet, 40.
4224 6260 7539 6413 124 Creuzé de Lesser (Bon), Paris, r. Volney, 12.
4229 6434 7550 6610 126-128 Lévy-Michel, Paris, av. Malakoff, 126
4224 6617 7223 6778 130-132 Abadie, Paris, av. Malakoff, 132.
4229 6784 7000 6934 134 Plisson, Paris, av. Malakoff, 134.
4211 6960 7541 7137 s. n° Cie des voitures, Paris, pl. Théâtre-Français,
4734 7138 4891 7283 1.
4232 7304 7247 7448 138 Méry-Picard, Paris, r. Pergolèse, 20.
4227 7477 7159 7624 140 Malespina, Paris, av. Malakoff, 140.
4227 7642 7539 7799 142 s. n° Méry-Picard, Paris, r. Pergolèse, 20.
4227 7825 7230 7993 144 Houdin, Paris, r. Louis-le-Grand, 9.
4230 7992 7542 8162 146 Gheest (Mme de), Paris, av. Bois de Boulogne,
4815 8170 4982 8318 3.
4238 8337 7108 8485 148-150 Duplan, Paris, r. Pyramides, 2.
4236 8511 7539 8657 152 Pottier (Vve), Paris, boul. Madeleine 21.
4231 8687 7542 8831 154 Daguenet et Suchel, Paris, r. Clichy, 58.
4240 8851 7539 9003 156 Pottier (Vve), Paris, boul. Madeleine, 21.
4239 9028 7455 9174 158 Peyroux, Neuilly s/S., r. Montrosier, 3.
4241 9201 6819 9365 160-162 Entrée av. Gde-Armée, 87.
4243 9373 6579 9521 166 Entrée av. Gde-Armée, 89.
4229 9742 7050 9933 M.38 MALAQUAIS (Quai) 24
4404 10060 7081 10232 1 Firmin-Didot, Paris, r. Jacob, 56.
4397 10228 7548 10421 3 Ladreit de la Charrière, Paris, q. Malaquais,
4819 10404 4988 10554 3.
4396 10570 7548 10762 5 Piriou (Mme), Versailles, r. Béthume, 14
4806 10680 5512 10949 (S.-O.).
