2117 3463
777 470 986 512 — 5 —

357 548 1407 620 M. CASSE, peintre, rue Stanislas, 20.

227 638 1077 708 29. Le Christ (C.), (miniature).

229 715 1406 780 30. Portraits des enfants de M. B....., idem.

225 798 1540 869 31. Idem de Mme C..., de MM. M.....,B.....,

427 884 1108 951 G..... C.....(miniature).

495 982 1256 1045 Mme CHARMEIL, de Metz.

231 1070 1192 1139 32. Bouquet de pensées, (aquarelle).

231 1152 1005 1215 33. Idem d’anémones, idem.

428 1220 1335 1296 Mme ADÈLE C....., à Lunéville.

230 1311 1535 1376 Neuf tableaux de fleurs (aquarelle), sous les nos

296 1392 1381 1460 34, 35, 36, 37, 38, 39, 40, 41 et 42.

413 1483 1350 1547 M. CRAS, rue Chapelrue, à Metz.

232 1565 931 1629 43. Le Repos des bandits.

231 1645 1534 1710 44. Scène du bateau à vapeur, le 18 octobre 1841,

427 1710 615 1758 à Metz.

352 1798 1413 1863 M. DEDOME, rue St-Julien, à Nancy.

230 1887 1147 1951 45. Portrait en pied de Mlle P.....

234 1967 924 2015 46. Idem de M. Ed. P.....

234 2049 933 2096 47. Portrait de M. O......

236 2128 857 2177 48. Idem de M. S......

238 2215 1541 2280 M. DEMANGE, Grande-Rue (ville vieille), 76.

237 2307 1546 2372 49. Copie d’une tête de vieillard, (C.) (miniature.)

238 2387 1219 2453 50. Tête, d’après Rubens, (C.) idem.

240 2468 1109 2532 51. Etude de vieillard (C.) idem.

239 2549 1081 2599 52. Portrait de M. D..... idem.

231 2634 1550 2705 53. Idem de Mme la comtesse de L... (C.) d’après

415 2716 1500 2788 un tableau à l’huile du Musée de Nancy.
