1625 2570
615 462 993 515 EXPLICATION

361 550 1245 586 DES LETTRES ATTACHÉES AUX TABLEAUX.

407 633 1203 661 NB. Les numéros sur papier gris sont les seuls qui s'appliquent

655 674 956 700 à la présente exposition.

551 944 1062 996 OBJETS D’ART

356 1062 1254 1113 EXPOSÉS A STRASBOURG.

327 1341 663 1377 AMMAN, Charles.

405 1394 590 1430 Strasbourg.

388 1446 1121 1486 1. Andromaque de Rochegrosse (Salon

487 1498 1122 1539 de 1883), d’après une reproduction

487 1552 826 1582 du Journal illustré.

327 1616 906 1656 ANTHONISSEN, Louis-Joseph.

409 1671 681 1707 Belge. — Paris.

386 1723 1282 1755 2. Les raisins. . . . . . . . . . . . fr. 1000

387 1775 1281 1814 3. Effet de neige. . . . . . . . . . . 300

388 1828 1282 1860 4. Effet de soir dans les Flandres. . . 150

327 1888 685 1931 d’AVRIL, Édouard.

410 1947 558 1975 Grenoble.

389 1998 1282 2036 5. Le passage du ruisseau. . . . . . 1000

389 2049 1282 2081 6. Un lavoir. . . . . . . . . . . . . 600
