2550 3299
669 264 923 307 Sala VII.

687 377 2063 419 umili ricami domestici alle facciate dei castelli padronali del

685 437 2066 481 secolo XVII, quando il regime nazionale dei principi di Tran-

686 496 2063 539 silvania fece sbocciare la rinascenza ungherese. Questi motivi,

687 557 2066 600 pur non raggiungendo il garbo elegante e la ricercata finezza

686 616 2063 660 dei capilavori del Rinascimento, hanno il duplice vantaggio di

690 677 2065 721 possedere una chiara impronta paesana e di rispecchiare fedel¬

688 736 2066 781 mente l’anima del popolo. Così il concetto ornamentale del fregio

689 797 2067 840 e delle nicchie per la nostra Sala venne suggerito da certi an¬

687 856 2065 891 tichi mattoni da focolare che si trovano in una vecchia curio¬

684 914 2065 958 sissima casa a Kis-Borosnyò, nella contea di Hàromszék. Que¬

686 974 2062 1016 sti mattoni, avanzi di una industria nella quale i vasai magiari

687 1032 2063 1076 eccelsero per ben quattro secoli, sono così numerosi e così vari

687 1094 2003 1134 da formare una vera sintesi dell’ornamentazione ungherese.

778 1152 2066 1195 Scegliemmo l’oro quale fondo dell’ intiera sala poiché

692 1213 2066 1255 — prescindendo dall’ impressione decorativa sì favorevole alle

685 1272 2066 1314 opere — esso ci parve rievocare, insieme all’ argento e all’ori¬

688 1331 2067 1374 fìcieria, la gloria del paese, ricco di preziosi metalli e di indu¬

687 1391 948 1432 strie gentili.

782 1450 2064 1492 La pittura e la scultura debbono il loro progredire alla

686 1509 2068 1552 «Società di belle arti», sempre generosamente assistita dal Go¬

690 1570 2066 1609 verno, mentre le arti minori trovarono valido e disinteressato

690 1629 2069 1670 appoggio nella «Società d’Arte decorativa» e nel «R. Museo

687 1688 1114 1722 d’Arte decorativa».

778 1749 2064 1791 E pur tacendo dei quadri, delle statue, degli oggetti qui

691 1808 2066 1851 esposti, dobbiamo notare che l’arte contemporanea ungherese

687 1869 2067 1911 segue con passo sicuro il movimento moderno, pur non dimen¬

688 1927 2065 1969 ticando quegli speciali caratteri che l’avvincono alle care tra¬

689 1986 1033 2028 dizioni paesane.

784 2046 2068 2089 Infine ci è doveroso rammentare la cordiale spontanea col¬

690 2106 2068 2148 laborazione dei nostri compatrioti, sempre disposti al sacrifìcio

685 2166 2065 2209 quando l’onore nazionale lo richieda. Così, anche questa volta,

689 2226 2068 2269 i marmi del cammino e dello zoccolo, provenienti dalle cave

686 2285 2066 2327 di Soborsin vennero forniti, al prezzo di costo, dallo scultore

693 2346 1040 2378 Nicolas Seidner.

1156 2407 1867 2447 I delegati del governo ungherese

905 2482 2088 2538 BERTALAN KARLOVSZKY - JENÖ dE RADISICS

1203 2554 1797 2600 MIKLÒS SZMRECSÀNYl
