1759 3127
311 341 367 383 38

820 354 1052 384 PEINTURE.

435 436 1562 481 la robe de la torture, elle vient de subir une première

435 480 1563 522 épreuve, et est menacée de celle du feu si elle persiste en¬

438 521 1083 554 core à ne faire aucune révélation.

1059 564 1447 606 (Histoire de Venise.)

527 604 908 639 H. 2, 45. — L. 2, 98.

1228 642 1520 683 (Salon de 1847.)

307 724 1560 773 WATELET (LOUIS-ÉTIENNE), né à Paris, chevalier de la

360 777 964 829 Légion-d’Honneur en 1825.

302 844 1325 891 184. Paysage d’après des études faites en Savoie.

517 905 862 939 H. 1, 44. — L. 1, 94.

1222 941 1515 983 (Salon de 1833.)

307 1020 1553 1076 ZIEGLER (CLAUDE-JULES), né à Langres (Haute-Marne),

364 1075 1551 1129 en 1804; chevalier de la Légion-d'Honneur en 1838,

359 1132 691 1172 mort en 1856.

306 1198 1292 1244 185. Le jeune Giotto dans l’atelier de Cimabuë.

468 1258 1553 1299 Cimabuë, peintre florentin, rencontra dans une de ses

427 1300 1553 1341 promenades le jeune Giotto s’amusant à dessiner une chè¬

428 1342 1553 1383 vre du troupeau qu’il gardait, et l’engagea à venir à Flo¬

429 1383 1552 1424 rence étudier la peinture. Giotto arriva un jour dans l’a¬

425 1425 1549 1465 telier de Cimabuë, et à la vue de ses admirables ouvrages

425 1466 1548 1508 il lui vint, pour la première fois, une idée sérieuse de la

424 1508 1551 1550 peinture. Giotto fut depuis un des peintres les plus célè¬

420 1550 708 1583 bres de l’Italie.

507 1604 1186 1640 H. 2, 05. — L. 1, 30. — Fig. gr. nat.

292 1680 816 1717 186. Vision de saint Luc.

1204 1640 1502 1681 (Salon de 1833.)

505 1742 1167 1778 H. 2,95. — L. 2, 10. — Fig. gr. nat.

1206 1778 1503 1819 (Salon de 1839.)

291 1857 1538 1912 ZIEM (FÉLIX), né à Beaune (Côte-d’Or), chevalier de la

350 1912 959 1963 Légion-d'Honneur en 1857.

287 1977 726 2014 187. Vue de Venise.

500 2050 874 2083 H. 1, 78. - L. 2. 60.

1213 2086 1497 2128 (Salon de 1852).

284 2164 1536 2221 ZO (ACHILLE), né à Bayonne (Basses-Pyrénées), élève de

343 2220 701 2260 M. T. Couture.

286 2286 1328 2335 188. L’Aveugle de la porte Doce Cantos, à Tolède.

498 2347 1148 2384 H. 1, 12. — L. 0, 80. — Fig. de 0, 40.

1197 2384 1484 2424 (Salon de 1863.)
