1062 2361
17 114 217 155 SUEDE

401 244 699 278 PHOTOGRAPHIE

140 320 958 369 Anders PETERSEN, né en 1944 à Stockholm (Suède).

110 369 897 414 1 D’un quartier de Reperbahn, 1968 (noir et blanc).

108 403 898 448 2 D’un quartier de Reperbahn, 1968 (noir et blanc).

109 437 897 481 3 D’un quartier de Reperbahn, 1968 (noir et blanc).

109 470 898 514 4 D'un quartier de Reperbahn, 1968 (noir et blanc).

108 504 897 547 5 D’un quartier de Reperbahn, 1968 (noir et blanc).

109 537 897 580 6 D'un quartier de Reperbahn, 1968 (noir et blanc).

341 651 742 687 GROUPE D’ARTISTES

106 727 957 772 7 PUSS (BISE)<.b>, 1969 (4 écrans, 225 x 325, montage de

138 762 475 795 dessins et de textes).

140 812 344 846 Responsable :

139 853 898 895 Lena SVEDBERG, née en 1946 à Göteborg (Suède).

137 895 958 937 Carl-Johan DE GEER, né en 1938 à Montréal (Canada).

138 929 475 959 Dessinateur-rédacteur.

138 970 920 1010 Lars HILLERSBERG, né en 1937 à Gnesta (Suède).

138 1004 475 1034 Dessinateur-rédacteur.

138 1045 959 1086 Ulf RAHMBERG, né en 1935 à Boras (Suède). Dessina¬

135 1079 356 1107 teur-rédacteur.

136 1119 958 1162 Peter WANGER, né en 1940 à Göteborg (Suède). Rédac¬

134 1155 201 1180 teur.

495 1243 583 1273 FILM

136 1313 960 1360 Erling JOHANSSON, né en 1935 à Stockholm (Suède).

104 1362 961 1409 8 Anima mundi, 1967 (noir et blanc). Fri-film produktion,

135 1403 300 1431 Stockholm.

79 2312 124 2338 116
