1928 2991
824 393 988 425 — 77 —

302 494 1531 545 COUSTURIER (Mme Henriette), née à Dijon (Côte¬

355 555 1172 607 d’Or). — 11, boulevard de Clichy.

436 685 1056 730 716 Des fleurs (peinture).

436 744 1506 790 717 Santa Maria dei Servi (Sienne), aquarelle.

434 803 1054 849 718 A Fiesole (aquarelle).

307 1032 1507 1085 COUTURIER (Claude), né à Paris. — 33, rue de

350 1093 1054 1144 Longchamp, Neuilly-sur-Seine.

367 1222 1508 1270 719 La Roseraie du faune (coin de parc aban¬

605 1283 761 1327 donné).

429 1341 934 1382 720 Fleurs de Nice.

431 1400 1044 1446 721 Au bois de Boulogne.

307 1629 1510 1686 CREED (Ninette), née à Paris. — 1, avenue Jules-

353 1691 585 1738 Janin, 16e.

433 1819 943 1861 722 Etude de fleurs.

432 1879 888 1921 723 Etude de tête.

433 1938 658 1980 724 Nu.

308 2155 1509 2215 CSAKY (Joseph-A.), né en Hongrie. — 3 bis, place

356 2219 766 2266 de la Sorbonne, 6e.

440 2348 1199 2398 725 Groupe de femmes (plâtre).

438 2407 1115 2456 726 Tête de femme (plâtre).
