1536 2700
581 184 754 248 ( 25 )

203 278 1226 333 tent les corps des fils de Brutus. Une des jeunes

206 349 1226 402 filles se cache le visage pour ne pas voir cet

206 417 1227 470 affreux spectacle; sa sœur, qui n’a pu le sup¬

207 486 741 539 porter, tombe évanouie.

100 631 1066 682 22. Bélisaire demandant l’aumône.

263 761 1229 816 On dit que Bélisaire, fameux général, après

208 831 1231 882 avoir assuré la paix de l’empire romain par

209 898 1230 949 ses victoires, devint bientôt victime de la ja¬

213 967 1228 1019 lousie et de l’intrigue. Il perdit son crédit à la

212 1034 1231 1087 cour de l’empereur Justinien, qui, oubliant

211 1104 1230 1157 les services qu’il avoit rendus à l’état, lui fit

212 1172 1226 1225 brûler les yeux. Ce vieux guerrier, réduit à la

209 1241 1230 1293 mendicité, parcouroit les rues de Constanti¬

212 1309 1128 1361 nople en implorant la pitié des passants.

263 1378 1228 1430 Il est représenté assis au pied d’un arc de

209 1445 1205 1500 triomphe qui rappelle ses glorieux exploits

206 1514 1225 1570 il tient entre ses bras un jeune enfant qui lui

206 1583 1225 1635 sert de conducteur, et qui reçoit dans un cas¬

210 1650 1227 1703 que l’aumône que lui donne une femme tou¬

211 1718 1227 1771 chée de compassion. Le bâton de Bélisaire

212 1789 1225 1839 est appuyé sur une pierre où on lit ces mots :

210 1856 1223 1897 Date obolum Belisario. Donnez une obole à

207 1926 411 1964 Bélisaire.

263 1993 1225 2049 Sur le second plan on voit un soldat qui,

204 2062 1224 2117 reconnoissant son général, paroît aussi surpris

204 2129 976 2183 qu’ému de cet affligeant spectacle.

262 2199 1156 2250 On aperçoit au fond divers monuments.

987 2267 1016 2317 3
