1086 2373
183 80 714 126 FILMS SUR L'ART

241 422 1074 479 Les films sur l'Art seront projetés tous les jours de 16 à 18 h

237 456 923 500 dans le cadre du Théâtre d'Essai de la Biennale.

238 490 1075 545 Pour le programme détaillé de chaque séance, se reporter au

237 524 1075 578 Calendrier de la Biennale et au tableau d'affichage à l'entrée du

233 557 460 587 Théâtre d'Essai.

158 827 850 871 REPUBLIQUE FEDERALE D’ALLEMAGNE

229 912 1014 961 Peter SCHAMONI, né en 1934 à Berlin (Allemagne).

225 946 1076 994 Voyage de découvertes sans savoir, 1963. Internationes e.V.

228 980 311 1006 Bonn.

153 1110 333 1142 AUTRICHE

225 1195 941 1241 Ferry RADAX, né en 1932 à Vienne (Autriche).

223 1229 920 1274 En marge, 1963 (noir). Victor N. Cohen, Zurich.

223 1262 807 1305 Hundertwasser, 1965 (noir et couleurs).

150 1350 266 1382 BRESIL

219 1434 1074 1480 Paulo Gil de ANDRADE SOARES, né en 1935 à Salvador

222 1470 338 1502 (Brésil).

218 1504 713 1544 Histoire du Cangaço, 1965 (noir).

141 1632 302 1665 CANADA

215 1718 997 1767 Marcel CARRIERE, né en 1934 à Québec (Canada).

210 1750 1070 1802 Villeneuve, peintre-barbier, 1964. Office national du Film

211 1788 326 1816 Canada.

209 1843 1018 1893 Jacques GODBOUT, né en 1933 à Montréal (Canada).

211 1874 1075 1929 Le monde va nous prendre pour des sauvages, 1963. Office

211 1913 585 1950 National du Film, Canada.

141 2028 305 2062 ESPAGNE

207 2114 1074 2166 Antonio MERCERO JULDAIN, né en 1936 à Lasarte

212 2151 366 2186 (Espagne).

205 2180 1028 2232 Trotin troteras, 1962. Ecole Officielle de cinéma, Madrid.

214 2246 253 2268 174
