1799 3134
218 363 1332 438 CARTONS, DESSINS, MINIATURES

555 466 982 521 ET PASTELS.

142 720 816 782 ALIGNY (TH. D’). (Voir page 1).

142 795 993 858 189. Vue de Genazzano (États-Romains).

304 864 965 912 Dessin à la plume exécuté en 1835.

139 929 899 985 190. Rochers et Châtaigniers; élude.

259 991 1337 1046 Dessin à la plume, exécuté à Royat (Auvergne), en 1838.

134 1073 624 1126 BELLEL. (Voir page 4).

137 1139 879 1195 191. Vallée de Saint-Amé (Vosges).

318 1203 644 1239 Dessin au fusain.

134 1279 742 1342 BENOUVILLE. (Voir page 5.)

135 1359 847 1417 192. Martyrs conduits au supplice.

312 1424 704 1470 Dessin à l’aquarelle.

1054 1476 1339 1519 (Salon de 1852.)

129 1543 1374 1613 BIDA (ALEXANDRE) , né à Toulouse (Haute-Garonne),

177 1596 1381 1665 élève d'Eugène Delacroix, chevalier de la Légion¬

180 1650 612 1700 d’Honneur en 1855.

127 1727 803 1784 193. Réfectoire de moines grecs.

316 1791 745 1837 Dessin au crayon noir.

1043 1845 1338 1886 (Salon de 1857.)

128 1897 816 1952 194. L’Appel du soir, en Crimée.

316 1960 734 2005 Dessin au crayon noir.

1026 2012 1328 2056 (Salon de 1857.)

123 2052 895 2108 195. Le Champ de Booz, a Bethléem.

307 2115 728 2162 Dessin au crayon noir.

1037 2169 1330 2212 (Salon de 1861.)

117 2226 636 2281 COUDER. (Voir page 10.)

119 2299 908 2359 196. Notre-Dame-des-Sept-Douleurs.

331 2376 1371 2429 Dessin aux crayons noir et blanc sur papier gris, pour l'exé¬

296 2413 1372 2464 cution des peintures qui décorent la chapelle du Saint-Sé¬

297 2447 1163 2495 pulcre dans l’église Saint-Germain-l’Auxerrois
