2139 3475
768 455 976 498 — 7 —

420 529 1325 602 M. GÉNY (ALEXANDRE), à Nancy.

227 632 1525 696 70. Portrait de M le baron d’A...... (aqua¬

466 705 615 758 relle).

228 783 931 835 71. Idem de Mlles D.......

231 864 885 915 72. Idem de Mlle B......

258 959 1498 1027 M. GEORGES (VICTOR), rue Notre-Dame, 9.

234 1123 1209 1176 73. Portraits de M. et Mlle de V......

233 1205 1070 1273 74. Portrait de Henry de L......

235 1282 1531 1351 75. L’Adoration des Mages, de Paul Véronèze,

425 1369 943 1433 d’après une gravure.

453 1456 1324 1530 M. GÉRARD, rue de Metz, 22.

237 1556 957 1608 76. Portrait de M. de J......

238 1636 1541 1704 77. Sœur Urgueth dite Petelot, scène d’intérieur.

367 1736 1411 1799 M. DE SAINT-GERMAIN, à Nancy.

236 1830 1543 1900 78. Partie supérieure du village de Lorèche-les¬

425 1914 1284 1980 Bains, canton de Valais (Suisse).

469 2020 1309 2084 M. PAUL GOMIEN, à Paris.

237 2119 1468 2188 79. Portrait de Mme Maria D...... (miniature).

239 2201 1270 2254 80. Idem de M. le vicomte C...... id.

239 2282 1557 2348 81. Idem de Mme C. B....... (miniature à

446 2348 639 2413 l’huile).

371 2446 1424 2521 Mlle SOPHIE GRIMBLOT, à Nancy,

594 2530 1200 2583 Elève de M. Hussenot.

237 2633 1570 2691 82. Judith et Holopherne (d'après le tableau de

442 2695 954 2758 M. Horace Vernet).
