2101 3417
874 316 1114 382 — 11 —

279 435 1699 507 THORELLE (J.-J.) peintre et professeur de dessin, rue Saint¬

808 516 1162 578 Georges, 7 bis.

285 598 1700 671 126. L’arrivée de Jacob en Égypte, (dessin à la plume et à

462 689 846 735 l'encre de Chine.

326 773 1701 833 28. « Or, Jacob envoya Juda devant lui vers Joseph, pour l’aver¬

281 837 1698 899 « tir de sa venue , afin qu’il vint au-devant de lui dans la terre de

282 911 473 949 « Gessen.

327 967 1698 1028 29. « Quand Jacob y fut arrivé, Joseph fit mettre les chevaux à

286 1033 1699 1093 « son charriot, et vint au même lieu au-devant de son père, et le

282 1105 1432 1157 « voyant il se jeta à son cou et l’embrassa en pleurant. »

1215 1170 1524 1218 (GENÈSE XLVI).

285 1248 1698 1317 127. Le Pater, genre de peinture manuscrite sur peau de

520 1332 644 1376 vélin.

287 1402 782 1450 128. Salvator mundi.

284 1475 1694 1541 129. La Vierge, l’enfant Jésus et Saint Jean, peint sur bois.

284 1555 694 1604 130. Andromède.

338 1648 1700 1702 « Andromède, fille de Céphée, roi d’Ethiopie et de Cassiope, qui

284 1715 1700 1767 « eut assez de témérité pour disputer de beauté avec Junon et les

282 1777 1701 1833 « Néréïdes. Junon, pour la punir, condamna Andromède à être

284 1840 1700 1898 « liée par les Néréïdes avec des chaînes et exposée sur un rocher à

281 1911 1703 1962 « un monstre marin; mais Persée, monté sur le cheval Pégase, pé¬

281 1972 1701 2017 « trifia le monstre en lui montrant la tête de Méduse et délivra An¬

283 2038 1701 2094 « dromède, qu’il rendit à son père, lequel, en reconnaissance, la

286 2102 810 2154 « lui donna en mariage. »

288 2186 1127 2250 131. Ecce Homo, (encre de Chine).

288 2262 770 2310 132. Mater dolorosa.

284 2339 1058 2403 133. La prédication, (intérieur).

285 2414 1256 2475 134. La procession dans le cloître, idem.

855 2525 1135 2572 WAULTRIN.

288 2613 1513 2675 135. Vue prise au vieux Château, environs de Bade.

289 2690 1203 2741 136. Entrée du vieux Château de Bade.

286 2765 938 2815 137. Promenade en bateau.
