1062 2361
46 82 326 122 SENEGAL

217 465 911 512 Commissaire général : Papa Ibra Tall

217 516 975 561 Directeur de la Manufacture Nationale de Tapisse¬

217 549 594 586 rie du Sénégal à Thiès.

159 683 953 726 Papa Ibra TALL, né en 1935 à Tivaouane (Sénégal).

129 733 842 772 1 Point de non retour à John Coltrane, 1968

160 768 431 802 (huile, 195 x 195).

127 809 866 851 2 Pour un héros de la nouvelle Afrique, 1969

159 843 427 877 (huile, 195 x 195).

125 885 874 925 3 La route des Caraïbes, 1969 (huile, 130 x 195).

91 2284 137 2311 114
