2089 3155
1002 462 1228 501 — 80 —

683 547 1672 602 SIMON (Pierre-Paul), élève de L. O. Merson,

730 598 971 633 né à Reims.

731 657 1320 703 Reims, 53, rue de l’Université.

519 726 1166 777 718 — Jeune Romaine (étude).

517 775 1213 824 719 — Matelot pêcheur d’Etretat.

685 894 1667 951 SIMONNET (Lucien), elève de G. Boulanger,

733 943 1502 993 et de Nozal et J. Lefebvre, né à Paris.

729 1003 1241 1050 Sèvres, 3, rue des Rouillis.

517 1075 1138 1123 720 — Moutons sur la falaise.

516 1124 1194 1172 721 — Le côteau de la Monesse.

517 1171 930 1218 722 — Le ruisseau.

683 1292 1667 1343 SOHET (Raoul), élève de L. Gérôme et J. Bas-

730 1341 1510 1392 tien Lepage, né à Damvillers (Meuse).

728 1401 1350 1448 Nancy, 28, rue des Dominicains.

513 1478 1206 1527 723 — Saint-Jean-Baptiste, étude.

515 1526 1165 1576 724 — Paysage. id.

516 1574 1098 1622 725 — Portrait de Mme S...

680 1694 1409 1744 SPRAUEL (Jules), né à Strasbourg.

726 1753 1249 1801 Nancy, rue de Mon-Désert.

510 1830 1052 1880 726 — Coin de Méréville.

676 1948 1657 2001 SYNDON (Léon), élève de Bonnat, né à Cahors.

722 2011 1357 2059 Paris, 55, due du Cherche-Midi.

513 2087 1122 2137 727 — Poires (nature morte).

675 2207 1359 2254 TAUZIN (Louis), né à Bordeaux.

725 2265 1659 2317 Bellevue (S.-et-O.), 4, sentier des Pierres-Blanches.

509 2342 1364 2393 728 — Les roches de Vallières, à Royan.

508 2391 1093 2443 729 — Sous bois à Meudon.
