2236 3268
1036 242 1255 282 — 17 —

599 356 1330 410 219 Le Loing à Sorques.

600 427 1234 480 220 Un coin à Episy.

599 498 1258 551 221 Le Loing à Episy.

420 740 1870 797 BURAT, Alice (Marie-Elisabeth), née à Paris. —

474 812 1206 866 8, place du Palais-Bourbon.

596 920 1873 974 222 Dessin à la plume, d’après un paysage

843 991 1207 1033 de Zuccarelli.

598 1061 1871 1105 223 Rendez-Vous de chasse. Dessin à la

845 1133 1022 1186 plume.

596 1202 1870 1256 224 Après le bombardement. Dessin à la

846 1272 1616 1327 plume d’après photographie.

596 1345 1808 1398 225 Un dessous de bois. Dessina la plume.

417 1571 1869 1628 CARRAZ, Emile, né à Paris. — 100, rue du Goulet, à

471 1647 819 1701 Noisy-le-Sec.

566 1756 1289 1817 *226 Ferme de Boucy.

566 1825 1692 1885 *227 Rivière des Prêtres (Charenton).

566 1888 1522 1968 *228 Gorge aux Loups (Fusain).

410 2110 1864 2163 CASAS, Ramon, né à Barcelone (Espagne). — 3, rue

473 2181 888 2234 Girardon, Paris.

560 2269 1119 2336 *229 Una Corrida.

564 2339 1435 2407 *230 Au Moulin de la Galette.

571 2423 1438 2478 *231 San Pere de Rindebilles.

560 2482 1325 2550 *232 Route de Barcelone.

554 2559 1031 2624 *233 Vallcarca.

565 2627 996 2690 *234 Toilette.

560 2696 946 2762 *235 Etude.
