1749 2481
776 383 904 408 — 43 —

408 463 785 502 30. — La Liseuse.

589 545 1013 583 Signé à droite : G. Courbet.

590 588 746 617 Sans date.

866 636 1227 675 T. — H. 0.60. L. 0.73.

589 716 1074 756 Appartient à M. Ad. Reitlinger.

403 870 923 913 31. — Femme endormie.

590 957 937 995 Sans signature ni date.

872 1035 1181 1072 T. — H. 0.64. L. 0.

413 1181 1010 1221 32. — Femme nue endormie.

590 1261 1202 1302 Signé à gauche : ..58. Gustave Courbet.

870 1317 1228 1348 T. — H. 0.50. L. 0.65.

590 1387 1060 1426 Appartient à M. Bischoffsheim.

407 1548 1291 1604 33. — La Sorcière, copie d’après Franz

615 1615 717 1650 Hals.

592 1694 1134 1735 Signé à gauche : ..69. G. Courbet.

589 1734 1292 1775 A droite, de la main du peintre, le mono¬

561 1774 1291 1815 gramme de Franz Hals, avec la date 1645, et au¬

576 1819 977 1858 dessous : Aix-la-Chapelle.

592 1870 1291 1912 Cette copie a été faite d’après le tableau ori¬

561 1911 1286 1953 ginal qui faisait partie de la galerie Suermondt.

865 1977 1228 2018 T. — H. 0.85. L. 0.69.
