1749 2481
843 362 924 388 42 —

435 440 1066 484 26. — Femme endormie, étude.

610 525 1056 560 Signé à gauche : G. Courbet.

880 593 1244 627 T. — H. 0.70. L. 0.94.

432 749 1138 794 27. — Une Dormeuse, tête d’étude.

607 831 1059 866 Signé à gauche : G. Courbet.

608 872 767 898 Sans date.

875 930 1245 966 T. — H. 0.57. L. 0.47.

611 1012 1053 1047 Appartient à M. Henri Hecht.

434 1173 1313 1220 28. — Emiiius, cheval de course du haras de

629 1231 776 1270 Saintes.

581 1305 1136 1339 Signé à gauche : Gustave Courbet.

610 1345 1308 1380 Le nom du cheval est écrit en haut, à gauche.

610 1403 1311 1438 Exposition particulière de 1867 : Émilius

579 1443 1248 1478 figure sur le catalogue avec la date de 1863.

880 1511 1247 1540 T. — H. 0.50, L. 0.60.

436 1670 1196 1717 29. — Le Petit poney écossais, étude.

610 1764 900 1798 Signé : G. Courbet.

610 1808 1101 1845 Exposition particulière de 1867.

883 1878 1248 1905 T. — H. 0.65. L. 0.81.

612 1962 1047 1999 Appartient à M. Henri Vion.
