1101 2361
242 472 963 522 Commissaire général : Kristian Romare

244 534 452 570 Critique d’art.

212 957 1039 1010 La participation suédoise à la Biennale de

161 999 1038 1049 Paris a été organisée par le Comité national

160 1042 1042 1094 pour les expositions d'art moderne à l’étranger

161 1085 1042 1127 et la sélection en a été confiée à Kristian Romare,

161 1125 1043 1175 critique d'art. En présentant un des collectifs

161 1169 1043 1216 artistiques les plus représentatifs, le groupe

164 1211 1047 1257 Puss, les responsables ont voulu souligner une

163 1252 1048 1299 tendance parmi les jeunes en Suède vers le

164 1294 1049 1340 travail d’équipe. Il ne s’agit plus, cependant,

166 1336 1050 1382 d’une intégration de l’art et de l’architecture

166 1377 1050 1423 ou d’une synthèse de l'art et de la technique,

168 1419 1051 1459 mais d’une démarche fondée sur des raisons

169 1461 1052 1507 idéologiques. A partir d’une critique du rôle

169 1503 1054 1547 de l'artiste individuel, ces jeunes se sont orien¬

169 1546 1052 1589 tés vers une activité sur l’opinion publique,

169 1588 1048 1632 les collectifs se composant souvent de « laïques »

168 1630 1052 1672 et d’artistes travaillant ensemble. Le groupe de

172 1672 1052 1715 Puss a trouvé la formule la plus traditionnelle

172 1716 793 1756 du collectif, celle d’une rédaction.

902 74 1094 133 SUEDE

226 1777 1053 1819 Hors du travail rédactionnel, Lars Hillersberg,

175 1818 1054 1862 Ulf Rahmberg et Lena Svedberg ont participé à

176 1860 1056 1904 l’exposition politique du parc d’attractions

177 1902 1058 1945 « Moment de plaisir » de RiksutstälIningar, expo¬

176 1943 1058 1987 sition nationale qui tourne en Suède. Lena Sved¬

177 1984 1058 2029 berg, responsable du groupe à la Sixième Bien¬

178 2026 1056 2070 nale, a exposé avec « Les Vilains » à Lund en

180 2066 1060 2112 1968 et à « Underground » en 1969. Anders Peter¬

179 2109 1059 2156 sen, photographe, a collaboré en 1969 à l’expo¬

179 2149 1058 2197 sition sociologique « La ville renvoyée » au Musée

182 2194 619 2235 municipal de Stockholm.

1018 2275 1068 2326 115
