<?xml version="1.0" encoding="UTF-8"?>
<PcGts xmlns="http://schema.primaresearch.org/PAGE/gts/pagecontent/2013-07-15" xmlns:xsi="http://www.w3.org/2001/XMLSchema-instance" xmlns:xs="http://www.w3.org/2001/XMLSchema" xmlns:pr="http://schema.primaresearch.org/PAGE/gts/pagecontent/2013-07-15" xsi:schemaLocation="http://schema.primaresearch.org/PAGE/gts/pagecontent/2013-07-15 http://schema.primaresearch.org/PAGE/gts/pagecontent/2013-07-15/pagecontent.xsd">
  <Metadata>
        <Creator>Transkribus</Creator>
        <Created>2020-06-08T12:31:22.047+02:00</Created>
        <LastChange>2020-06-10T20:47:28.698+02:00</LastChange>
        <Comments>
                Measurement unit: pixel
                PrimaryLanguage: English
                Language: FrenchStandard
                Producer: Transkribus
            </Comments>
        <TranskribusMetadata docId="405084" pageId="15719355" pageNr="6" tsid="31391156" status="DONE" userId="54377" imgUrl="https://files.transkribus.eu/Get?id=NJQHNJXASLEIJPQUDNTCRPMY&amp;fileType=view" xmlUrl="https://files.transkribus.eu/Get?id=AYUWABTAZDCRRFDUJCDWZNFX" imageId="11537876"/>
    </Metadata>
  <Page imageFilename="Cat_Rouen_1888_typo_0006.jpg" imageWidth="1955" imageHeight="3149">
    <PrintSpace>
            <Coords points="170,1 1929,1 1929,3006 170,3006"/>
        </PrintSpace>
    <ReadingOrder>
            <OrderedGroup id="ro_1604243294302" caption="Regions reading order">
                <RegionRefIndexed index="0" regionRef="r_1_1"/>
                <RegionRefIndexed index="1" regionRef="r_2_1"/>
                <RegionRefIndexed index="2" regionRef="r_3_1"/>
                <RegionRefIndexed index="3" regionRef="r_3_2"/>
                <RegionRefIndexed index="4" regionRef="r_3_3"/>
                <RegionRefIndexed index="5" regionRef="r_3_4"/>
                <RegionRefIndexed index="6" regionRef="r_3_5"/>
                <RegionRefIndexed index="7" regionRef="r_3_6"/>
                <RegionRefIndexed index="8" regionRef="r_3_7"/>
                <RegionRefIndexed index="9" regionRef="r_3_8"/>
                <RegionRefIndexed index="10" regionRef="r_3_9"/>
                <RegionRefIndexed index="11" regionRef="r_3_10"/>
                <RegionRefIndexed index="12" regionRef="r_3_11"/>
                <RegionRefIndexed index="13" regionRef="r_3_12"/>
                <RegionRefIndexed index="14" regionRef="r_3_13"/>
                <RegionRefIndexed index="15" regionRef="r_3_14"/>
                <RegionRefIndexed index="16" regionRef="r_3_15"/>
                <RegionRefIndexed index="17" regionRef="r_3_16"/>
                <RegionRefIndexed index="18" regionRef="r_3_17"/>
                <RegionRefIndexed index="19" regionRef="r_3_18"/>
                <RegionRefIndexed index="20" regionRef="r_3_19"/>
                <RegionRefIndexed index="21" regionRef="r_3_20"/>
                <RegionRefIndexed index="22" regionRef="r_4_1"/>
            </OrderedGroup>
        </ReadingOrder>
    <TextRegion type="paragraph" id="r_1_1" custom="readingOrder {index:0;}">
      <Coords points="489,477 555,477 555,513 489,513"/>
      <TextLine id="tl_1" primaryLanguage="English" custom="structure {type:default;} readingOrder {index:0;}">
        <Coords points="490,478 554,478 554,512 490,512"/>
        <Baseline points="490,511 554,512"/>
        <Word id="w_w2aab1b1b2b1b1ab1">
          <Coords points="490,478 554,478 554,512 490,512"/>
          <TextEquiv>
            <Unicode>104</Unicode>
          </TextEquiv>
          <TextStyle fontFamily="Times New Roman" fontSize="8.0"/>
        </Word>
      </TextLine>
    </TextRegion>
    <TextRegion type="paragraph" id="r_2_1" custom="readingOrder {index:1;}">
      <Coords points="1007,492 1185,492 1185,523 1007,523"/>
      <TextLine id="tl_2" primaryLanguage="English" custom="structure {type:default;} readingOrder {index:0;}">
        <Coords points="1008,493 1184,493 1184,522 1008,522"/>
        <Baseline points="1008,520 1183,520"/>
        <Word id="w_w2aab1b3b2b1b1ab1">
          <Coords points="1008,493 1184,493 1184,522 1008,522"/>
          <TextEquiv>
            <Unicode>DESSINS.</Unicode>
          </TextEquiv>
          <TextStyle fontFamily="Times New Roman" fontSize="6.0"/>
        </Word>
      </TextLine>
    </TextRegion>
    <TextRegion type="paragraph" id="r_3_1" custom="readingOrder {index:2;}">
      <Coords points="615,591 1697,591 1697,721 615,721"/>
      <TextLine id="tl_3" primaryLanguage="English" custom="structure {type:default;} readingOrder {index:0;}">
        <Coords points="616,592 1696,592 1696,648 616,648"/>
        <Baseline points="616,625 879,632 913,638 970,614 1402,641 1490,637 1524,637 1695,646"/>
        <Word id="w_w2aab1b5b2b1b1ab1">
          <Coords points="616,592 1696,592 1696,648 616,648"/>
          <TextEquiv>
            <Unicode>THUILLIER (Mlle Jeanne-Augustine), née à Dieppe,</Unicode>
          </TextEquiv>
        </Word>
      </TextLine>
      <TextLine id="tl_4" primaryLanguage="English" custom="structure {type:default;} readingOrder {index:1;}">
        <Coords points="657,635 1694,635 1694,686 657,686"/>
        <Baseline points="657,668 755,668 840,669 925,669 1006,669 1195,672 1256,665 1356,675 1606,685 1694,685"/>
        <Word id="w_w2aab1b5b2b1b3ab1">
          <Coords points="657,635 1694,635 1694,686 657,686"/>
          <TextEquiv>
            <Unicode>élève de M. R. Jouhan. — Rue Desmarest, 34,</Unicode>
          </TextEquiv>
          <TextStyle fontFamily="Times New Roman" fontSize="9.0"/>
        </Word>
      </TextLine>
      <TextLine id="tl_5" primaryLanguage="English" custom="structure {type:default;} readingOrder {index:2;}">
        <Coords points="655,676 806,676 806,720 655,720"/>
        <Baseline points="655,708 805,710"/>
        <Word id="w_w2aab1b5b2b1b5ab1">
          <Coords points="655,676 806,676 806,720 655,720"/>
          <TextEquiv>
            <Unicode>Dieppe.</Unicode>
          </TextEquiv>
          <TextStyle fontFamily="Times New Roman" fontSize="9.0"/>
        </Word>
      </TextLine>
    </TextRegion>
    <TextRegion type="paragraph" id="r_3_2" custom="readingOrder {index:3;}">
      <Coords points="487,737 1585,737 1585,794 487,794"/>
      <TextLine id="tl_6" primaryLanguage="English" custom="structure {type:default;} readingOrder {index:0;}">
        <Coords points="488,738 1584,738 1584,793 488,793"/>
        <Baseline points="489,770 514,770 585,772 684,773 814,775 875,776 924,776 1123,785 1164,779 1400,783 1584,785"/>
        <Word id="w_w2aab1b5b2b3b1ab1">
          <Coords points="488,738 1584,738 1584,793 488,793"/>
          <TextEquiv>
            <Unicode>920. Les bords de la Béthune, à Dampierre (fusain).</Unicode>
          </TextEquiv>
        </Word>
      </TextLine>
    </TextRegion>
    <TextRegion type="paragraph" id="r_3_3" custom="readingOrder {index:4;}">
      <Coords points="487,795 1669,795 1669,854 487,854"/>
      <TextLine id="tl_7" primaryLanguage="English" custom="structure {type:default;} readingOrder {index:0;}">
        <Coords points="488,796 1668,796 1668,853 488,853"/>
        <Baseline points="488,829 513,829 585,830 693,833 924,835 966,836 1228,843 1329,839 1487,842 1668,844"/>
        <Word id="w_w2aab1b5b2b5b1ab1">
          <Coords points="488,796 1668,796 1668,853 488,853"/>
          <TextEquiv>
            <Unicode>921. Une chaumière à Bacqueville, près Dieppe (fusain).</Unicode>
          </TextEquiv>
        </Word>
      </TextLine>
    </TextRegion>
    <TextRegion type="paragraph" id="r_3_4" custom="readingOrder {index:5;}">
      <Coords points="613,879 1694,879 1694,1124 613,1124"/>
      <TextLine id="tl_8" primaryLanguage="English" custom="structure {type:default;} readingOrder {index:0;}">
        <Coords points="614,880 1693,880 1693,934 614,934"/>
        <Baseline points="614,912 931,916 1123,925 1196,919 1246,920 1479,930 1619,925 1693,927"/>
        <Word id="w_w2aab1b5b2b7b1ab1">
          <Coords points="614,880 1693,880 1693,934 614,934"/>
          <TextEquiv>
            <Unicode>TIMMERMANS (Louis), né à Bruxelles, élève de</Unicode>
          </TextEquiv>
          <TextStyle fontFamily="Times New Roman" fontSize="9.0"/>
        </Word>
      </TextLine>
      <TextLine id="tl_9" primaryLanguage="English" custom="structure {type:default;} readingOrder {index:1;}">
        <Coords points="652,921 1691,921 1691,974 652,974"/>
        <Baseline points="652,953 785,955 863,957 1115,961 1165,960 1220,961 1281,961 1460,964 1479,972 1591,965 1690,973"/>
        <Word id="w_w2aab1b5b2b7b3ab1">
          <Coords points="652,921 1691,921 1691,974 652,974"/>
          <TextEquiv>
            <Unicode>l’Ecole des Beaux-Arts et de M. Portaels; méd. d’or,</Unicode>
          </TextEquiv>
          <TextStyle fontFamily="Times New Roman" fontSize="9.0"/>
        </Word>
      </TextLine>
      <TextLine id="tl_10" primaryLanguage="English" custom="structure {type:default;} readingOrder {index:2;}">
        <Coords points="653,964 1690,964 1690,1016 653,1016"/>
        <Baseline points="653,995 864,1005 966,1000 1025,987 1107,1005 1337,1012 1449,1004 1535,1010 1690,1014"/>
        <Word id="w_w2aab1b5b2b7b5ab1">
          <Coords points="653,964 1690,964 1690,1016 653,1016"/>
          <TextEquiv>
            <Unicode>Arcachon; méd. 1re cl., Versailles; méd. br., Nîmes,</Unicode>
          </TextEquiv>
        </Word>
      </TextLine>
      <TextLine id="tl_11" primaryLanguage="English" custom="structure {type:default;} readingOrder {index:3;}">
        <Coords points="651,1004 1690,1004 1690,1057 651,1057"/>
        <Baseline points="652,1037 919,1045 1130,1048 1222,1043 1317,1051 1476,1053 1690,1054"/>
        <Word id="w_w2aab1b5b2b7b7ab1">
          <Coords points="651,1004 1690,1004 1690,1057 651,1057"/>
          <TextEquiv>
            <Unicode>Châteauroux, Pontivy; M. H., Dijon, Moulins,</Unicode>
          </TextEquiv>
          <TextStyle fontFamily="Times New Roman" fontSize="9.0"/>
        </Word>
      </TextLine>
      <TextLine id="tl_12" primaryLanguage="English" custom="structure {type:default;} readingOrder {index:4;}">
        <Coords points="653,1045 1690,1045 1690,1097 653,1097"/>
        <Baseline points="653,1077 872,1084 1051,1090 1141,1082 1203,1076 1298,1085 1690,1095"/>
        <Word id="w_w2aab1b5b2b7b9ab1">
          <Coords points="653,1045 1690,1045 1690,1097 653,1097"/>
          <TextEquiv>
            <Unicode>Perpignan, Rennes, etc. — Rue Aumont-Thiéville,</Unicode>
          </TextEquiv>
          <TextStyle fontFamily="Times New Roman" fontSize="9.0"/>
        </Word>
      </TextLine>
      <TextLine id="tl_13" primaryLanguage="English" custom="structure {type:default;} readingOrder {index:5;}">
        <Coords points="652,1086 824,1086 824,1123 652,1123"/>
        <Baseline points="652,1119 684,1122 824,1120"/>
        <Word id="w_w2aab1b5b2b7c11ab1">
          <Coords points="652,1086 824,1086 824,1123 652,1123"/>
          <TextEquiv>
            <Unicode>2, Paris.</Unicode>
          </TextEquiv>
          <TextStyle fontFamily="Times New Roman" fontSize="9.0"/>
        </Word>
      </TextLine>
    </TextRegion>
    <TextRegion type="paragraph" id="r_3_5" custom="readingOrder {index:6;}">
      <Coords points="483,1141 1328,1141 1328,1196 483,1196"/>
      <TextLine id="tl_14" primaryLanguage="English" custom="structure {type:default;} readingOrder {index:0;}">
        <Coords points="484,1142 1327,1142 1327,1195 484,1195"/>
        <Baseline points="484,1174 508,1174 579,1175 658,1176 803,1179 843,1179 1081,1182 1327,1184"/>
        <Word id="w_w2aab1b5b2b9b1ab1">
          <Coords points="484,1142 1327,1142 1327,1195 484,1195"/>
          <TextEquiv>
            <Unicode>922. La Meuse à Rotterdam (aquarelle).</Unicode>
          </TextEquiv>
        </Word>
      </TextLine>
    </TextRegion>
    <TextRegion type="paragraph" id="r_3_6" custom="readingOrder {index:7;}">
      <Coords points="1191,1209 1648,1209 1648,1259 1191,1259"/>
      <TextLine id="tl_15" primaryLanguage="English" custom="structure {type:default;} readingOrder {index:0;}">
        <Coords points="1192,1210 1647,1210 1647,1258 1192,1258"/>
        <Baseline points="1192,1252 1305,1243 1347,1244 1404,1246 1647,1258"/>
        <Word id="w_w2aab1b5b2c11b1ab1">
          <Coords points="1192,1210 1647,1210 1647,1258 1192,1258"/>
          <TextEquiv>
            <Unicode>(Voir à la Peinture.)</Unicode>
          </TextEquiv>
          <TextStyle fontFamily="Times New Roman" fontSize="8.5" italic="true"/>
        </Word>
      </TextLine>
    </TextRegion>
    <TextRegion type="paragraph" id="r_3_7" custom="readingOrder {index:8;}">
      <Coords points="607,1284 1691,1284 1691,1372 607,1372"/>
      <TextLine id="tl_16" primaryLanguage="English" custom="structure {type:default;} readingOrder {index:0;}">
        <Coords points="612,1290 1694,1290 1690,1337 608,1337"/>
        <Baseline points="608,1316 736,1318 880,1320 1092,1323 1159,1316 1419,1327 1474,1329 1690,1331"/>
        <Word id="w_w2aab1b5b2c13b1ab1">
          <Coords points="612,1290 1694,1290 1690,1337 608,1337"/>
          <TextEquiv>
            <Unicode>TROUVILLE (Henri). — Demeurant à Barbizon</Unicode>
          </TextEquiv>
          <TextStyle fontFamily="Times New Roman" fontSize="9.0"/>
        </Word>
      </TextLine>
      <TextLine id="tl_17" primaryLanguage="English" custom="structure {type:default;} readingOrder {index:1;}">
        <Coords points="650,1326 1000,1326 1000,1371 650,1371"/>
        <Baseline points="650,1366 1000,1362"/>
        <Word id="w_w2aab1b5b2c13b3ab1">
          <Coords points="650,1326 1000,1326 1000,1371 650,1371"/>
          <TextEquiv>
            <Unicode>(Seine-et-Marne).</Unicode>
          </TextEquiv>
          <TextStyle fontFamily="Times New Roman" fontSize="9.0"/>
        </Word>
      </TextLine>
    </TextRegion>
    <TextRegion type="paragraph" id="r_3_8" custom="readingOrder {index:9;}">
      <Coords points="482,1381 1486,1381 1486,1439 482,1439"/>
      <TextLine id="tl_18" primaryLanguage="English" custom="structure {type:default;} readingOrder {index:0;}">
        <Coords points="483,1382 1485,1382 1485,1438 483,1438"/>
        <Baseline points="483,1415 508,1415 579,1415 708,1418 793,1419 965,1421 1095,1422 1152,1424 1484,1428"/>
        <Word id="w_w2aab1b5b2c15b1ab1">
          <Coords points="483,1382 1485,1382 1485,1438 483,1438"/>
          <TextEquiv>
            <Unicode>923. Allée des Artistes (forêt de Fontainebleau).</Unicode>
          </TextEquiv>
        </Word>
      </TextLine>
    </TextRegion>
    <TextRegion type="paragraph" id="r_3_9" custom="readingOrder {index:10;}">
      <Coords points="481,1440 979,1440 979,1489 481,1489"/>
      <TextLine id="tl_19" primaryLanguage="English" custom="structure {type:default;} readingOrder {index:0;}">
        <Coords points="482,1441 978,1441 978,1488 482,1488"/>
        <Baseline points="482,1474 507,1474 579,1475 752,1477 816,1478 978,1480"/>
        <Word id="w_w2aab1b5b2c17b1ab1">
          <Coords points="482,1441 978,1441 978,1488 482,1488"/>
          <TextEquiv>
            <Unicode>924. Rivière de Fleury.</Unicode>
          </TextEquiv>
        </Word>
      </TextLine>
    </TextRegion>
    <TextRegion type="paragraph" id="r_3_10" custom="readingOrder {index:11;}">
      <Coords points="1202,1499 1645,1499 1645,1547 1202,1547"/>
      <TextLine id="tl_20" primaryLanguage="English" custom="structure {type:default;} readingOrder {index:0;}">
        <Coords points="1203,1500 1644,1500 1644,1546 1203,1546"/>
        <Baseline points="1203,1540 1312,1532 1350,1533 1408,1534 1644,1546"/>
        <Word id="w_w2aab1b5b2c19b1ab1">
          <Coords points="1203,1500 1644,1500 1644,1546 1203,1546"/>
          <TextEquiv>
            <Unicode>(Voir à la Peinture.)</Unicode>
          </TextEquiv>
          <TextStyle fontFamily="Times New Roman" fontSize="8.5" italic="true"/>
        </Word>
      </TextLine>
    </TextRegion>
    <TextRegion type="paragraph" id="r_3_11" custom="readingOrder {index:12;}">
      <Coords points="604,1572 1688,1572 1688,1667 604,1667"/>
      <TextLine id="tl_21" primaryLanguage="English" custom="structure {type:default;} readingOrder {index:0;}">
        <Coords points="605,1573 1687,1573 1687,1628 605,1628"/>
        <Baseline points="605,1604 827,1606 859,1618 904,1592 1148,1617 1231,1614 1266,1613 1411,1616 1571,1623 1687,1620"/>
        <Word id="w_w2aab1b5b2c21b1ab1">
          <Coords points="605,1573 1687,1573 1687,1628 605,1628"/>
          <TextEquiv>
            <Unicode>TURQUEL (Mlle Mathilde), née à Gisors (Eure), élève</Unicode>
          </TextEquiv>
        </Word>
      </TextLine>
      <TextLine id="tl_22" primaryLanguage="English" custom="structure {type:default;} readingOrder {index:1;}">
        <Coords points="650,1614 1500,1614 1500,1666 650,1666"/>
        <Baseline points="650,1647 693,1647 759,1648 948,1651 1012,1643 1124,1653 1284,1662 1358,1664 1500,1659"/>
        <Word id="w_w2aab1b5b2c21b3ab1">
          <Coords points="650,1614 1500,1614 1500,1666 650,1666"/>
          <TextEquiv>
            <Unicode>de L. Coignet. — Quai Valmy, 61, Paris.</Unicode>
          </TextEquiv>
          <TextStyle fontFamily="Times New Roman" fontSize="9.0"/>
        </Word>
      </TextLine>
    </TextRegion>
    <TextRegion type="paragraph" id="r_3_12" custom="readingOrder {index:13;}">
      <Coords points="479,1669 967,1669 967,1719 479,1719"/>
      <TextLine id="tl_23" primaryLanguage="English" custom="structure {type:default;} readingOrder {index:0;}">
        <Coords points="480,1670 966,1670 966,1718 480,1718"/>
        <Baseline points="480,1702 506,1702 577,1703 783,1707 966,1710"/>
        <Word id="w_w2aab1b5b2c23b1ab1">
          <Coords points="480,1670 966,1670 966,1718 480,1718"/>
          <TextEquiv>
            <Unicode>925. Italienne (pastel).</Unicode>
          </TextEquiv>
        </Word>
      </TextLine>
    </TextRegion>
    <TextRegion type="paragraph" id="r_3_13" custom="readingOrder {index:14;}">
      <Coords points="603,1753 1687,1753 1687,1883 603,1883"/>
      <TextLine id="tl_24" primaryLanguage="English" custom="structure {type:default;} readingOrder {index:0;}">
        <Coords points="604,1754 1686,1754 1686,1809 604,1809"/>
        <Baseline points="604,1786 798,1789 1216,1798 1296,1796 1345,1797 1686,1803"/>
        <Word id="w_w2aab1b5b2c25b1ab1">
          <Coords points="604,1754 1686,1754 1686,1809 604,1809"/>
          <TextEquiv>
            <Unicode>VARDON (Evariste-Eugène), né à Lyons-la-Forêt</Unicode>
          </TextEquiv>
          <TextStyle fontFamily="Times New Roman" fontSize="9.0"/>
        </Word>
      </TextLine>
      <TextLine id="tl_25" primaryLanguage="English" custom="structure {type:default;} readingOrder {index:1;}">
        <Coords points="645,1795 1683,1795 1683,1850 645,1850"/>
        <Baseline points="646,1836 785,1835 902,1832 960,1833 1055,1834 1271,1843 1328,1838 1503,1841 1683,1843"/>
        <Word id="w_w2aab1b5b2c25b3ab1">
          <Coords points="645,1795 1683,1795 1683,1850 645,1850"/>
          <TextEquiv>
            <Unicode>(Eure), élève de MM. Delaunay, E. Lebel et Gérôme.</Unicode>
          </TextEquiv>
          <TextStyle fontFamily="Times New Roman" fontSize="9.0"/>
        </Word>
      </TextLine>
      <TextLine id="tl_26" primaryLanguage="English" custom="structure {type:default;} readingOrder {index:2;}">
        <Coords points="642,1837 1141,1837 1141,1882 642,1882"/>
        <Baseline points="642,1861 682,1861 778,1871 957,1879 1005,1880 1141,1875"/>
        <Word id="w_w2aab1b5b2c25b5ab1">
          <Coords points="642,1837 1141,1837 1141,1882 642,1882"/>
          <TextEquiv>
            <Unicode>— Rue Leclerc, 1, Paris.</Unicode>
          </TextEquiv>
          <TextStyle fontFamily="Times New Roman" fontSize="9.0"/>
        </Word>
      </TextLine>
    </TextRegion>
    <TextRegion type="paragraph" id="r_3_14" custom="readingOrder {index:15;}">
      <Coords points="477,1891 1197,1891 1197,1944 477,1944"/>
      <TextLine id="tl_27" primaryLanguage="English" custom="structure {type:default;} readingOrder {index:0;}">
        <Coords points="478,1892 1196,1892 1196,1943 478,1943"/>
        <Baseline points="479,1925 504,1925 574,1924 769,1929 928,1930 969,1932 1027,1933 1196,1934"/>
        <Word id="w_w2aab1b5b2c27b1ab1">
          <Coords points="478,1892 1196,1892 1196,1943 478,1943"/>
          <TextEquiv>
            <Unicode>926. Eventail (dessin à la plume).</Unicode>
          </TextEquiv>
        </Word>
      </TextLine>
    </TextRegion>
    <TextRegion type="paragraph" id="r_3_15" custom="readingOrder {index:16;}">
      <Coords points="477,1951 1493,1951 1493,2009 477,2009"/>
      <TextLine id="tl_28" primaryLanguage="English" custom="structure {type:default;} readingOrder {index:0;}">
        <Coords points="478,1952 1492,1952 1492,2008 478,2008"/>
        <Baseline points="478,1983 503,1983 574,1984 717,1987 934,1990 1049,1992 1214,1995 1258,1995 1318,1997 1462,1999 1492,1998"/>
        <Word id="w_w2aab1b5b2c29b1ab1">
          <Coords points="478,1952 1492,1952 1492,2008 478,2008"/>
          <TextEquiv>
            <Unicode>927. Cadre contenant deux dessins à la plume :</Unicode>
          </TextEquiv>
        </Word>
      </TextLine>
    </TextRegion>
    <TextRegion type="paragraph" id="r_3_16" custom="readingOrder {index:17;}">
      <Coords points="600,2012 1683,2012 1683,2104 600,2104"/>
      <TextLine id="tl_29" primaryLanguage="English" custom="structure {type:default;} readingOrder {index:0;}">
        <Coords points="646,2013 1682,2013 1682,2068 646,2068"/>
        <Baseline points="646,2044 673,2045 747,2046 830,2047 892,2048 1269,2059 1308,2055 1469,2057 1525,2050 1572,2060 1682,2052"/>
        <Word id="w_w2aab1b5b2c31b1ab1">
          <Coords points="646,2013 1682,2013 1682,2068 646,2068"/>
          <TextEquiv>
            <Unicode>1. La rue du Pont-de-I’Arquet, à Rouen. — 2. Sou¬</Unicode>
          </TextEquiv>
          <TextStyle fontFamily="Times New Roman" fontSize="9.0"/>
        </Word>
      </TextLine>
      <TextLine id="tl_30" primaryLanguage="English" custom="structure {type:default;} readingOrder {index:1;}">
        <Coords points="601,2053 1264,2053 1264,2103 601,2103"/>
        <Baseline points="601,2084 704,2086 879,2089 1264,2095"/>
        <Word id="w_w2aab1b5b2c31b3ab1">
          <Coords points="601,2053 1264,2053 1264,2103 601,2103"/>
          <TextEquiv>
            <Unicode>venir d’Elétot (Seine-Inférieure).</Unicode>
          </TextEquiv>
          <TextStyle fontFamily="Times New Roman" fontSize="9.0"/>
        </Word>
      </TextLine>
    </TextRegion>
    <TextRegion type="paragraph" id="r_3_17" custom="readingOrder {index:18;}">
      <Coords points="1197,2121 1640,2121 1640,2170 1197,2170"/>
      <TextLine id="tl_31" primaryLanguage="English" custom="structure {type:default;} readingOrder {index:0;}">
        <Coords points="1198,2122 1639,2122 1639,2169 1198,2169"/>
        <Baseline points="1198,2163 1308,2155 1348,2155 1401,2157 1639,2169"/>
        <Word id="w_w2aab1b5b2c33b1ab1">
          <Coords points="1198,2122 1639,2122 1639,2169 1198,2169"/>
          <TextEquiv>
            <Unicode>(Voir à la Peinture.)</Unicode>
          </TextEquiv>
          <TextStyle fontFamily="Times New Roman" fontSize="8.5" italic="true"/>
        </Word>
      </TextLine>
    </TextRegion>
    <TextRegion type="paragraph" id="r_3_18" custom="readingOrder {index:19;}">
      <Coords points="599,2193 1681,2193 1681,2437 599,2437"/>
      <TextLine id="tl_32" primaryLanguage="English" custom="structure {type:default;} readingOrder {index:0;}">
        <Coords points="600,2194 1680,2194 1680,2249 600,2249"/>
        <Baseline points="600,2226 825,2228 1013,2238 1091,2233 1135,2234 1303,2237 1473,2246 1607,2242 1680,2243"/>
        <Word id="w_w2aab1b5b2c35b1ab1">
          <Coords points="600,2194 1680,2194 1680,2249 600,2249"/>
          <TextEquiv>
            <Unicode>VIANELLI (Albert), né à Naples (Italie), élève de</Unicode>
          </TextEquiv>
          <TextStyle fontFamily="Times New Roman" fontSize="9.0"/>
        </Word>
      </TextLine>
      <TextLine id="tl_33" primaryLanguage="English" custom="structure {type:default;} readingOrder {index:1;}">
        <Coords points="641,2236 1680,2236 1680,2291 641,2291"/>
        <Baseline points="641,2269 707,2268 824,2275 887,2271 990,2272 1045,2274 1265,2276 1311,2278 1361,2277 1575,2290 1680,2275"/>
        <Word id="w_w2aab1b5b2c35b3ab1">
          <Coords points="641,2236 1680,2236 1680,2291 641,2291"/>
          <TextEquiv>
            <Unicode>son père, de MM. G. Boulanger et J. Lefebvre; che¬</Unicode>
          </TextEquiv>
          <TextStyle fontFamily="Times New Roman" fontSize="9.0"/>
        </Word>
      </TextLine>
      <TextLine id="tl_34" primaryLanguage="English" custom="structure {type:default;} readingOrder {index:2;}">
        <Coords points="640,2277 1679,2277 1679,2333 640,2333"/>
        <Baseline points="640,2308 752,2311 807,2311 855,2312 1057,2316 1212,2319 1333,2320 1397,2322 1559,2330 1679,2333"/>
        <Word id="w_w2aab1b5b2c35b5ab1">
          <Coords points="640,2277 1679,2277 1679,2333 640,2333"/>
          <TextEquiv>
            <Unicode>valier de la Couronne d’Italie (Exp. de Venise, 1887);</Unicode>
          </TextEquiv>
          <TextStyle fontFamily="Times New Roman" fontSize="9.0"/>
        </Word>
      </TextLine>
      <TextLine id="tl_35" primaryLanguage="English" custom="structure {type:default;} readingOrder {index:3;}">
        <Coords points="640,2319 1679,2319 1679,2374 640,2374"/>
        <Baseline points="640,2351 734,2351 865,2353 919,2353 1027,2363 1433,2368 1549,2363 1679,2367"/>
        <Word id="w_w2aab1b5b2c35b7ab1">
          <Coords points="640,2319 1679,2319 1679,2374 640,2374"/>
          <TextEquiv>
            <Unicode>méd. d’arg. et d’or, Boulogne-sur-Mer; méd. d’arg.</Unicode>
          </TextEquiv>
          <TextStyle fontFamily="Times New Roman" fontSize="9.0"/>
        </Word>
      </TextLine>
      <TextLine id="tl_36" primaryLanguage="English" custom="structure {type:default;} readingOrder {index:4;}">
        <Coords points="639,2360 1679,2360 1679,2414 639,2414"/>
        <Baseline points="639,2391 675,2393 740,2393 897,2401 1101,2398 1166,2391 1301,2402 1590,2413 1678,2407"/>
        <Word id="w_w2aab1b5b2c35b9ab1">
          <Coords points="639,2360 1679,2360 1679,2414 639,2414"/>
          <TextEquiv>
            <Unicode>et de verm., Amiens. — Place Malesherbes, 14,.</Unicode>
          </TextEquiv>
          <TextStyle fontFamily="Times New Roman" fontSize="9.0"/>
        </Word>
      </TextLine>
      <TextLine id="tl_37" primaryLanguage="English" custom="structure {type:default;} readingOrder {index:5;}">
        <Coords points="640,2402 756,2402 756,2436 640,2436"/>
        <Baseline points="640,2434 756,2436"/>
        <Word id="w_w2aab1b5b2c35c11ab1">
          <Coords points="640,2402 756,2402 756,2436 640,2436"/>
          <TextEquiv>
            <Unicode>Paris.</Unicode>
          </TextEquiv>
          <TextStyle fontFamily="Times New Roman" fontSize="9.0"/>
        </Word>
      </TextLine>
    </TextRegion>
    <TextRegion type="paragraph" id="r_3_19" custom="readingOrder {index:20;}">
      <Coords points="471,2456 1679,2456 1679,2512 471,2512"/>
      <TextLine id="tl_38" primaryLanguage="English" custom="structure {type:default;} readingOrder {index:0;}">
        <Coords points="472,2457 1678,2457 1678,2511 472,2511"/>
        <Baseline points="472,2489 497,2489 567,2491 708,2493 784,2494 880,2495 1089,2498 1157,2499 1252,2501 1463,2509 1516,2505 1678,2509"/>
        <Word id="w_w2aab1b5b2c37b1ab1">
          <Coords points="472,2457 1678,2457 1678,2511 472,2511"/>
          <TextEquiv>
            <Unicode>928. Canal de san Gervasio et san Protasio, à Venise</Unicode>
          </TextEquiv>
        </Word>
      </TextLine>
    </TextRegion>
    <TextRegion type="paragraph" id="r_3_20" custom="readingOrder {index:21;}">
      <Coords points="639,2500 865,2500 865,2546 639,2546"/>
      <TextLine id="tl_39" primaryLanguage="English" custom="structure {type:default;} readingOrder {index:0;}">
        <Coords points="640,2501 864,2501 864,2545 640,2545"/>
        <Baseline points="640,2542 864,2536"/>
        <Word id="w_w2aab1b5b2c39b1ab1">
          <Coords points="640,2501 864,2501 864,2545 640,2545"/>
          <TextEquiv>
            <Unicode>(aquarelle).</Unicode>
          </TextEquiv>
          <TextStyle fontFamily="Times New Roman" fontSize="9.0"/>
        </Word>
      </TextLine>
    </TextRegion>
    <TextRegion type="paragraph" id="r_4_1" custom="readingOrder {index:22;}">
      <Coords points="1177,2555 1635,2555 1635,2602 1177,2602"/>
      <TextLine id="tl_40" primaryLanguage="English" custom="structure {type:default;} readingOrder {index:0;}">
        <Coords points="1178,2556 1634,2556 1634,2601 1178,2601"/>
        <Baseline points="1178,2596 1289,2590 1334,2590 1393,2591 1634,2601"/>
        <Word id="w_w2aab1b7b2b1b1ab1">
          <Coords points="1178,2556 1634,2556 1634,2601 1178,2601"/>
          <TextEquiv>
            <Unicode>(Voir à la Peinture.)</Unicode>
          </TextEquiv>
          <TextStyle fontFamily="Times New Roman" fontSize="8.5" italic="true"/>
        </Word>
      </TextLine>
    </TextRegion>
  </Page>
</PcGts>
