1620 2564
769 368 904 397 — 4 —

356 433 828 474 BÆR, Gil, né en Alsace.

436 489 580 518 Asnières.

415 538 1157 579 7. « Dans les sentiers remplis d’ivresse»

514 592 877 631 (dessin à la plume).

358 677 816 716 BALLUE, Pierre-Ernest.

437 733 534 761 Paris.

416 778 1312 819 8. Dans les cascades de Cernay. . . . fr. 400

358 866 707 906 BAUDIT, Amédée.

436 918 791 952 Suisse. — Bordeaux.

416 967 1309 1005 9. La fenêtre de ma voisine. . . . . . 1200

399 1018 1312 1062 10. La chute du Mahourat (Cauterets). . 1000

400 1071 1313 1111 11. Fleurs. . . . . . . . . . . . . . . 500

360 1160 730 1201 BAUDUIN, Roland.

439 1219 558 1247 Anvers.

402 1261 1315 1306 12. Une page d’amour. . . . . . . . . 250

403 1314 1316 1361 13. Après le bal. . . . . . . . . . . . 250

404 1365 1315 1406 14. Souvenir d’Ostende. . . . . . . . . 250

364 1457 610 1497 BECK, Jules.

443 1512 629 1547 Strasbourg.

405 1557 1161 1596 15. La Suisse entre 2000 et 4600 mètres

522 1610 1160 1651 d’altitude. (Vues photographiques.)

365 1694 763 1739 BELLANGÉ, Eugène.

445 1756 542 1786 Paris.

405 1801 1162 1847 16. Épisode de Wagram, 1809. (L’artillerie

524 1854 1162 1895 française s’apprête à soutenir une

523 1906 1163 1948 charge de cavalerie dirigée au loin

520 1956 1317 1997 contre l’armée autrichienne). . . 2500

405 2008 1315 2052 17. Le retour au pays (Normandie). . . 600

404 2061 1321 2103 18. Souvenir d’Interlaken. . . . . . . . 1200
