2550 3299
1236 401 1440 444 — 82 —

1912 415 2024 442 SALA

766 496 1882 551 Corelli Augusto. — N. nel 1853 a Roma.

687 563 1881 619 Tratta egualmente la pittura ad olio e l'acqua¬

687 629 1880 684 rello, e si direbbe che abbia una naturale pro¬

687 697 1880 754 pensione pei soggetti drammatici o drammatica¬

689 764 1881 820 mente atteggiati. A Milano, nel 1881, espose «Do¬

685 832 1881 889 po l'agguato», rappresentante un gentiluomo

686 898 1880 953 del cinquecento assassinato sul limitare d’un bosco;

687 967 1880 1022 a Torino, nel 1884; «Povera Maria», ove un

689 1034 1881 1090 contadino sta prostrato ai piedi della bara in cui

690 1102 1165 1157 giace la sua diletta.

769 1197 1991 1239 69 Ritorno dalla vendemmia. G

765 1408 1882 1453 Costa Giovanni.— N. a Roma nel 1826. Dal

693 1475 1881 1531 1857 al 1859 visse nel paesello d’Ariccia, stu¬

685 1542 1883 1597 diando assiduamente dal vero. Partecipò, come

686 1609 1883 1666 volontario, alla guerra dell' indipendenza italiana;

687 1675 1884 1730 poi si trattenne a lungo in Firenze, ove il suo

686 1741 1883 1798 ingegno si affinò. Gode amicizie illustri e molta

685 1809 1881 1866 estimazione in Inghilterra, ed è fra gli artisti che

686 1878 1878 1933 primi infusero uno spirito nuovo nell’ arte ita¬

684 1947 809 1988 liana.

766 2039 2002 2097 70 Ad fonlem aricinum. G

765 2256 1884 2311 Courtens Franz. — N. a Termonde (Belgio)

686 2321 1878 2378 il 24 febbraio 1853; vive a Bruxelles. Paesista di

685 2388 1884 2445 gran fama, ritrae con sentimento profondo la

689 2456 1883 2510 campagna nella stagione autunnale e la marina

687 2523 1887 2580 nell’ ora crepuscolare. Il suo quadro più ammi¬
