2165 3437
937 347 1145 389 — 9 —

692 469 1385 526 Mme M., élève de M. Pierre.

368 573 1759 643 96. Aquarelle. Copie d’un tableau à l’huile, sur un sujet tiré

520 655 1502 713 de Pévéril du Pic, roman de Walter-Scott.

475 724 1760 792 Julien et Alice effrayés de l’apparition de la reine de

523 813 788 857 l’ile de Man.

477 909 1619 980 Mlle MOLLET (Éléonore), rue de la Monnaie, 7.

376 1029 1136 1089 97. Portrait de Mme J., ( pastel ).

378 1109 1132 1163 98. Id. de M. de M., idem.

380 1173 837 1231 99. Étude d’atelier.

354 1254 1772 1321 100. L’enfance de Callot. Copie du tableau du Musée de

560 1339 712 1396 Nancy.

578 1465 1546 1524 PAULUS (Charles), place de Grève, 11.

360 1575 1400 1635 101. Portrait du général de Préval, (étude).

362 1653 879 1697 102. Id. de M. B.

362 1730 947 1774 103. Id. de M. L. P.

599 1856 1534 1915 PIERRE (René), rue des Michottes, 3.

372 1964 942 2011 104. Portrait de Mlle ***.

369 2043 1245 2102 105. Id. de M. P., (à la plume).

983 2168 1176 2213 ROLLIN.

378 2273 1713 2334 106. Visitation de Sainte-Marie aux Vierges, (à la plume).

522 2351 1795 2409 D'après un tableau attribué à Rottenhamd, de l’an¬

587 2427 1796 2487 cienne école Vénitienne, que l’on peut voir chez

591 2503 1292 2557 M. Rollin, rue des Ponts, 50.

429 2593 1803 2644 La scène se passe sur des nuages. La présence de Marie immaculée

382 2662 1807 2711 semble suffire au bonheur des vierges mortelles, qui ont quitté les

384 2726 1809 2776 asiles consacrés à la pureté pour venir au-devant de la reine des

387 2803 508 2829 cieux.
