1981 3117
763 506 967 544 — 15 —

393 625 1376 663 Nommé pair en 1819, il apporta dans les travaux législatifs le

357 679 1283 716 secours si apprécié de ses lumières et de sa longue expérience.

393 748 1376 783 Il mourut à Paris, dans sa maison, le 20 avril 1850, à l’âge de

361 801 1377 840 quatre-vingt-douze ans, dans les bras de sa femme et entouré de sa

360 859 474 885 famille.

832 898 894 950 —

583 991 1138 1056 DAVID (JEAN-LOUIS),

666 1089 1073 1123 2, Petite rue Verte, Paris.

357 1158 1332 1213 91. Un coin de Salle à manger (aquarelle).

356 1229 1312 1286 92. Le Repos des petits Chats (aquarelle).

835 1292 901 1344 —

580 1381 1156 1448 DEGALASSE (MlIe A.),

705 1484 1039 1517 17, rue Meslay, Paris.

352 1567 948 1617 93. Le Retour du Marché.

356 1643 738 1689 94. La Punition.

833 1686 894 1736 —

754 1810 986 1865 DENIZE,

793 1909 934 1935 à Rouen.

349 1976 1096 2034 95. Tête de jeune Fille (dessin ).

350 2049 850 2095 96. Tête de Vieillard.

839 2112 899 2162 —

522 2205 1196 2271 DESGOFFE (ALEXANDRE),

564 2306 1148 2339 Pavillon de l’Ouest, à l’Institut, Paris.

352 2394 868 2440 97. Une Allée de Parc.
