2550 3299
1054 304 1287 346 — 45 —

1616 296 1874 339 Sala VII.

566 412 1856 454 Il camino in marmo e musaico fu ideato dagli architetti

471 470 1856 512 Bàlint e Jambòr ed eseguito da M. Rolt e dallo scultore Seidner.

567 532 1856 573 Le portiere e le tappezzerie raffiguranti «Una fiera di be¬

470 590 1856 632 stiame» e «I fidanzati» vennero disegnate da lanos Yaszary e

468 650 1857 693 riprodotte dalla signora Kowalszky. Il tappeto è della mani¬

472 709 1297 752 fattura di Torontal a Nagylecskerest.

567 771 1855 809 Poltrone tavolo e vetrina di mogano sono di L. Simai su

475 828 1075 869 disegni di Bàlint e Jambòr.

1056 1088 1269 1118 PITTURE

691 1223 1093 1267 Bihari Sàndor

463 1340 846 1385 1 La nutrice.

693 1476 1097 1519 Boruth Andor

450 1595 1004 1648 2 Sitiuora in nero.

690 1744 1126 1798 Bosznay István

450 1862 1873 1917 3 Nella puszta di Radvàny (appartiene allo Stato

718 1938 1022 1991 ungherese).

690 2087 1056 2130 Bruck Miksa

448 2206 1874 2262 4 Nella propria casetta (appartiene allo Stato un¬

717 2282 955 2336 gherese).

690 2419 1211 2485 Deàk Ébner Lajos

448 2551 1873 2605 5</v> Il mercato del pollame (appartiene allo Stato

717 2625 1021 2680 ungherese).
