2023 3173
795 489 1009 527 — 77 —

481 565 1464 611 ROUSSET (Mlle Léontine), élève de Mme Fai¬

529 613 1305 661 vre et de Devilly, née à Sarguemines.

529 673 1053 721 Nancy, 33, rue des Carmes.

313 740 897 786 670 — Portrait de Mme E...

313 787 874 834 671 — — M. G...

483 882 1459 930 ROVEL (Henri), élève de Cormon, né à St-Dié.

531 943 728 978 Saint-Dié.

316 1008 1039 1055 672 — Schlitteur dans les Vosges.

318 1056 808 1102 673 — Chevreuil mort.

318 1104 1312 1150 674 — Le cloître de la cathédrale de Saint-Dié,.

316 1152 928 1199 675 — Le service obligatoire.

316 1199 935 1245 676 — Un coin de Mirecourt.

316 1247 741 1295 677 — Sur la plage.

314 1295 876 1343 678 — Village des Vosges.

482 1390 1464 1438 ROYER (Henri), élève de Lefebvre et F. Fla¬

536 1439 911 1486 meng, né à Nancy.

533 1497 1116 1546 Nancy, 1, rue de la Salpétrière.

318 1562 1069 1608 679 — Scènes de la vie de Bacchus.

323 1610 693 1645 680 — Le Vieux.

323 1658 768 1706 681 — Aux champs.

319 1706 618 1741 682 — Etude.

319 1754 772 1800 683 — Etude de tête.

320 1800 948 1844 684 — Portrait du Docteur C.

322 1848 619 1892 685 — Etude.

491 1956 1346 2008 ROY (Emile), élève de Huel, né à Nancy.

537 2016 1034 2061 Nancy, 13, rue de l’Atrie.

322 2080 979 2118 686 — Portrait de Mlle M. R...

322 2127 1395 2182 687 — Un noble (d’après une gravure de J. Callot).

491 2235 1468 2285 ROY (Mlle Maria), élève de l’Ecole des Beaux¬

540 2285 902 2333 Arts, né à Nancy.

538 2343 667 2389 Nancy.

322 2406 1014 2457 688 — Roses trémières, panneau.
