2057 3133
1036 454 1251 502 — 78 —

727 540 1711 586 SACHY (Henri DE), élève de P. Colin, A. Ca¬

779 588 1641 635 banel, E. Dubof et Mazerolles, né à Paris.

772 654 1321 699 Paris, Ecole des Beaux-Arts.

557 728 1015 778 689 — Au printemps.

724 849 1522 898 SAGE (Mlle Gabrielle LE), née à Paris.

773 909 1200 957 Paris, 57, rue Pigalle.

554 987 1170 1036 690 — Pivoines et Aubépine.

556 1035 891 1071 691 — Pensées.

725 1155 1692 1203 SAIN (Paul), élève de Guilbert d’Anelle et Gé

769 1204 1198 1251 rôme, né à Avignon.

771 1263 1281 1310 Paris, 33, rue du Dragon.

555 1340 1574 1390 692 — Le châtaigneraie du château de Corbeville.

554 1388 1413 1437 693 — Le Pont Saint-Bénézet à Avignon.

553 1435 1163 1484 694 — Le Rhône à Avignon.

721 1556 1699 1605 SARAZIN (Mlle Marguerite), élève de Damas,

769 1604 1136 1640 née à Charleville.

770 1663 1416 1709 Charleville, 8, rue Victor-Cousin.

549 1734 1106 1790 695 — Reines-Marguerite.

556 1782 1277 1838 696 — Pommes et chrysanthèmes.

550 1838 1150 1877 697 — Giroflées et narcisses.

554 1885 1021 1921 698 — Fleurs de Nice.

720 2003 1701 2053 SCHIFF(J.-M.), élève de l’Ecole des Beaux-Arts

767 2050 1698 2101 de Nancy, né à Rettel-les-Siercke (Lorraine).

769 2111 1351 2159 Nancy, 3 bis, rue de La Salle.

539 2190 1107 2229 699 — Portrait de M. A...

551 2238 1104 2276 700 — id. M. M...

548 2286 1132 2330 701 — id. Mme H...

552 2334 1135 2379 702 — id. MlIe D...

551 2382 848 2424 703 — Etude.
