2179 3146
820.0 444.0 122.0 25.0 — 7 —

289.0 514.0 1218.0 53.0 35. DU CHASTEL (Tanneguy), habile guerrier, prévôt de

382.0 563.0 1125.0 53.0 Paris, qui sauva le dauphin Charles VII lors de l’entrée

382.0 613.0 1122.0 49.0 des Bourguignons dans Paris en 1418, n. 1369, m. 1449.

419.0 673.0 1083.0 58.0 L. 8., en latin, sur vélin, à son trésorier; 4 avril 1448, 1 p.

380.0 728.0 659.0 43.0 in-folio oblong. Superbe et rare pièce.

288.0 783.0 1209.0 76.0 36. DUCIS (Jean-François), le célèbre poète tragique, mem¬

382.0 853.0 952.0 47.0 bre de l’Académie française, n. 1733, m. 1816.

418.0 920.0 1088.0 41.0 L. a. s. à Campenon; Versailles, 23 décembre 1813, 2 p. in-4.

400.0 986.0 1106.0 39.0 Très jolie lettre où il parle de ses confrères de l’Académie française,

364.0 1014.0 1143.0 50.0 Roger, Auger et Droz. 11 signe : « Ducis , une des sept étoiles de lapleyade

365.0 1060.0 278.0 34.0 du Luxembourg. »

285.0 1108.0 1214.0 71.0 37. DUMAS (Alexandre), le grand romancier, n. 1803,

380.0 1183.0 180.0 34.0 m. 1870.

421.0 1243.0 1086.0 43.0 L. a. s. au propriétaire du Mercure aptésien; (1864), 5 p. 1/2

380.0 1289.0 76.0 29.0 in-4.

403.0 1341.0 1103.0 39.0 Curieuse lettre à un rédacteur de journal qui avait dénommé les

367.0 1377.0 1136.0 39.0 ouvrages d’Alexandre Dumas, les élucubrations du grand Alexandre ,

368.0 1412.0 1138.0 40.0 et qui avait félicité ses compatriotes d'avoir écarté de leur bibliothèque

367.0 1447.0 1140.0 40.0 les œuvres du grand romancier. il lui rappelle que les habitants d’Apt

367.0 1483.0 1140.0 40.0 n’ont pas toujours eu la même opinion et il le raille sur la façon dont

367.0 1522.0 411.0 37.0 son journal est composé.

290.0 1591.0 1215.0 52.0 38. DUPLESSIS-MORNAY (Philippe), illustre chef du parti

381.0 1640.0 1124.0 52.0 protestant, ami et conseiller de Henri IV, surnommé le

380.0 1691.0 793.0 50.0 Pape des Huguenots , n. 1349, m. 1623.

419.0 1764.0 1084.0 42.0 L. a. s. à Villarnoul; Saumur, 30 juin 1610, 1 p. in-folio. Belle

381.0 1810.0 94.0 37.0 pièce.

287.0 1875.0 1217.0 57.0 39. EUGÈNE DE SAVOIE (le prince), illustre guerrier, un

382.0 1929.0 1121.0 52.0 des plus redoutables adversaires de Louis XIV, n. 1663,

381.0 1984.0 179.0 35.0 m. 1736.

421.0 2045.0 1081.0 42.0 L. a. s., en français, (au duc de Savoie, roi de Sardaigne,

378.0 2084.0 1010.0 45.0 Victor Amédée II); Rastadt, 23 juin 1701, 3 p. 1/2 in-folio.

401.0 2151.0 1100.0 38.0 Importante lettre historique. S’il a quitté l’Italie pour l’Allemagne,

365.0 2186.0 1139.0 39.0 c’est pour aider indirectement Victor Amédée qu’il a recommandé à

365.0 2221.0 1137.0 41.0 Malborough et à Stahremberg; il redoute le passage du Rhin par les

366.0 2256.0 1136.0 41.0 Français, parce qu’il leur est inférieur en force et n’est pas soutenu

367.0 2287.0 1135.0 45.0 par lés Danois ; il espère que Verceil résistera plus longtemps que

368.0 2334.0 79.0 25.0 Suse.
