4267 7234
1454 758 2374 910 CATALOGUE
562 1034 3258 1146 DE LETTRES AUTOGRAPHES, MANUSCRITS,
1277 1237 2541 1327 DOCUMENTS HISTORIQUES, ETC.,
978 1450 2850 1638 DE A. LAVERDET,
1119 1737 2709 1837 A Paris, rue Saint-Lazare, 24.
1506 2133 2326 2189 Vente à l'amiable,
1064 2225 2765 2298 soit par l'insertion dans le bulletin,
711 2318 3118 2389 soit aux enchères publiques, de Collections ou parties
1064 2416 2769 2486 de Collections de Lettres autographes,
1375 2510 2469 2579 Documents historiques,
1458 2606 2368 2662 Manuscrits, etc., etc.
590 2684 3245 2769 Achats.— Échangés. — Expertises. — Rédaction de Catalogues.
1251 3011 2585 3091 N°3 — OCTOBRE 1856.
515 3317 3339 3415 145. Adet (P.-A.), physicien et chimiste. Sénateur, député. Né à
599 3411 3335 3509 Nevers. L. aut. sig., au citoyen Payen. 1 p. in - 4. 2 »
513 3507 3337 3601 146 André (Frère) de St-Nicolas, religieux Carme, versé dans
603 3601 3323 3695 l’histoire et les antiquités. Né en 1650. Mort à Besançon en 1713.
603 3697 3333 3793 L. aut. sig., à M. de Serte, gentilhomme de S. A. Mgr le cardinal
597 3789 3331 3887 de Bouillon, à Tournus. Besançon, 15 février 1704. 2 p. pet. in-4.
595 3885 3335 3959 Cachet. 5 »
503 3979 3325 4077 147. Andrieux, auteur dramatique. Né à Strasbourg. L. aut.
595 4073 3337 4173 sig., à M. Morlin. 7 juillet 1813. 1 p. pl. in-4. 3 50
691 4171 2945 4267 Critique de son opéra sacré d'Ismaïl, qu’il lui a confié.
505 4265 3333 4365 148 Armentières, maréchal de France. L. aut. sig. Bourbonne,
595 4361 3335 4457 20 sept. 1773. 2 p. et demie in-4. 4 »
513 4455 3339 4551 149. Assemblée nationale de 1789. Extrait du procès-ver¬
597 4551 3339 4643 bal de la séance du 22 juin 1791. L’assemblée nationale a décrété
595 4647 3335 4743 qu’il sera donné des ordres sur-le-champ, soit à la poste, soit aux
601 4743 3339 4839 barrières, pour que personne ne sorte de la ville sans une permis-
597 4837 3345 4935 sion par écrit, etc. Signé Dauchy, Grenot, Merle et Pintcville-Cer-
599 4931 3335 5027 non. 1 p. in-8. Cachet. 6 »
513 5025 3341 5137 150. Ateliers publics de Chaillot (L. sig des représentants
599 5123 3343 5221 de la commune et du comité des), sig. Menessier, Cellérier, Lasse-
597 5219 3335 5317 ray, Duperraux, Trudon. Paris, 21 sept. 1789. 3 p. in-fol. 4 »
505 5311 3341 5407 151. Athenas (P.-L), directeur de la Monnaie de Nantes, anti¬
599 5407 3337 5507 quaire. L. aut. sig. Nantes, 9 janvier 1819.1 p in-4. 2 »
509 5503 3343 5603 152. Angereau (le maréchal), duc de Castiglione. L. sig. Auge-
603 5579 3339 5697 reau, duc de Casliglione. Wurzbourg, le 5 Juillet. 1 p. et demie
603 5693 3343 5769 in-4. 250
521 5789 3329 5887 153. Azaïs, philosophe, auteur du Système des compensations, etc.
603 5883 3341 5983 Né à Sorèse (Tarn). L. a. s. Saint-Cyr, 24 mai 1808. 4 pl. in-4. 4 »
701 5981 2773 6077 Belle lettre, toute relative à son Système universel.
