1861 2850
644 413 1200 458 CATALOGUE
743 554 1096 583 D'UNE BELLE COLLECTION
444 754 1398 815 LETTRES AUTOGRAPHES
383 1089 1463 1138 1. ADAM (Adolphe), célèbre compositeur de musique, au¬
421 1131 671 1164 teur du Châlet.
459 1179 1459 1223 1° Billet aut. sig’., 1 p. in-32. — 2° L’Orpheline de village,
417 1216 1460 1261 romance aut. sig., paroles et musique, 6 sept. 1845, 2 p.
416 1252 651 1291 in-f., oblong.
375 1303 1458 1351 2. ALMELOVEEM (Théod.-Jaus. Van), savant médecin
416 1344 1223 1393 hollandais, traducteur d’Hippocrate et de Celse.
451 1395 1457 1442 45 lot. aut. sig., en latin, h Henri Van Sypesteyn, à
414 1431 1457 1475 Doorn; Harderwick (Hollande), 1693-1711, environ 80 p.
416 1468 651 1505 in-4, cachets.
470 1514 1458 1551 Correspondance littéraire, bibliographique et scientifique fort intéressante.
373 1558 1458 1605 3. ARNOULD (Sophie), actrice de l’Opéra, aussi célèbre
414 1600 968 1645 par son esprit que par son talent.
448 1649 1454 1691 L. a., sig. Sojrirfe Ar., à sa chère amie... ; Paris, 1er fruct.
410 1687 733 1726 an 9, 4 p. pl. in-4.
465 1733 1456 1771 Epître tout à la fois triste et plaisante sur son état de maladie, qui la force
434 1766 1456 1803 à rester sur son cul comme un vieux singe. Si elle sort, c’est pour faire
434 1799 1454 1836 quatorze lieues en quinze jours. Tout au plus peut-elle se traîner aux
431 1831 1456 1868 Tuileries, et s'y camper sur une chaise pour y regarder les passants et s'en¬
431 1863 1453 1900 nuyer de son oisiveté « Qu’y faire ? dit-elle ; souffrir et puis mourir !... La
431 1896 649 1923 belle chute!... »
368 1940 1452 1987 4. AUBRY-LECOMTE (H.-L.-V.-J.-B ), très habile
408 1981 808 2026 dessinateur lithographe.
445 2026 1450 2070 L. a. s. à Potrelle, marchand d’estampes, 1824, 1 p. in-8.
409 2065 998 2105 Avec une notice biog. imprimée.
366 2113 1452 2160 5. BARBIER (A.-A.), savant bibliographe, né à Coulom¬
442 2204 1160 2247 L. a. s.; Paris, 21 fév. 1807, 1 p. 1/2 in-4.
462 2251 1074 2285 Relative à son Dictionnaire des Anonymes.
366 2288 1448 2345 6. LE MÊME. 4 l. a. s. à Amanton; Paris, 1808-22,
462 2386 1450 2425 Relatives à son Dictionnaire des anonymes et à sa Bibliothèque d’un
427 2421 656 2454 homme de goût.
905 657 935 674 DE
406 2158 507 2192 miers.
405 2343 564 2381 7 p. in-4.
