1850 2868
824 94 1018 134 - 15 -
207 184 1646 243 40 Garibaldi (Gius.), le célèbre général et patriote italien. —
274 229 1644 284 L. 8. à son ami Trecchi ; Fino, près Côme, 1859, 1/2 p. in-8.
278 282 1646 318 Sur l’achat de revolvers. G »
207 313 1646 384 41 Gautier' (Théophile), le brillant critique. — L. a. s. à L. Lurine,
281 372 1647 417 1 /2 p. in-8. 3 »
210 401 1646 466 42 Gavarni, le spirituel dessinateur. — L. a. s. à M. Delaunay,
279 460 1649 506 direct, de l’Artiste , 1/2 p. in-8. 4 »
320 511 1653 549 Il invite Jules Janin k venir fumer sa pipe au sortir de la comédie. « Il ne serait
282 550 1572 589 pas du tout mal reçu ; personne ne lui ferait de sottise, ha ! mon Dieu non ! »
213 588 1649 635 43 Girardet (Karll), célèbre peintre et dessinateur vignettiste.
280 632 1650 679 — L. a. s. à M. Delaunay, 1840, 1 p. in-4. 4 »>
320 678 1652 719 Relative k un dessin, vue prise sur le Righi, en Suisse, qu’il exécute pour son
283 717 680 749 abonnement k l’Artiste.
212 743 1649 800 44 Goncourt (Jules de), célèbre littérateur. — L. a. s., 1 p. in-8.
281 801 1651 847 Au sujet de sa pièce d’Henriette. 3 »
213 845 1655 892 45 Grévy (Jules), représentant du Jura, ex-président de l’Assem¬
282 889 1652 936 blée nationale. L. a. s., 1848,1 p. 1/2 in-8. 6 »
310 935 1657 973 Très curieuse lettre relative k son amendement de 1848.11 a été humilié que celte
284 974 1657 1014 dame ait pu lui demander comment il a voté sur la grande question de la prési¬
284 1014 1657 1053 dence de la République. » Où éliez-vous donc, dit-il, lorsque la tribune et la presse
282 1044 1656 1092 retentissaient du fameux amendement Grévy ! Vous ne savez pas que c’est le
282 1085 932 1128 plus beau fleuron de ma couronne !.. »
212 1120 1651 1180 46 Janin (Jules), le prince des critiques. — L. a. s., 1 p. in-8. 1 »
215 1166 1654 1218 47 Joséphine, impératrice des Français. L. a. s. au général
284 1214 1654 1264 Berthier; 26 frim., 1 p. in-18. 12 »
217 1254 1656 1321 48 Haussonville (le comte Jos. d’), littérateur et homme poli¬
284 1304 1656 1355 tique, del’Acad. t'r. — L. a. s., 1871, 1 p. in-8. 5 »
325 1350 1654 1395 Intéressante lettre relative k l’établissement d’une Université complète k Nancy.
286 1390 1658 1431 11 désirerait que ses collègues de l’Institut lui vinssent en aide. « 11 ne s’agit de rien
286 1429 1658 1472 moins, dit-il, que de l’avenir des hautes études en France, et de la revendication
293 1469 1570 1515 pacifique, mais efficace un jour ou l’autre, de notre vieille unité territoriale.»
219 1508 1658 1570 49 Hugo (Victor), illustre écrivain. — L. a. s. à M. Loriot ;
291 1555 1658 1608 Hauteville-House, 1867, 2 p. in-8. Jolie lettre. 4 »
224 1603 1661 1656 50 Lachambeaudie (Pierre), un de nos meilleurs fabulistesmio-
289 1651 1661 1708 dernes, né à Sarlat. — L. a. s. à M. Delarue, 3/4 de pages
293 1706 1658 1744 in-8. 4 »
341 1737 1665 1787 11 avait oublié la demande qu’on lui avait faite de l’adresse de Béranger. » Le
270 1782 1663 1828 souvenir de la captivité et le chaos de la position politique me font perdre la tète.»
224 1818 1663 1876 51 Lafontaine (Henri), un de nos plus célèbres acteurs de drames,
293 1871 1663 1928 né à Bordeaux. — L. a. s. à M. Boïeldieu, 1863, 2 p. in-8. 3 »
227 1916 1665 1971 52 Lamennais (F. de), illustre écrivain français. — L. a. s. à
303 1964 1663 2019 M lle de La Tour-du-Pin, 1834, 2 p. in-8. 6 »
341 2009 1665 2057 Intéressante épître politique. « Ou a feint de croire, dit-il, que je haïssais lc
301 2048 1668 2100 puissant, parce que je défendais le faible, que j’étais l’ennemi du riche, parce que
293 2091 1665 2136 je gémissais avec le pauvre et que je m'eftorçais de le consoler par l’espérance d’un
298 2129 1668 2179 meilleur avenir. J’aime tous les hommes sans exception, et c’est parce que je les
298 2170 1668 2213 aime que je voudrais qu’ils s’aimassent davantage entre eux, et que la portion la
301 2205 1670 2256 plus nombreuse comme la plus infortunée de la grande famille n’en fût pas la plus
301 2258 539 2289 délaissée_»
231 2282 1670 2344 53 La Place (P.-Simon de), illustre géomètre, astronome et phy¬
298 2335 1668 2394 sicien, de l’Acad. fr. — L. a. s. à S. A. royale....; Paris, 18 sept.
303 2380 1668 2435 1811, 1 p. in-f. Belle pièce, mais dont un coin de la marge
301 2425 772 2476 supérieure est coupé.
346 2459 1670 2516 Hommage d’un exemplaire de son Mémoire sur les probabilités, qu’il a lu k
303 2509 1670 2564 l’Institut et qui fait partie d’un grand ouvrage qu’il doit publier bientôt sur cette
308 2550 647 2619 intéressante matière.
