1876 2807
850 132 1048 172 - 14 -
239 230 1685 277 26 David (Félicien), célèbre compositeur, l’auteur du Désert, — L.
307 275 1688 320 a. s. à M. Boïeldieu, 1 p. in-18. 1 50
238 320 1686 366 27 Deguerry (Gaspard), célèbre prédicateur, curé de la Madeleine,
307 364 1687 412 un des otages de la commune, fusillé avec l’archevêque de
306 409 1686 455 Paris. — L. a. s., 1849, 2 p. in-4. 10 »
349 455 1690 495 Il demande, au nom de la fabrique de la Madeleine, d’être remis en jouissance
307 494 1689 535 de la chapelle de Saint-Hyacinthe, attenante à l'église de l’Assomption, pour des
308 533 1259 567 réunions en faveur des classes laborieuses et souffrantes.
240 572 1688 618 28 Delavigne (Casimir), illustre poète, de l’Acad. fr., né au Havre.
307 616 1689 664 — L. a. s. à M. Dufey, libr., 1831, 2p. in-8. Très-jolie lettre. 5 »
240 667 1693 712 29 Delescluze (L.-Ch.), publiciste révolutionnaire, membre de la
308 711 1690 757 Commune et délégué à la guerre, né à Dreux le 2 oct. 1809,
307 755 1691 802 tué aux barricades du Château-d’Eau. — L. a. s. à un jeune
307 794 1689 846 poète; 20 juillet (1869), 1 p. 1/4 in-8. 8 »
349 845 1694 885 Son correspondant n’espérant pas recevoir une réponse, il lui affirme qu’il
308 885 1694 925 répond à toutes les lettres qu'il reçoit. « A mes yeux, c’est un devoir pour tout le
309 924 1692 964 monde, mais surtout pour un journaliste. Je suis d’ailleurs toujours disposé à
311 964 1692 1004 accueillir les jeunes gens qui veulent travailler. Par malheur, la poésie ne convient
309 1003 1693 1044 guère aux journaux politiques, et la périodicité hebdomadaire du Réveil se prête
311 1043 1308 1082 peu à la reproduction du travail que vous me proposez...»
242 1087 1694 1132 30 De Seine (L.-P.) célèbre sculpteur. — L. a. s. aux sénateurs,
311 1131 1691 1177 an XI, 1 p. in-4. 5 »
340 1175 1697 1218 Envoi de sa Lettre sur la sculpture destinée à orner les temples catholiques.
315 1216 1698 1256 « Daignez, citoyens sénateurs, dit-il, accueillir avec bonté mes opinions sur la
311 1255 1699 1296 nécessité indispensable de rendre aux édifices consacrés à la religion catholique cette
312 1295 1186 1334 magnificence extérieure qui commande le respect. »
245 1338 1697 1383 31 Dosne (Mlle S.), belle-sœur de M. Thiers. — L. a. s. écrite à un
312 1384 1695 1429 général au nom de M. Thiers, 1 p. in-8. 4 »
245 1433 1699 1481 32 Dumas (Alex.) fils, célèbre auteur dramatique. — L. a. s. à
313 1478 1696 1524 M. Boïeldieu, 1 p. in-18. 3 »
246 1528 1697 1574 33 Enfantin (P.), le père suprême des Saint-Simoniens. — L. a.
314 1572 1698 1619 s. au général commandant en chef la garde nationale de Paris,
322 1609 1697 1663 1849, 1 p. in-4. Rare. 10 »
358 1663 1699 1703 Il demande à être rayé des contrôles de la garde nationale. Agé de 53 ans,
317 1703 1700 1743 n'ayant pas été jugé digne de recevoir un fusil depuis février, il fait valoir, com¬
317 1741 1702 1782 me motif de retraite, qu'il a été décoré du Lys, pour son service comme artilleur
315 1781 1702 1821 polytechnicien en 1814. « Je vous assure, dit-il, que je ferais aujourd'hui le plus
315 1821 1702 1860 mauvais soldat du monde. Je suis doué dés infirmités morales et physiques les plus
315 1860 1699 1900 incompatibles avec le service, je suis aussi énormément pacifique que je suis gros,
315 1902 630 1937 gras et pesant... »
249 1943 1701 1989 34 Failly (P.-L.-Ch.-A. de), général, commandant les troupes
317 1986 1698 2038 françaises à la bataille de Montana, et d’un corps d’armée pen¬
318 2027 1700 2081 dant la dernière guerre. — L. a. s., camp de Châlons, 1857,1 p.
318 2075 1698 2124 in-8, enveloppe. 6 »
250 2128 1704 2175 35 Faure (J.-B.), le plus célèbre chanteur contemporain, né à
321 2173 1700 2219 Moulins. — L. a. s. (1854), 1 p. in-8. 3 »
251 2217 1702 2266 36 Favart (Marie), célèbre comédienne du Théâtre-Français. —
319 2262 1701 2308 L. a. s.. 1 p. in-8. 3 »
252 2312 1704 2359 37 Feuillet (Octave), célèbre auteur dramatique, de l’Acad, fr. —
323 2357 1702 2403 L. a. s., 1 p. in-8. 3 »
252 2406 1705 2453 38 Fix (Delphine), une des meilleures comédiennes du Théâtre-
320 2452 1702 2501 Français, née dans la Moselle. — L. a. s., 1 p. in-8. 3 »
253 2502 1707 2548 39 Frossard (le général Ch.-Aug.), commandant des troupes à
322 2545 1706 2593 Sarrebruck au début de la guerre, battu à Forbach. — Billet
324 2592 1702 2638 aut. sig., 1856, 1/2 p. in-8. Rare. 5 »
