1850 2885
802 148 953 180 — 9 —
182 239 1600 295 24 Azeglio (Massimo d’J, illustre homme d’Etat et littérateur
247 274 1594 324 italien. — L. a. s. à M. Rufini, 1 p. in-4. 4 »
180 314 1597 372 25 Babinet (Jacq.), savant physicien et astronome. — L. a. s. au
247 363 1597 427 vicomte de Santarem, son collègue à l’Institut, 1855, 1 p. in-4.,
249 417 1598 453 cachet. 8 »
287 462 1600 501 Epitre très-curieuse sur l’aiguille aimantée et sur la boussole. Il lui
250 501 1600 541 semble que tout a été organisé pour ne pas vivre. Ce n’est pas la pos¬
248 541 1599 581 session qui a été donnée à l’homme, c’est l’espérance : Viande creuse !
251 580 1601 620 « On pourrait dire à la Providence de ne pas se mettre en dépense pour
253 620 788 659 ne donner que de l’espoir ! »
183 658 1601 703 26 Balbis (J.-B.), savant botaniste, directeur du Jardin-des-
259 694 1599 745 Plantes de Lyon, auteur de la Flore Lyonnaise. — L. a. s.: Lyon,
254 749 1599 793 1820, 3 p. 1/2 in-4. 4 »»
290 792 1605 832 Intéressante lettre : demande d’arbres et arbustes pour le Jardin-des-
251 830 575 870 Plantes de Lyon.
182 858 1604 913 27 Balzac (Honoré de), le grand romancier réaliste. — L. a. s. à
263 914 1603 962 Schlésinger, 1837, 1 p. in-8. 7 »
186 960 1604 1006 28 Bancel, célèbre député de la Drôme et de Paris.—Sentence
252 1004 1604 1056 philosophique aut. sig. ; Gand, 2 mars 1860, 1/2 p. in-4., avec
253 1050 1604 1096 son portrait photographié. 3 »
185 1084 1604 1141 29 Banderali (David), célèbre chanteur et compositeur. — Pièce
254 1138 1605 1186 sig., 1830, 1 p. in-4. 2 »
289 1184 1608 1224 Reçu de ses appointements comme professeur au Conservatoire de
185 1247 1604 1305 30 Banville (Théodore de), célèbre poète contemporain. — Reçu
253 1301 1607 1352 sig. de son indemnité littéraire, 1850, 1 p. in-f. 2 »
187 1352 1607 1397 31 Barante (le baron de), historien des ducs de Bourgogne, de
252 1394 1607 1437 l’Acad. fr. — L. a. s., 1850, 1 p. in-8. 2 »
187 1440 1609 1487 32 Barras (Paul), célèbre conventionnel, président du Directoire
252 1476 1607 1538 exécutif. — L. a. s. à M. Guillois, à Avignon; Paris, 30 juill.
258 1532 1606 1577 1815, 1 p. pl. in-4., cachet. 10 »
294 1573 1612 1615 Très-curieuse lettre sdr les événements qui ont suivi la bataille de
256 1615 1611 1654 Waterloo. Ces événements se succèdent avec une telle rapidité, qu’on
259 1654 1611 1695 ne peut ni les prévenir ni les utiliser. Il est essentiel que tous les
261 1694 1612 1733 Français se réunissent et que toutes les nuances cessent. Les étrangers
258 1731 1612 1772 n’ont pas conquis la France : elle s’est soumise, et cependant la
257 1772 1613 1811 situation est affreuse. Quant à lui, il attend le retour du calme pour
256 1812 723 1850 aller aux Aigalades, etc.
187 1850 1608 1897 33 Barthélemy (Aug.), auteur de la Némésis.— L. a. s. à M. Plon,
257 1899 1611 1932 1836, 1 p. in-8. 3 »
297 1939 1186 1981 Relative à sa brochure l’Orthographe vengée.
187 1971 1609 2036 34 Le même. — Reçu sig. de sa pension littéraire, 1849, 1 p.
257 2023 1611 2066 in-f. 2 »
187 2065 1609 2125 35 Baschet (Armand), l’historien de Venise. — L. a. s., 1858, 1 p.
262 2119 1609 2163 1/2 in-8. 2 »
191 2163 1613 2209 36 Baudot (M.-A.), conventionnel montagnard, célèbre par ses
257 2199 1611 2257 missions aux armées. — L. a. s.; Montauban, 7 août, an II,
257 2337 1613 2377 des détails sur les bruits absurdes qui sont répandus contre la Mon¬
259 2376 1613 2416 tagne et contre Paris. Cahors n’est pas dans les meilleurs principes
258 2415 1613 2455 républicains ; Montauban vaut mieux pour l'esprit public. Il s’est mis
259 2455 1613 2495 à la tète du bataillon du Lot pour le conduire à Toulouse. « Lorsque
261 2494 1613 2534 tout sera terminé à Montauban, dit-il, j’irai mettre le siège de la raison
261 2534 1049 2573 et de la philosophie devant Bordeaux... »
191 2572 1612 2619 37 Baumé (Ant.), chimiste célèbre par ses utiles découvertes, à
256 2608 1611 2664 qui l’on doit l’aéromètre, et qui établit en France la première
