<?xml version="1.0" encoding="UTF-8"  standalone="yes"?>
<PcGts xmlns="http://schema.primaresearch.org/PAGE/gts/pagecontent/2019-07-15" xmlns:xsi="http://www.w3.org/2001/XMLSchema-instance" xsi:schemaLocation="http://schema.primaresearch.org/PAGE/gts/pagecontent/2019-07-15 http://schema.primaresearch.org/PAGE/gts/pagecontent/2019-07-15/pagecontent.xsd">
  <Metadata>
	<Creator>escriptorium</Creator>
	<Created>2021-04-29T14:35:54.286717+00:00</Created>
    <LastChange>2021-04-29T14:35:54.286808+00:00</LastChange>
  </Metadata>
  <Page imageFilename="1877_01_RDA_N050-10.png" imageWidth="1884" imageHeight="2823">

    
    <TextRegion id="r_1_1"  custom="structure {type:Numbering;}">
      <Coords points="920,78 1096,79 1096,115 920,114"/>
      
      
      <TextLine id="line_1537978376803_30" custom="structure {type:Default;}">
        <Coords points="927,58 999,67 1026,67 1087,59 1094,109 1029,117 996,117 921,108"/>
        <Baseline points="922,103 996,112 1029,112 1093,104"/>
        <TextEquiv>
          <Unicode>- 10 -</Unicode>
        </TextEquiv>
      </TextLine>

      
    </TextRegion>
    
    <TextRegion id="eSc_textblock_6d9d7a60"  custom="structure {type:Main;}">
      <Coords points="277,156 277,2632 1776,2632 1776,156"/>
      
      
      <TextLine id="tl_2" custom="structure {type:Default;}">
        <Coords points="371,169 1730,169 1730,221 371,221"/>
        <Baseline points="371,203 551,206 841,215 1004,208 1072,207 1348,199 1411,209 1467,209 1513,209 1584,209 1730,209"/>
        <TextEquiv>
          <Unicode>fabrique d’ammoniac, memb. de l’Institut.— L. a. s. au comte</Unicode>
        </TextEquiv>
      </TextLine>

      
      
      <TextLine id="tl_3" custom="structure {type:Default;}">
        <Coords points="372,214 1730,214 1730,262 372,262"/>
        <Baseline points="372,248 419,249 568,258 603,252 662,253 793,261 965,253 1666,253 1730,249"/>
        <TextEquiv>
          <Unicode>de Milly, 1 p. in-4., cachet. 5 »</Unicode>
        </TextEquiv>
      </TextLine>

      
      
      <TextLine id="tl_4" custom="structure {type:Default;}">
        <Coords points="409,260 1235,260 1235,302 409,302"/>
        <Baseline points="409,290 564,293 604,293 683,293 920,293 1235,293"/>
        <TextEquiv>
          <Unicode>Relative à des expériences minéralogiques.</Unicode>
        </TextEquiv>
      </TextLine>

      
      
      <TextLine id="tl_5" custom="structure {type:Default;}">
        <Coords points="303,336 308,289 353,298 367,289 421,303 492,294 555,310 593,296 628,310 666,298 680,308 836,298 864,315 930,315 949,296 967,296 986,317 1031,298 1083,310 1120,298 1215,301 1226,312 1238,301 1259,301 1302,308 1314,319 1330,303 1424,303 1441,324 1577,326 1620,326 1641,308 1669,308 1690,326 1723,308 1728,338 1650,350 1328,345 1290,359 1266,341 1217,355 1022,355 1003,343 956,350 937,341 878,341 857,352 638,341 306,343"/>
        <Baseline points="304,338 324,338 402,338 628,341 871,342 934,342 995,342 1105,351 1225,350 1260,342 1320,343 1399,333 1666,344 1730,339"/>
        <TextEquiv>
          <Unicode>38 Bazaine (le maréchal). — L. sig.; 1870, 1 p. in-f. 4 »</Unicode>
        </TextEquiv>
      </TextLine>

      
      
      <TextLine id="tl_6" custom="structure {type:Default;}">
        <Coords points="305,355 1734,355 1734,402 305,402"/>
        <Baseline points="305,389 326,389 404,388 730,393 797,391 891,401 1140,391 1212,391 1353,393 1584,394 1640,394 1690,393 1734,392"/>
        <TextEquiv>
          <Unicode>39 Beauchesne (A. H. de), l’historien de Louis XVII.—L. a. s. à</Unicode>
        </TextEquiv>
      </TextLine>

      
      
      <TextLine id="tl_7" custom="structure {type:Default;}">
        <Coords points="371,399 1731,399 1731,447 371,447"/>
        <Baseline points="371,434 423,434 591,444 660,437 887,445 1005,444 1045,436 1099,437 1212,436 1668,437 1731,433"/>
        <TextEquiv>
          <Unicode>M. Miller, de l’Institut, 1862, 2 p. in-8. 5 »</Unicode>
        </TextEquiv>
      </TextLine>

      
      
      <TextLine id="tl_8" custom="structure {type:Default;}">
        <Coords points="413,445 1730,445 1730,479 413,479"/>
        <Baseline points="413,474 506,475 569,476 840,478 957,477 1034,477 1064,477 1294,477 1356,478 1480,478 1557,477 1649,478 1670,466 1683,465 1730,477"/>
        <TextEquiv>
          <Unicode>Belle et très-curieuse lettre sur son Histoire de Louis XVII. Mme la</Unicode>
        </TextEquiv>
      </TextLine>

      
      
      <TextLine id="tl_9" custom="structure {type:Default;}">
        <Coords points="379,483 1732,483 1732,525 379,525"/>
        <Baseline points="379,513 559,516 628,516 670,517 739,516 854,517 898,517 1031,516 1136,517 1174,523 1284,516 1339,517 1394,517 1491,517 1615,518 1732,515"/>
        <TextEquiv>
          <Unicode>Dauphine lui a dit dans le temps qu’il y avait eu 27 faux Louis XVII</Unicode>
        </TextEquiv>
      </TextLine>

      
      
      <TextLine id="tl_10" custom="structure {type:Default;}">
        <Coords points="379,522 1734,522 1734,564 379,564"/>
        <Baseline points="379,561 437,552 502,553 658,555 759,555 822,556 892,555 1060,554 1108,556 1204,555 1243,557 1299,555 1508,557 1583,561 1734,556"/>
        <TextEquiv>
          <Unicode>qui lui avaient écrit en lui donnant le nom de sœur; mais lui, malgré</Unicode>
        </TextEquiv>
      </TextLine>

      
      
      <TextLine id="tl_11" custom="structure {type:Default;}">
        <Coords points="381,563 1339,563 1339,604 381,604"/>
        <Baseline points="381,591 494,593 568,594 798,600 894,595 932,596 992,595 1190,594 1274,595 1339,595"/>
        <TextEquiv>
          <Unicode>toutes ses recherches, n’en a pu découvrir que 14.</Unicode>
        </TextEquiv>
      </TextLine>

      
      
      <TextLine id="tl_12" custom="structure {type:Default;}">
        <Coords points="308,637 313,595 322,595 430,606 503,597 525,609 638,599 690,609 720,599 730,609 793,611 824,599 857,611 918,611 932,599 972,611 1015,611 1029,599 1047,611 1090,609 1099,599 1163,611 1224,609 1234,599 1255,611 1269,602 1396,602 1420,614 1497,614 1509,602 1580,614 1594,602 1627,602 1657,614 1726,614 1730,642 1723,651 1653,646 1643,656 1575,646 1325,656 1271,653 1262,644 1231,653 313,644"/>
        <Baseline points="309,639 328,639 408,640 752,645 908,644 1061,652 1248,644 1438,646 1502,643 1562,645 1663,644 1733,644"/>
        <TextEquiv>
          <Unicode>40 Beauharnais (le prince Eug.), vice-roi d’Italie. — L. sig. au</Unicode>
        </TextEquiv>
      </TextLine>

      
      
      <TextLine id="tl_13" custom="structure {type:Default;}">
        <Coords points="377,650 1733,650 1733,699 377,699"/>
        <Baseline points="377,685 451,685 517,687 705,699 864,695 983,696 1019,688 1079,688 1196,689 1669,690 1733,686"/>
        <TextEquiv>
          <Unicode>duc de Cadore; Milan, 1810, 1 p. in-4. 4 »</Unicode>
        </TextEquiv>
      </TextLine>

      
      
      <TextLine id="tl_14" custom="structure {type:Default;}">
        <Coords points="418,696 1734,696 1734,739 418,739"/>
        <Baseline points="418,725 442,726 630,729 711,731 823,732 882,730 1021,729 1124,729 1181,729 1332,735 1474,730 1677,731 1734,729"/>
        <TextEquiv>
          <Unicode>Il demande une place de consul pour M. Berdot, ancien secrétaire du</Unicode>
        </TextEquiv>
      </TextLine>

      
      
      <TextLine id="tl_16" custom="structure {type:Default;}">
        <Coords points="308,781 1734,781 1734,828 308,828"/>
        <Baseline points="308,815 328,815 404,813 876,818 970,826 1169,817 1209,817 1409,818 1465,818 1510,818 1672,809 1734,818"/>
        <TextEquiv>
          <Unicode>41 Beaumarchais (Caron de), l’auteur du Mariage de Figaro. — L.</Unicode>
        </TextEquiv>
      </TextLine>

      
      
      <TextLine id="tl_17" custom="structure {type:Default;}">
        <Coords points="374,819 1733,819 1733,873 374,873"/>
        <Baseline points="374,859 456,860 500,861 569,862 637,863 830,872 1072,870 1192,871 1227,862 1286,862 1405,863 1533,862 1667,863 1733,859"/>
        <TextEquiv>
          <Unicode>aut. à M. de Francy; Bordeaux, 1782, 1 p. in-4. 6 »</Unicode>
        </TextEquiv>
      </TextLine>

      
      
      <TextLine id="tl_18" custom="structure {type:Default;}">
        <Coords points="309,876 1733,876 1733,923 309,923"/>
        <Baseline points="309,909 329,909 407,908 817,921 967,913 1114,912 1205,912 1283,913 1530,914 1733,913"/>
        <TextEquiv>
          <Unicode>42 Beffara (L.-Franc.), érudit connu par ses recherches savantes</Unicode>
        </TextEquiv>
      </TextLine>

      
      
      <TextLine id="tl_19" custom="structure {type:Default;}">
        <Coords points="375,921 1735,921 1735,969 375,969"/>
        <Baseline points="375,954 443,954 645,966 713,958 834,959 1000,958 1061,947 1123,958 1178,958 1229,958 1273,957 1422,959 1488,958 1735,966"/>
        <TextEquiv>
          <Unicode>sur Molière, né dans l’Eure. — L. a. s. à Lucas de Montigny,</Unicode>
        </TextEquiv>
      </TextLine>

      
      
      <TextLine id="tl_20" custom="structure {type:Default;}">
        <Coords points="381,966 1736,966 1736,1012 381,1012"/>
        <Baseline points="381,998 476,1008 515,1001 569,1002 687,1003 1672,1003 1736,999"/>
        <TextEquiv>
          <Unicode>1829, 3 p. in-4. 5 »</Unicode>
        </TextEquiv>
      </TextLine>

      
      
      <TextLine id="tl_21" custom="structure {type:Default;}">
        <Coords points="416,1010 1736,1010 1736,1052 416,1052"/>
        <Baseline points="416,1040 741,1044 860,1043 918,1043 1022,1042 1082,1043 1156,1042 1373,1043 1448,1042 1514,1043 1642,1044 1736,1035"/>
        <TextEquiv>
          <Unicode>Très-intéressante lettre au sujet de ses recherches sur les divers por¬</Unicode>
        </TextEquiv>
      </TextLine>

      
      
      <TextLine id="tl_22" custom="structure {type:Default;}">
        <Coords points="378,1050 1469,1050 1469,1091 378,1091"/>
        <Baseline points="378,1078 477,1080 537,1082 698,1083 776,1082 935,1086 1118,1086 1272,1081 1325,1081 1469,1082"/>
        <TextEquiv>
          <Unicode>traits de Molière par Drujon, Boucher, Martini et autres.</Unicode>
        </TextEquiv>
      </TextLine>

      
      
      <TextLine id="tl_23" custom="structure {type:Default;}">
        <Coords points="310,1095 1737,1095 1737,1141 310,1141"/>
        <Baseline points="310,1129 329,1129 408,1128 755,1138 941,1131 1365,1131 1480,1131 1545,1131 1737,1123"/>
        <TextEquiv>
          <Unicode>43 Bellart (Nic.-F.), fameux procureur-général sous la Restau¬</Unicode>
        </TextEquiv>
      </TextLine>

      
      
      <TextLine id="tl_24" custom="structure {type:Default;}">
        <Coords points="379,1138 1738,1138 1738,1187 379,1187"/>
        <Baseline points="379,1173 523,1183 767,1176 857,1176 1090,1176 1195,1176 1250,1176 1301,1176 1345,1176 1414,1176 1483,1176 1618,1185 1738,1183"/>
        <TextEquiv>
          <Unicode>ration, chansonné par Béranger. — L. a. s. à M. de Metz, 1824,</Unicode>
        </TextEquiv>
      </TextLine>

      
      
      <TextLine id="tl_25" custom="structure {type:Default;}">
        <Coords points="382,1185 1738,1185 1738,1229 382,1229"/>
        <Baseline points="382,1217 392,1217 453,1218 572,1220 1676,1223 1738,1218"/>
        <TextEquiv>
          <Unicode>I p. in-8. 3 »</Unicode>
        </TextEquiv>
      </TextLine>

      
      
      <TextLine id="tl_26" custom="structure {type:Default;}">
        <Coords points="310,1260 315,1216 341,1216 355,1228 395,1218 409,1228 438,1218 503,1228 525,1218 544,1230 621,1230 631,1220 659,1230 807,1220 817,1230 843,1220 859,1232 885,1220 909,1232 934,1220 986,1220 1022,1235 1036,1220 1085,1235 1102,1220 1153,1220 1165,1230 1234,1220 1262,1237 1281,1223 1469,1225 1500,1239 1554,1239 1568,1225 1639,1239 1681,1225 1733,1239 1737,1272 1681,1282 1672,1272 1566,1279 1403,1270 1365,1279 1259,1267 1139,1277 1097,1277 1088,1267 1055,1277 690,1265 546,1272 503,1263 313,1270"/>
        <Baseline points="312,1262 332,1262 411,1261 679,1266 904,1266 1007,1274 1081,1265 1254,1266 1491,1266 1553,1274 1620,1267 1739,1275"/>
        <TextEquiv>
          <Unicode>44 Belle-Isle (le maréchal de), de l’Acad. française. — L. sig.,</Unicode>
        </TextEquiv>
      </TextLine>

      
      
      <TextLine id="tl_27" custom="structure {type:Default;}">
        <Coords points="382,1269 1741,1269 1741,1320 382,1320"/>
        <Baseline points="382,1307 479,1316 513,1309 572,1310 678,1311 1390,1309 1677,1310 1741,1308"/>
        <TextEquiv>
          <Unicode>1758, 1 p. in-4. 2 »</Unicode>
        </TextEquiv>
      </TextLine>

      
      
      <TextLine id="tl_28" custom="structure {type:Default;}">
        <Coords points="311,1323 1741,1323 1741,1371 311,1371"/>
        <Baseline points="311,1356 331,1356 410,1357 697,1361 866,1361 1100,1368 1365,1367 1683,1361 1741,1363"/>
        <TextEquiv>
          <Unicode>45 Benedetti (le comte Vincent), diplomate, ambassadeur à</Unicode>
        </TextEquiv>
      </TextLine>

      
      
      <TextLine id="tl_29" custom="structure {type:Default;}">
        <Coords points="377,1367 1738,1367 1738,1411 377,1411"/>
        <Baseline points="377,1402 515,1404 584,1405 702,1411 758,1407 872,1406 927,1405 1037,1405 1097,1405 1257,1405 1377,1405 1420,1404 1477,1405 1738,1406"/>
        <TextEquiv>
          <Unicode>Berlin en 1870, et dont le nom se trouve mêlé à la déclaration</Unicode>
        </TextEquiv>
      </TextLine>

      
      
      <TextLine id="tl_30" custom="structure {type:Default;}">
        <Coords points="376,1444 383,1404 421,1416 529,1409 588,1418 673,1418 682,1409 711,1418 850,1418 871,1406 883,1418 934,1409 965,1420 989,1406 1029,1420 1104,1409 1128,1420 1196,1406 1262,1420 1276,1406 1349,1406 1356,1416 1478,1411 1490,1423 1542,1411 1563,1423 1577,1409 1709,1409 1730,1413 1737,1458 1561,1453 1540,1463 1483,1453 1457,1463 1368,1463 1123,1451 1113,1460 1064,1460 1047,1451 916,1458 904,1449 885,1458 798,1449 786,1458 746,1449 722,1458 678,1458 664,1449 579,1458 379,1449"/>
        <Baseline points="377,1445 424,1447 608,1450 674,1451 732,1451 794,1450 845,1450 888,1450 965,1449 1031,1449 1118,1450 1249,1458 1489,1449 1559,1450 1738,1459"/>
        <TextEquiv>
          <Unicode>de guerre. — L. a. s. à un de ses amis, diplomate en Orient;</Unicode>
        </TextEquiv>
      </TextLine>

      
      
      <TextLine id="tl_31" custom="structure {type:Default;}">
        <Coords points="381,1457 1737,1457 1737,1505 381,1505"/>
        <Baseline points="381,1492 508,1500 571,1495 666,1495 786,1500 827,1495 881,1495 966,1494 1078,1494 1674,1496 1737,1494"/>
        <TextEquiv>
          <Unicode>Paris, 13 mai 1859, 3 p. 1/4 in-8. 8 »</Unicode>
        </TextEquiv>
      </TextLine>

      
      
      <TextLine id="tl_32" custom="structure {type:Default;}">
        <Coords points="420,1504 1740,1504 1740,1543 420,1543"/>
        <Baseline points="420,1534 580,1536 709,1536 881,1536 928,1535 987,1534 1136,1535 1292,1535 1351,1534 1445,1534 1692,1536 1740,1537"/>
        <TextEquiv>
          <Unicode>Curieuse lettre relative à la guerre d’Italie et aux précautions à</Unicode>
        </TextEquiv>
      </TextLine>

      
      
      <TextLine id="tl_33" custom="structure {type:Default;}">
        <Coords points="381,1543 1740,1543 1740,1583 381,1583"/>
        <Baseline points="381,1581 527,1575 559,1574 851,1575 951,1574 1070,1574 1152,1574 1203,1573 1377,1574 1541,1574 1601,1575 1740,1576"/>
        <TextEquiv>
          <Unicode>prendre à Constantinople pour éviter que la question d&#39;Orient ne vienne</Unicode>
        </TextEquiv>
      </TextLine>

      
      
      <TextLine id="tl_34" custom="structure {type:Default;}">
        <Coords points="380,1583 1740,1583 1740,1624 380,1624"/>
        <Baseline points="380,1612 593,1614 660,1615 852,1614 1061,1613 1130,1613 1353,1613 1455,1614 1740,1616"/>
        <TextEquiv>
          <Unicode>compliquer la question pendante et provoquer une conflagration</Unicode>
        </TextEquiv>
      </TextLine>

      
      
      <TextLine id="tl_36" custom="structure {type:Default;}">
        <Coords points="313,1698 315,1651 346,1651 365,1663 381,1656 581,1665 624,1665 635,1656 708,1665 746,1651 779,1665 810,1651 824,1667 960,1653 972,1665 1059,1670 1092,1656 1151,1670 1212,1656 1222,1665 1285,1667 1368,1667 1394,1658 1448,1672 1554,1660 1573,1674 1594,1674 1606,1663 1643,1674 1657,1660 1676,1660 1700,1674 1714,1660 1735,1660 1742,1700 1622,1710 1203,1710 1156,1700 1057,1712 970,1700 923,1710 866,1710 854,1700 819,1710 317,1703"/>
        <Baseline points="314,1700 335,1700 413,1699 781,1710 838,1701 1021,1701 1154,1701 1456,1702 1518,1707 1580,1702 1640,1703 1692,1703 1745,1703"/>
        <TextEquiv>
          <Unicode>46 Béranger (P.-J.), le célèbre poète chansonnier. — L. a. s. à</Unicode>
        </TextEquiv>
      </TextLine>

      
      
      <TextLine id="tl_37" custom="structure {type:Default;}">
        <Coords points="381,1710 1739,1710 1739,1758 381,1758"/>
        <Baseline points="381,1745 419,1745 431,1732 653,1755 802,1746 868,1747 943,1747 1096,1753 1160,1746 1284,1746 1403,1754 1440,1747 1495,1748 1607,1748 1676,1747 1739,1744"/>
        <TextEquiv>
          <Unicode>Mlle Raoulx; prison de La Force, 16 janv. 1829, 3 p. in-8. 8 »</Unicode>
        </TextEquiv>
      </TextLine>

      
      
      <TextLine id="tl_38" custom="structure {type:Default;}">
        <Coords points="422,1755 1743,1755 1743,1796 422,1796"/>
        <Baseline points="422,1787 586,1788 707,1788 791,1787 855,1787 1062,1786 1116,1786 1183,1787 1364,1787 1486,1786 1571,1788 1743,1788"/>
        <TextEquiv>
          <Unicode>Curieuse lettre sur sa détention. Il ne s’étonne point que certains</Unicode>
        </TextEquiv>
      </TextLine>

      
      
      <TextLine id="tl_39" custom="structure {type:Default;}">
        <Coords points="382,1795 1743,1795 1743,1835 382,1835"/>
        <Baseline points="382,1833 565,1826 642,1826 698,1827 860,1825 930,1826 1035,1826 1099,1825 1210,1825 1347,1826 1395,1826 1485,1826 1554,1827 1685,1827 1743,1828"/>
        <TextEquiv>
          <Unicode>politiques qui se disaient ses amis lui aient tourné le dos. La prison ne</Unicode>
        </TextEquiv>
      </TextLine>

      
      
      <TextLine id="tl_40" custom="structure {type:Default;}">
        <Coords points="382,1834 1742,1834 1742,1881 382,1881"/>
        <Baseline points="382,1865 412,1865 571,1867 660,1870 720,1865 760,1865 933,1866 1020,1866 1105,1865 1163,1866 1293,1866 1343,1866 1461,1866 1521,1865 1588,1874 1742,1865"/>
        <TextEquiv>
          <Unicode>le corrige pas, et il s’étonne que l’on se donne la peine de l’y mettre.</Unicode>
        </TextEquiv>
      </TextLine>

      
      
      <TextLine id="tl_41" custom="structure {type:Default;}">
        <Coords points="383,1874 1744,1874 1744,1913 383,1913"/>
        <Baseline points="383,1904 410,1904 482,1912 643,1905 742,1905 872,1910 981,1904 1029,1905 1121,1904 1272,1905 1353,1904 1487,1906 1590,1906 1693,1905 1744,1905"/>
        <TextEquiv>
          <Unicode>Il s’y ennuira sans doute, mais il n’en vaudra pas mieux pour cela. Il</Unicode>
        </TextEquiv>
      </TextLine>

      
      
      <TextLine id="tl_42" custom="structure {type:Default;}">
        <Coords points="383,1914 1744,1914 1744,1953 383,1953"/>
        <Baseline points="383,1944 404,1944 509,1944 729,1949 829,1943 914,1944 995,1943 1066,1943 1157,1942 1196,1944 1273,1942 1333,1943 1474,1944 1534,1945 1585,1945 1744,1945"/>
        <TextEquiv>
          <Unicode>a deux existences, dont une qui est tout à fait en dehors de la société.</Unicode>
        </TextEquiv>
      </TextLine>

      
      
      <TextLine id="tl_43" custom="structure {type:Default;}">
        <Coords points="313,1990 320,1945 430,1959 503,1957 513,1947 680,1959 711,1947 722,1961 857,1961 868,1950 885,1961 970,1952 1005,1961 1026,1947 1111,1961 1135,1947 1231,1957 1276,1950 1304,1964 1335,1964 1349,1950 1471,1959 1514,1950 1551,1961 1573,1950 1608,1950 1622,1964 1705,1950 1733,1964 1737,1999 317,1999"/>
        <Baseline points="314,1992 334,1992 440,1993 507,1993 688,1991 742,1993 798,1994 848,1993 892,1992 984,1992 1104,1993 1325,2002 1552,1993 1616,1993 1739,2000"/>
        <TextEquiv>
          <Unicode>47 Le même. — L. a. s. à son cher Auguste; dimanche 21 oct.,</Unicode>
        </TextEquiv>
      </TextLine>

      
      
      <TextLine id="tl_44" custom="structure {type:Default;}">
        <Coords points="381,2002 1744,2002 1744,2047 381,2047"/>
        <Baseline points="381,2038 402,2038 457,2038 576,2039 763,2038 958,2038 1680,2038 1744,2034"/>
        <TextEquiv>
          <Unicode>3 p. in-8. Adresse raturée. 6 »</Unicode>
        </TextEquiv>
      </TextLine>

      
      
      <TextLine id="tl_45" custom="structure {type:Default;}">
        <Coords points="422,2046 1742,2046 1742,2087 422,2087"/>
        <Baseline points="422,2080 469,2079 570,2080 634,2079 779,2079 1041,2077 1090,2078 1127,2078 1220,2077 1307,2077 1368,2078 1449,2078 1549,2078 1609,2079 1742,2082"/>
        <TextEquiv>
          <Unicode>Le goût du monde l’abandonne. Il a déjà fait un pas hors de Paris,</Unicode>
        </TextEquiv>
      </TextLine>

      
      
      <TextLine id="tl_46" custom="structure {type:Default;}">
        <Coords points="382,2087 1746,2087 1746,2128 382,2128"/>
        <Baseline points="382,2119 416,2118 456,2118 535,2117 784,2119 821,2118 925,2117 986,2118 1094,2117 1132,2117 1429,2121 1472,2117 1538,2118 1674,2118 1746,2119"/>
        <TextEquiv>
          <Unicode>et il est très-disposé à aller se fixer à Fontainebleau, « au milieu de</Unicode>
        </TextEquiv>
      </TextLine>

      
      
      <TextLine id="tl_47" custom="structure {type:Default;}">
        <Coords points="384,2122 1744,2122 1744,2167 384,2167"/>
        <Baseline points="384,2157 472,2157 578,2158 683,2157 744,2158 818,2157 965,2161 1085,2162 1179,2154 1348,2157 1396,2156 1442,2157 1528,2157 1587,2158 1706,2157 1744,2156"/>
        <TextEquiv>
          <Unicode>cette belle forêt où j’ai trouvé, dit-il, tant d’ombre et si peu de bruit. »</Unicode>
        </TextEquiv>
      </TextLine>

      
      
      <TextLine id="tl_48" custom="structure {type:Default;}">
        <Coords points="385,2165 1745,2165 1745,2205 385,2205"/>
        <Baseline points="385,2197 714,2197 775,2198 909,2196 973,2196 1049,2196 1149,2196 1209,2195 1359,2201 1439,2196 1568,2197 1703,2196 1745,2196"/>
        <TextEquiv>
          <Unicode>Recommandation en faveur du fils aîné de Talma, qui désire entrer à</Unicode>
        </TextEquiv>
      </TextLine>

      
      
      <TextLine id="tl_49" custom="structure {type:Default;}">
        <Coords points="384,2203 1744,2203 1744,2246 384,2246"/>
        <Baseline points="384,2237 501,2236 567,2236 746,2237 795,2236 893,2234 1055,2235 1100,2236 1156,2235 1274,2236 1429,2236 1496,2236 1596,2236 1676,2236 1744,2235"/>
        <TextEquiv>
          <Unicode>l’école de Saumur. Il faut assurer à ce jeune homme un nom qui lui</Unicode>
        </TextEquiv>
      </TextLine>

      
      
      <TextLine id="tl_51" custom="structure {type:Default;}">
        <Coords points="317,2324 322,2277 360,2286 522,2279 553,2288 680,2288 708,2279 751,2291 864,2291 880,2277 894,2288 911,2274 946,2274 970,2293 991,2274 1024,2274 1047,2288 1109,2288 1137,2274 1161,2291 1186,2284 1193,2293 1219,2277 1257,2277 1269,2288 1332,2286 1361,2298 1384,2279 1422,2281 1436,2293 1507,2279 1523,2296 1540,2281 1620,2281 1641,2298 1657,2281 1688,2281 1721,2286 1740,2321 1733,2336 1636,2343 1542,2333 1370,2333 1347,2343 1283,2331 1153,2340 984,2328 965,2338 880,2336 861,2326 845,2336 685,2326 320,2328"/>
        <Baseline points="318,2325 338,2325 443,2325 504,2325 681,2327 740,2326 800,2326 850,2325 899,2325 968,2324 1208,2331 1364,2333 1432,2325 1526,2326 1645,2333 1686,2325 1742,2324"/>
        <TextEquiv>
          <Unicode>48 Le même. — L. a. s. à M. Tournier; Passy, 20 oct. 1846, 2 p.</Unicode>
        </TextEquiv>
      </TextLine>

      
      
      <TextLine id="tl_52" custom="structure {type:Default;}">
        <Coords points="386,2335 1744,2335 1744,2371 386,2371"/>
        <Baseline points="386,2370 483,2371 1681,2370 1744,2366"/>
        <TextEquiv>
          <Unicode>in-8. 5 »</Unicode>
        </TextEquiv>
      </TextLine>

      
      
      <TextLine id="tl_53" custom="structure {type:Default;}">
        <Coords points="423,2379 1525,2379 1525,2419 423,2419"/>
        <Baseline points="423,2411 601,2411 715,2410 791,2410 874,2410 987,2410 1044,2410 1137,2410 1214,2409 1277,2409 1345,2409 1525,2410"/>
        <TextEquiv>
          <Unicode>Très-jolie lettre sur une pièce de vers qui lui est soumise.</Unicode>
        </TextEquiv>
      </TextLine>

      
      
      <TextLine id="tl_54" custom="structure {type:Default;}">
        <Coords points="316,2423 1741,2423 1741,2471 316,2471"/>
        <Baseline points="316,2462 335,2462 413,2459 670,2466 843,2460 1033,2459 1093,2460 1388,2468 1457,2459 1499,2459 1741,2449"/>
        <TextEquiv>
          <Unicode>49 Berg (C.-M.), célèbre pianiste et compositeur, né à Colmar.—</Unicode>
        </TextEquiv>
      </TextLine>

      
      
      <TextLine id="tl_55" custom="structure {type:Default;}">
        <Coords points="383,2469 1748,2469 1748,2515 383,2515"/>
        <Baseline points="383,2505 425,2505 492,2506 554,2506 610,2505 691,2505 859,2505 1103,2514 1395,2513 1524,2513 1572,2504 1649,2504 1748,2504"/>
        <TextEquiv>
          <Unicode>L. a. s. à M. Simon Richault; Strasbourg, 1834, 1 p. 1/4</Unicode>
        </TextEquiv>
      </TextLine>

      
      
      <TextLine id="tl_56" custom="structure {type:Default;}">
        <Coords points="388,2515 1748,2515 1748,2550 388,2550"/>
        <Baseline points="388,2550 485,2550 1684,2549 1748,2546"/>
        <TextEquiv>
          <Unicode>in-4. 6 »</Unicode>
        </TextEquiv>
      </TextLine>

      
      
      <TextLine id="tl_57" custom="structure {type:Default;}">
        <Coords points="426,2559 1428,2559 1428,2600 426,2600"/>
        <Baseline points="426,2591 682,2592 799,2593 878,2592 953,2591 1217,2590 1428,2590"/>
        <TextEquiv>
          <Unicode>Très-curieuse lettre sur ses compositions musicales.</Unicode>
        </TextEquiv>
      </TextLine>

      
    </TextRegion>
    

    
    <TextRegion id="eSc_dummyblock_">
    
    
      <TextLine id="tl_15" custom="structure {type:Default;}">
        <Coords points="376,736 663,736 663,773 376,773"/>
        <Baseline points="376,773 514,767 663,768"/>
        <TextEquiv>
          <Unicode>général Hoche.</Unicode>
        </TextEquiv>
      </TextLine>

    
    
      <TextLine id="tl_35" custom="structure {type:Default;}">
        <Coords points="383,1624 610,1624 610,1661 383,1661"/>
        <Baseline points="383,1651 610,1653"/>
        <TextEquiv>
          <Unicode>européenne.</Unicode>
        </TextEquiv>
      </TextLine>

    
    
      <TextLine id="tl_50" custom="structure {type:Default;}">
        <Coords points="385,2245 885,2245 885,2277 385,2277"/>
        <Baseline points="385,2276 453,2274 538,2275 885,2275"/>
        <TextEquiv>
          <Unicode>soit une recommandation.</Unicode>
        </TextEquiv>
      </TextLine>

    
    </TextRegion>
    
  </Page>
</PcGts>
