1884 2823
921 58 1094 117 - 10 -
371 169 1730 221 fabrique d’ammoniac, memb. de l’Institut.— L. a. s. au comte
372 214 1730 262 de Milly, 1 p. in-4., cachet. 5 »
409 260 1235 302 Relative à des expériences minéralogiques.
304 305 1730 353 38 Bazaine (le maréchal). — L. sig.; 1870, 1 p. in-f. 4 »
305 355 1734 402 39 Beauchesne (A. H. de), l’historien de Louis XVII.—L. a. s. à
371 399 1731 447 M. Miller, de l’Institut, 1862, 2 p. in-8. 5 »
413 445 1730 479 Belle et très-curieuse lettre sur son Histoire de Louis XVII. Mme la
379 483 1732 525 Dauphine lui a dit dans le temps qu’il y avait eu 27 faux Louis XVII
379 522 1734 564 qui lui avaient écrit en lui donnant le nom de sœur; mais lui, malgré
381 563 1339 604 toutes ses recherches, n’en a pu découvrir que 14.
309 607 1733 655 40 Beauharnais (le prince Eug.), vice-roi d’Italie. — L. sig. au
377 650 1733 699 duc de Cadore; Milan, 1810, 1 p. in-4. 4 »
418 696 1734 739 Il demande une place de consul pour M. Berdot, ancien secrétaire du
308 781 1734 828 41 Beaumarchais (Caron de), l’auteur du Mariage de Figaro. — L.
374 819 1733 873 aut. à M. de Francy; Bordeaux, 1782, 1 p. in-4. 6 »
309 876 1733 923 42 Beffara (L.-Franc.), érudit connu par ses recherches savantes
375 921 1735 969 sur Molière, né dans l’Eure. — L. a. s. à Lucas de Montigny,
381 966 1736 1012 1829, 3 p. in-4. 5 »
416 1010 1736 1052 Très-intéressante lettre au sujet de ses recherches sur les divers por¬
378 1050 1469 1091 traits de Molière par Drujon, Boucher, Martini et autres.
310 1095 1737 1141 43 Bellart (Nic.-F.), fameux procureur-général sous la Restau¬
379 1138 1738 1187 ration, chansonné par Béranger. — L. a. s. à M. de Metz, 1824,
382 1185 1738 1229 I p. in-8. 3 »
312 1228 1739 1276 44 Belle-Isle (le maréchal de), de l’Acad. française. — L. sig.,
382 1269 1741 1320 1758, 1 p. in-4. 2 »
311 1323 1741 1371 45 Benedetti (le comte Vincent), diplomate, ambassadeur à
377 1367 1738 1411 Berlin en 1870, et dont le nom se trouve mêlé à la déclaration
377 1412 1738 1463 de guerre. — L. a. s. à un de ses amis, diplomate en Orient;
381 1457 1737 1505 Paris, 13 mai 1859, 3 p. 1/4 in-8. 8 »
420 1504 1740 1543 Curieuse lettre relative à la guerre d’Italie et aux précautions à
381 1543 1740 1583 prendre à Constantinople pour éviter que la question d'Orient ne vienne
380 1583 1740 1624 compliquer la question pendante et provoquer une conflagration
314 1666 1745 1713 46 Béranger (P.-J.), le célèbre poète chansonnier. — L. a. s. à
381 1710 1739 1758 Mlle Raoulx; prison de La Force, 16 janv. 1829, 3 p. in-8. 8 »
422 1755 1743 1796 Curieuse lettre sur sa détention. Il ne s’étonne point que certains
382 1795 1743 1835 politiques qui se disaient ses amis lui aient tourné le dos. La prison ne
382 1834 1742 1881 le corrige pas, et il s’étonne que l’on se donne la peine de l’y mettre.
383 1874 1744 1913 Il s’y ennuira sans doute, mais il n’en vaudra pas mieux pour cela. Il
383 1914 1744 1953 a deux existences, dont une qui est tout à fait en dehors de la société.
314 1958 1739 2004 47 Le même. — L. a. s. à son cher Auguste; dimanche 21 oct.,
381 2002 1744 2047 3 p. in-8. Adresse raturée. 6 »
422 2046 1742 2087 Le goût du monde l’abandonne. Il a déjà fait un pas hors de Paris,
382 2087 1746 2128 et il est très-disposé à aller se fixer à Fontainebleau, « au milieu de
384 2122 1744 2167 cette belle forêt où j’ai trouvé, dit-il, tant d’ombre et si peu de bruit. »
385 2165 1745 2205 Recommandation en faveur du fils aîné de Talma, qui désire entrer à
384 2203 1744 2246 l’école de Saumur. Il faut assurer à ce jeune homme un nom qui lui
318 2289 1742 2335 48 Le même. — L. a. s. à M. Tournier; Passy, 20 oct. 1846, 2 p.
386 2335 1744 2371 in-8. 5 »
423 2379 1525 2419 Très-jolie lettre sur une pièce de vers qui lui est soumise.
316 2423 1741 2471 49 Berg (C.-M.), célèbre pianiste et compositeur, né à Colmar.—
383 2469 1748 2515 L. a. s. à M. Simon Richault; Strasbourg, 1834, 1 p. 1/4
388 2515 1748 2550 in-4. 6 »
426 2559 1428 2600 Très-curieuse lettre sur ses compositions musicales.
376 736 663 773 général Hoche.
383 1624 610 1661 européenne.
385 2245 885 2277 soit une recommandation.
