1432 2245
599 102 721 129 - 6 -
152 176 1243 209 arriver à bon port, c’est qu’apparemment je n’étais pas fait pour être
151 208 1243 240 auteur. Je ne sais pourtant si je suis bien appelé à l’état d’avocat,
151 239 609 271 que je suis venu reprendre. »
99 269 1246 308 19 Condé (Henri II de Bourbon, prince de), père du Grand Condé.
151 306 1244 343 — L. a. s.; Valéry, 13 oct. 1621, 1 p. in-4. Légère
151 341 1243 371 écornure. 15 »
190 377 1243 409 Relative à l’expédition des Bulles de l’Archevêché de Bourges et
154 408 767 440 des abbayes de Breteuil et de Ferrières.
99 440 1243 477 20 Condé (Louise-Marie-Thérèse-Bathilde d'Orléans, princesse
154 475 1239 512 de), mère du duc d’Enghien. — L. a. s.; fév. 1789, 1 p.
153 511 1243 539 in-8. 10 »
192 547 1245 578 Demande de pension en faveur de la veuve du sieur Gros, vétéran
154 578 497 610 de la musique du Roi.
100 608 1243 650 21 Crébillon père, poète tragique, de l’Acad. fr. — Approbation
154 645 1244 680 de 4 lig. aut. sig. au bas du manuscrit du Siège de Cythère,
152 677 1249 715 1743, 30 p. in-f. 5 »
101 716 1242 751 22 Cuvier (Georges), illustre naturaliste, de de l’Acad. fr. — L. a.
153 745 1245 793 s. à Michaud, 1 p. in-4. Rare aut. sig. 8 »
194 787 926 818 Sur sa collaboration à la Biographie Michaud.
101 818 1246 855 23 Gzynski (Jean), littérateur et historien polonais. — L. a. s.,
156 853 1245 895 en français, à un auteur dramatique, 1861, 2 p. in-8. 3 »
195 889 1246 921 Il annonce qu’il a fait représenter deux comédies et un drame au
156 920 1244 952 théâtre de la Porte-Saint-Martin, sous le pseudonyme d’Ernest Rollin,
160 952 1198 984 et qu’il lui enverra son dernier travail intitulé : Israël en Pologne.
102 983 1245 1023 24 Delaroche (Paul), peintre célèbre. — L. a. s. à M. Bureau
156 1018 1245 1054 de la Malle, 1 p. in-8. Jolie lettre. 5 »
103 1053 1247 1090 25 Delisle de la Drevetière (L.-F.), poète et auteur drama¬
156 1089 1243 1126 tique du XVIIIe siècle, né à Sèze-la-Rousse (Drôme). — L. a.
157 1125 1243 1162 s. à Danchet, de l’Acad. fr.; Versailles, 30 juil. 1737, 1 p.
156 1161 1247 1189 in-4. Cachet armorié. 5 »
105 1196 1250 1232 26 Demoustiers (Ch.-A.), littérateur célèbre, auteur des Lettres
157 1231 1249 1267 à Emilie, né à Villers-Cotterets. — L. a. s. à M. Deshayes;
158 1267 1247 1309 Compiègne, 30 therm. an VIII, 1 p. 1/2 in-8. 5 »
195 1304 862 1329 Jolie lettre sur le mauvais état de sa santé.
106 1338 1247 1375 27 Des Essarts (Charlotte de la Haye), comtesse de Romorantin,
157 1373 1249 1410 maîtresse de Henri IV, puis du cardinal de Guise, maréchale
157 1409 1251 1446 de l’Hospital, condamnée par contumace, en 1633, pour sa
158 1445 1249 1482 participation au traité signé avec l’Espagne. — Quitt. sig.,
156 1480 1248 1515 sur vélin, 1622, in-4. obi. 15 »
193 1516 1250 1547 Reçu de la somme dé 12,000 livres, à elle ordonnée par sa Majesté
156 1548 1248 1579 pour être employée à l’acquittement des dettes de Mlles de Romorantin,
156 1580 533 1604 sœurs naturelles du Roi.
100 1614 1248 1653 28 Fiquet (François), sculpteur distingué du XVIIIe siècle. —
153 1649 1248 1687 Quitt. sig., sur vélin, 1704, in-8. Obl. 3 »
99 1689 1249 1730 29 Foix (Paul de), homme illustre du règne de Charles IX par son
152 1725 1248 1763 savoir et sa tolérance, archevêque de Toulouse. — Quit. sig.
152 1760 1247 1797 sur vélin, 16 déc. 1578, in-4, fragment de cachet. Très-rare. 10 »
191 1796 1248 1827 Reçu de 300 écus sols comme » commissaire député par sa Majesté
152 1827 1249 1859 pour l’établissement et observance de l’édit de pacification des troubles
151 1859 974 1891 des provinces do Guienne, Languedoc et Dauphiné. »
98 1894 1248 1930 30 Girardin (Emile de), le célèbre publiciste. — L. a. s. à un
151 1930 1245 1967 littérateur; Enghien, jeudi 2 août, 5 heures du matin, 4 p.
154 1966 1248 1994 in-8. 12 »
189 2001 1250 2033 Belle et remarquable lettre. Après avoir débuté par une espèce de
152 2032 1250 2064 cours d'hygiène, il se livre à des considérations physiologiques sur
151 2056 1248 2096 l’esprit de notre époque. Des femmes, selon lui, s'accoutument trop
