1432 2245
621 104 743 132 — 6 -
132 179 1265 217 7 Aubryet (Xavier), littérateur et romancier contemporain. —
164 209 1263 250 L. a. s. à Philarète Chasles, 1 p. in-18. 3 »
205 251 1266 285 Spirituelle lettre d'invitation pour assister, au Théâtre-Lyrique, à une
167 283 1249 315 représentation du Médecin malgré lui, mis en musique par Gounod.
131 314 1268 356 8 Baer (Alexandre), général et savant russe, grand-maître de la
166 349 1267 412 police à Riga, puis à Moscou. —L. a. s., en français, à M. Jules
167 380 1265 423 Leportier ; Saint-Pétersbourg, 1836, 3 p. 1/2 in-4, cachet. 3 »
129 417 1267 462 9 Balzac (Honoré de), le grand romancier. — L. a. s. de ses
164 454 1265 499 initiales à Mme... (le nom a été biffé), 1 p. in-4, cachet. 4 »
112 493 1265 536 10 Barrot (Odilon), célèbre orateur et homme d’Etat. — L. a. s.;
164 535 1266 573 Villeneuve, près Soissons, 2 avril 1848, 2 p. in-8. 3 »
201 572 1268 604 Curieuse lettre sur les élections. Il donne son opinion sur deux can¬
170 602 1269 636 didats, MM. Evariste Bavoux et Bastide. Il croit le premier complète¬
168 635 1269 667 ment opposé aux idées anti-sociales; quant au second, il le tient pour
166 666 531 697 républicain très-avancé.
114 702 1268 738 11 Barruel (l’abbé), célèbre par ses luttes contre les philosophes
164 729 1265 776 et la Révolution, auteur des Mémoires sur le Jacobinisme. — Reçu
165 768 1265 810 de 2 lig. aut. sig., 1789, 1/2 p. in-4. 2 »
113 812 1266 854 12 Barthélemy-Saint-Hilaire (Jules), philosophe, publiciste et
164 843 1261 884 homme politique, ministre des affaires étrangères. — L. a. s.
166 884 1267 921 à l’éditeur Didier, 1858, 1 p. in-8. 3 »
202 920 961 952 Belle lettre sur la nouvelle édition de Channing.
114 942 1265 995 13 Baudin (Charles), célèbre amiral, né à Sedan. — L. a. s. au
165 991 1268 1029 chef d’état-major de la province d’Oran ; Mers-el-Kébir, 2 mars
169 1027 1268 1064 1837, 2 p. in-4. 4 »
203 1063 859 1095 Curieuse lettre sur la campagne d’Afrique.
116 1098 1272 1135 14 Baudot (M.-A.), célèbre conventionnel (Saône-et-Loire), défen¬
168 1126 1265 1173 seur de Hoche contre Saint-Just, mort en 1830. — Pièce aut.
169 1170 1270 1207 sig. ; Bayonne, 5 vent, an III, 1 p. in-4, cachet. 4 »
203 1206 1273 1238 Belle lettre écrite comme représentant du peuple près l'armée des
172 1237 1271 1269 Pyrénées-Occidentales. En marge se trouve une apostille signée du
170 1269 419 1300 général Moncey.
118 1303 1271 1340 15 Beauvillier (Marie de), abbesse de Montmartre, maîtresse de
170 1332 1269 1376 Henri IV. — Quitt. sig. sur vélin, 1639, in-8, cachet. 3 »
121 1380 1274 1416 16 Bellegarde (Roger de Saint-Larry, seigneur de), grand-écuyer
172 1415 1274 1451 de France, amant de Gabrielle d’Estrées avant Henri IV. —
172 1451 1273 1488 Pièce sig., 1628, 3 p. in-f. 5 »
122 1487 1274 1531 17 Belloc (Louise Sw.), femme de lettres distinguée, dont les
173 1522 1273 1558 travaux ont initié la France à la littérature anglaise moderne.
172 1550 1272 1595 — L. a. s. au libraire Cherbuliez, 1838, 1 p. in-8. 3 »
212 1593 1273 1626 Curieuse lettre relative à sa traduction du Vicaire de Wakefield,
178 1626 938 1658 qu’elle désire présenter pour le prix académique.
124 1661 1275 1698 18 Benoit XIV (Prosper Lambertini), pape, un des plus grands
175 1689 1269 1738 pontifes qui aient gouverné l’Eglise. — Let. sig. avec la souscr.
176 1732 1271 1770 aut., au marquis Albergati Capacelli; Ancône, 1729, 1 p.
177 1769 1274 1797 in-4. 5 »
124 1803 1275 1840 19 Béranger (P.-J.), le célèbre chansonnier. — L. a. s. à M. Du¬
177 1839 1275 1877 guet, 1832, 1 p. in-8. 5 »
215 1875 1278 1913 Il demande une place pour assister à des prédications saint-simo¬
181 1906 1278 1939 niennes. A propos d une brochure de J. Le Chevalier, il dit : « Si j’étais
181 1937 1133 1969 saint-simonien, elle ébranlerait ma foi dans plus d’un point. »
124 1973 1277 2010 20 Berchoux (Jos.), célèbre poète, auteur de la Gastronomie, né
175 2001 1272 2048 près de Lyon. — L. a. s. à son frère, 1825, 2 p. 1/4 in-4.
178 2045 1276 2076 Rare. 8 »
212 2080 646 2113 Intéressante lettre politique.
