1424 2299
846 139 1149 167 Décembre 1885.
95 147 674 178 XX e année. N° 95.
176 789 1090 835 PRIX DE L’ABONNEMENT : Pour un an (12 numéros) :
57 846 1213 877 France, 3 f.; Etranger, 4 k.—On s’abonne à Paris, chez M. Eugène CHARAVAY,
360 871 898 911 8, quai du Louvre. — Et à Londres:
132 918 1132 947 chez M. A.-W. Thibaudeau, 18, Green Street, St-Martin’s Place.
146 1013 1136 1075 AUTOGRAPHES A PRIX MARQUÉS
232 1094 1047 1130 En vente chez Eugène CHARAVAY, expert,
400 1136 868 1193 8. QUAI DU LOUVRE, 8. A PARIS
57 1214 1220 1270 Abréviations : L. a. §., lettre autographe et signée; Acad. /?*., Académie
183 1276 1087 1310 française; Soasc., compliment terminant la lettre; P., page.
91 1386 1217 1424 1 Aerssen (François d'), célèbre homme politique, créature de
123 1422 1217 1459 Maurice de Nassau, qui contribua à la mort de Barneveldt,
123 1458 1215 1495 comparé à Oxenstierne par lo cardinal Richelieu, ambassa¬
122 1486 1215 1528 deur en France en 1624, né en 1572, mort en 1641. — L. a. s.,
122 1521 1215 1563 en français, à Butrinckhausen, conseiller du duc de Wurtem¬
124 1559 1213 1599 berg; La Haye, 8 août 1619, 3 p. in-f. Cachet. Très-rare. 40 »
159 1601 1216 1633 Précieuse lettre d’une grande importance historique. Les Hollandais
126 1633 1217 1664 sont décidés à « s’opposer avec courage, effort et conduite, contre les
125 1664 1216 1696 moiens et entreprinses de la Maison d'Austriche dans l’Empire ». Ils
127 1695 1216 1727 aideront l’Union évangélique et tiendront toutes leurs « forces en estât
127 1728 1218 1759 et prestes, pour à la moindre démonstration que Spinola fera de voul-
125 1757 1215 1790 loir entrer dans l'Empire, le talonner et le traverser ». L’hiver prochain,
125 1788 1218 1821 il faudra pousser à l’action le roi d’Angleterre, Jacques II, « encou¬
127 1819 1218 1853 rager les Bohémiens et allen tir les grandz effortz de l’Espagnol ». Mais
127 1851 1218 1884 si l’archiduc Ferdinand arrive à l’Empire, comment l’Union lui résistera-
127 1882 1217 1915 t-elle? Il passe en revue tous les Etals d’Europe. « La France demeure
126 1914 1218 1948 en ses jalousies; rien de solide ne s’y entreprend; on s’esloigne de plus
126 1946 1217 1978 en pins de nous; cela faict que délibérons d’y envoyer une solennelle
127 1977 325 2002 ambassade ».
93 2008 1217 2045 2 Aguesseau (H.-Fr. d'), illustre chancelier de France, né en
126 2036 1215 2088 1668, mort en 1751.— L. a. s.; Fresne, 1712, 1 p. 1/2 petit in-4.
128 2078 1218 2115 Un peu tachée d'eau. Curieuse. 8 »
93 2114 1219 2153 3 Aigrefeuille (le marquis d'), fameux gastronome, auquel
439 236 807 289 REVUE
600 313 654 333 DES
58 362 1206 510 AUTOGRAPHES
197 536 1065 580 DES CURIOSITÉS DE L HISTOIRE & DE U BIOGRAPHIE
308 593 952 639 Fondée en 1866 par Gabriel CHARAVAY
74 641 1188 695 PARAISSANT CHAQUE MOIS, SOUS LA OIH,ECT^lchttzSÊ
364 695 906 747 EUGÈNE CHARAVAY FUs
