1416 2299
578 107 700 135 — 3 —
124 180 1218 229 qui l'appelait son bon ange. - L.a.s. (à Palissot); Paris.
126 212 1221 255 10 avril 1760, 1 p. in-4. 25 »
160 255 1223 286 Relative aux représentations au Théâtre-Français de la comédie des
124 281 1222 318 Philosophez, de Palissot. Il a appris qu’il regardait l’annonce des deux
126 312 1222 348 pièces de Voltaire (Tancrède et Medimne) comme un obstacle au
130 349 1224 381 temps où il désire qu’on joue la sienne ; l’une de ces tragédies
130 373 1222 415 (Tancrède) est nouvelle, l’autre (Médimne) n'est qu’un remaniement de
128 411 1223 445 Mahomet; comme les principaux acteurs diffèrent dans les deux pièces,
129 445 815 476 elles pourront être étudiées en même temps.
76 467 1226 511 11 Ashburton (Alexandre Baring, lord), homme politique et finan¬
128 503 1224 549 cier anglais, envoyé par Robert Peel au congrès d’Aix-la-
128 540 1224 582 Chapelle en 1834, né en 1773, mort en 1848. — L. a. s. (à lord
128 576 1226 622 Buchan, érudit et biographe écossais); 28 juillet 1814,
133 619 1229 654 1 P. 1/4 in-4. 25 »
166 654 1228 687 Lettre historique. Il se félicite avec lui de la chute de Napoléon et de
132 686 1229 718 la restauration du roi légitime, il estime que le volcan révolutionnaire
133 718 369 743 est enfin éteint.
83 749 1231 787 12 Aubery (Claude), célèbre médecin et philosophe français
134 779 1230 818 du XVIe siècle, qui, comme calviniste, fut attaqué par Théo¬
135 820 1233 857 dore de Bèze qui lui reprochait une certaine tendance vers
134 848 1232 896 l’Eglise romaine, mort en 1596.— L. a. s.; Saulx-Leduc, 19 oct.
134 887 1240 925 1593, 2 p. in-f. Traces de cachet. 20 »
173 928 1236 960 Il déclare qu’il n’a pas été à Francfort suivant le bruit que font
136 959 1235 991 courir des amis mal intentionnés, mais qu’il s’est, rendu directement en
138 991 1234 1023 Champagne et en Bourgogne comme il en avait reçu l’autorisation. Il
136 1022 1077 1054 fait appel au témoignage de l’ambassadeur du roi à Francfort.
89 1053 1237 1091 13 Ballanche (P.-S.), célèbre penseur mystique et un de nos
141 1090 1236 1127 plus éloquents prosateurs de l’Académie française, né à Lyon.
137 1120 1235 1159 — L. a. s. à M. de Fresne; 31 mars, 1 p. in-H. 5 »
172 1153 1237 1199 Jolie lettre dans laquelle il parle de Mme de Récamier « qui est tou¬
140 1193 484 1224 jours fort souffrante ».
95 1228 1238 1265 14 Baudelaire (Charles), un des poètes les plus distingués de
139 1258 1239 1300 l’école romantique, auteur des Fleurs du. Mal.— L. a. s. à M. de
141 1293 1239 1344 Calonne, directeur de la Revue contemporaine, 2 septembre 1858,
141 1336 1238 1374 3/4 de p. in-8. 10 »
93 1364 1239 1411 15 Bellièvre (Pomponne de), premier président au Parlement de
141 1404 1239 1446 Paris, célèbre diplomate, envoyé auprès de la reine Elisabeth,
143 1447 1242 1484 pour demander la liberté de Marie-Stuart, chancelier de
141 1475 1235 1519 France sous Henri IV, né à Lyon en 1529, mort en 1607. — L.
144 1519 1241 1556 a. s. à Villeroy; Paris, 2 mai 1604, 1 p. in-f. 45 »
91 1549 1237 1605 16 Berryer (A.-P.), l’illustre orateur parlementaire, de l’Acad.
143 1595 1239 1626 fr. — L. a. s.; 1 p. in-8. 3 »
90 1626 1239 1670 17 Bezons (Jacques Bazin de), un des plus braves maréchaux du
144 1671 1241 1708 règne de Louis XIV, membre du conseil de Régence, né en
143 1701 1241 1745 1646, mort en 1733.— L. a. s. (au duc de Noailles); Saragosse,
143 1735 1243 1791 29 mai (1709), 2 p. 3/4 in-4. La signature a été biffée légè¬
146 1759 1243 1808 rement. 50 »
180 1814 1243 1846 Pièce historique. Minute de lettre écrite peu de temps après son
146 1845 1242 1871 élévation au maréchalat. Il le remercie de l’avoir recommandé au duc
145 1876 1241 1907 d’Orléans et lui souhaite la même dignité. Il a des vivres pour 130 jours,
145 1908 1242 1940 mais pas de fourrage pour les chevaux; les entrepreneurs abandonnent
143 1933 1239 1975 leurs ambulances, le siège de Benasco est fort lent: il va se rendre du
145 1971 612 2002 côté de Lérida et de Balaguer.
97 2010 1242 2047 18 Bongars (Jacques), savant historien et diplomate calviniste,
146 2045 1244 2082 habile critique, ambassadeur du roi Henri IV en Allemagne et
143 2074 1235 2136 à Constantinople, né à Orléans en 1554, mort en 1612. — L. a.
