3637 4663
820 578 894 656 16
1415 594 2450 664 CHEFS DE GOUVERNEMENTS S.I
2901 553 3050 672 S.I
806 892 3033 954 f 32 -F MARIE LOUISE D’AUTRICHE, n. à Vienne (Autriche), 12 décembre
814 959 3031 1024 1791, fille aînée de l’empereur d’Autriche François I, seconde femme de Napoléon I
812 1010 2827 1095 ([ avril 1810), duchesse de Parme (1814), m. à Vienne, 18 décembre 1847.
859 1115 3041 1164 L. A. S. à la comtesse Du Perron, à Turin; Aix-en-Savoie, 3 i
805 1154 1886 1231 enveloppe et cachet. (Coll. Dubrunfaut.) — P.
842 1250 2356 1289 Jolie lettre, écrite pendant la première restauration. Elle la remercie des marques
805 1291 2357 1333 d'attachement qu’elle lui a données et l’assure des sentiments d’estime et de considé¬
809 1335 1698 1376 ration qu’elle lui a voués et qu’elle lui conserve.
805 1426 3041 1511 4- 33 -f NAPOLÉON II (François-Charles-Joseph Bonaparte, dit), n. à Paris, 20
809 1514 3043 1576 mars 1811, fils unique de Napoléon I et de Marie-Louise, roi de Rome, duc de
813 1584 1568 1643 Reichstadt (22 juillet 1818),
815 1649 1569 1711 m. à Schoenbrunn près de
812 1701 1427 1779 Vienne, 22 juillet 1802.
860 1804 1569 1851 Minute de lettre aut. sig., avec
812 1858 1570 1904 ratures et corrections, à un gé¬
812 1908 1567 1958 néral; Vienne, 10 janvier 1829,
816 1950 1244 2020 1 p. 1/2 in-4. — P.
845 2041 1570 2073 Remercîments de ses vœux de bonne
809 2083 1571 2115 année. Nouvelles de ses études et de la
807 2124 1569 2164 cour. Ses études de jurisprudence sont
806 2168 1569 2209 interrompues, mais ses études militaires
807 2213 1568 2252 ne feront qu’y gagner. « Notre carneval
803 2256 1569 2294 ne sera pas si animée que les années pré¬
800 2298 1568 2337 cédentes, mais en tout cas pas plus brillant
803 2342 1568 2382 pour moi que pour vous; on m’a défendu
798 2385 1567 2424 la danse pour prévenir chaque affection
800 2428 1569 2466 poitrinaire. » — (On sait que le prince
798 2470 1445 2508 mourut d’une affection de poitrine.)
807 2584 3048 2648 4- 34 + LOUIS XVIII, n. à Versailles, 17 novembre 1755, comte de Provence, frère
799 2651 2908 2712 cadet de Louis XVI, roi le 25 avril 1814, m. à Paris, 16 septembre 1824.
847 2712 2578 2805 L. A. S. à Willot; Mitau, 23 septembre 1799, 1/2 p. in-4. — P. de Le Beau.
833 2817 2687 2860 Il le remercie de ses offres de service. « Je connois de même votre zèle et vos talens; j’y compte avec
795 2858 2686 2900 confiance et je m’occupe des moyens de les rendre de plus en plus utiles à l’Etat.» — (Il s'agit sans doute
795 2900 2687 2940 du général Willot, qui avait été déporté à Sinamary après le 18 fructidor et s’était évadé avec Pichegru.)
797 2976 3041 3062 4-35-4- CHARLES X, n. à Versailles, 9 octobre 1757, comte d’Artois, frère et
797 3072 3043 3137 successeur de Louis XVIII, roi le 16 septembre 1824, détrôné le 29 juillet 1 83 o,
798 3140 1921 3200 m. à Goritz (Autriche), 6 novembre 1 836 .
847 3198 3041 3295 L. A. S. au comte de Rayneval, à Vienne; Lullworth-Parc (Angleterre), 24 août j83o, 3/4 de p.
793 3271 1855 3353 in-4, cachet. — P. de Freschi et de Perrot fils.
832 3366 3044 3408 Curieuse lettre, écrite alors qu'il venait d’arriver en Angleterre après la révolution de juillet. Il le remercie de sa conduite
795 3406 3044 3450 dans les circonstances actuelles et il lui demande de donner au baron de Kentzinger, qu’il envoie à Vienne, des conseils sur
796 3449 3043 3492 ce qu’il aura à faire vis-à-vis du prince de Metternich et ensuite auprès de l’empereur. « Je prévois que vous ne pourrés
797 3490 2366 3535 pas garder un caractère officiel, mais vous n’en serés pas moins à portée de me servir
797 3529 2365 3578 dans cette triste occasion avec le zèle et les moyens dont vous m’avés déjà donné
797 3570 2364 3620 tant de preuves. » — (François-Maximilien Gérard, comte de Rayneval, avait été
798 3614 2363 3661 nommé, en octobre 1829, ambassadeur à Vienne par Charles X II fut remplacé, en
797 3653 2364 3702 effet, dans ce poste, après la révolution de Juillet. Il vécut quelque temps dans la
797 3696 2363 3741 retraite, puis consentit à servir le nouveau gouvernement et accepta, en février i832,
798 3738 2274 3782 l'ambassade d’Espagne. Il mourut dans ces fonctions à Madrid, le 16 août i 836 .)
