2179 3146
820 444 942 469 — 7 —
289 514 1507 567 35. DU CHASTEL (Tanneguy), habile guerrier, prévôt de
382 563 1507 616 Paris, qui sauva le dauphin Charles VII lors de l’entrée
382 613 1504 662 des Bourguignons dans Paris en 1418, n. 1369, m. 1449.
419 673 1502 731 L. 8., en latin, sur vélin, à son trésorier; 4 avril 1448, 1 p.
380 728 1039 771 in-folio oblong. Superbe et rare pièce.
288 783 1497 859 36. DUCIS (Jean-François), le célèbre poète tragique, mem¬
382 853 1334 900 bre de l’Académie française, n. 1733, m. 1816.
418 920 1506 961 L. a. s. à Campenon; Versailles, 23 décembre 1813, 2 p. in-4.
400 986 1506 1025 Très jolie lettre où il parle de ses confrères de l’Académie française,
364 1014 1507 1064 Roger, Auger et Droz. 11 signe : « Ducis , une clés sept étoiles de lapleyade
365 1060 643 1094 du Luxembourg. »
285 1108 1499 1179 37. DUMAS (Alexandre), le grand romancier, n. 1803,
380 1183 560 1217 m. 1870.
421 1243 1507 1286 L. a. s. au propriétaire dti Mercure aplésien; (1864), 5 p. 1/2
380 1289 456 1318 in-4.
403 1341 1506 1380 Curieuse lettre à un rédacteur de journal qui avait dénommé les
367 1377 1503 1416 ouvrages d’Alexandre Dumas, les élucubrations du grand Alexandre ,
368 1412 1506 1452 et qui avait félicité ses compatriotes d'avoir écarté de leur bibliothèque
367 1447 1507 1487 les œuvres du grand romancier. il lui rappelle que les habitants d’Apt
367 1483 1507 1523 n’ont pas toujours eu la même opinion et il le raille sur la façon dont
367 1522 778 1559 son journal est composé.
290 1591 1505 1643 38. DUPLESSIS-MORNAY (Philippe), illustre chef du parti
381 1640 1505 1692 protestant, ami et conseiller de Henri IV, surnommé le
380 1691 1173 1741 Pape des Huguenots , n. 1349, m. 1623.
419 1764 1503 1806 L. a. s. àVillarnoul; Saumur, 30 juin 1610, 1 p. in-folio. Belle
381 1810 475 1847 pièce.
287 1875 1504 1932 39. EUGÈNE DE SAVOIE (le prince), illustre guerrier, un
382 1929 1503 1981 des plus redoutables adversaires de Louis XIV, n. 1663,
381 1984 560 2019 m. 1736.
421 2045 1502 2087 L. a. s., en français, (au duc de Savoie, roi de Sardaigne,
378 2084 1388 2129 Victor Amédée II); Rastadt, 23 juin 1701, 3 p. 1/2 in-folio.
401 2151 1501 2189 Importante lettre historique. S’il a quitté l’Italie pour l’Allemagne,
365 2186 1504 2225 c’est pour aider indirectement Victor Amédée qu’il a recommandé à
365 2221 1502 2262 Malborough et à Stahremberg; il redoute le passage du Rhin par les
366 2256 1502 2297 Français, parce qu’il leur est inférieur en force et n’est pas soutenu
367 2287 1502 2332 par lés Danois ; il espère que Verceil résistera plus longtemps que
368 2334 447 2359 Suse.
