3132 5331
1403 151 1723 231 - 4 -
93 324 3065 470 43468. BERT (Paul), célèbre savant et homme d’Etat. — L. a. s. à
445 426 3062 561 un député ; Paris, 21 juillet 1882, 4 p. in-8. 10 »
422 589 3065 700 CURIEUSE PIÈCE. Il ne croit pas qu’il appartienne à leur génération de
355 656 3063 769 séparer l’Eglise d’avec l’État. Il est d’avis de tenir d’une main ferme un
356 728 3062 838 clergé puissant, ambitieux, maître des âmes par la terreur et l’espérance,
356 797 3064 907 « en attendant que l’éducation morale et civique, entrée d’hier dans nos
356 865 3064 976 écoles, ait produit des générations libres et viriles, capables de braver les
356 937 2210 1046 menaces et les promesses également chimériques.»
92 1082 3059 1215 43469. BIRON (Charles de GONTAUT-BIRON, duc de), maréchal de
452 1180 3052 1302 France, favori d’Henri IV qu’il trahit, décapité en 1602.
453 1272 3054 1392 — P. s. ; Paris, 22 novembre 1599, 1 p. in-folio. Rare. 25 »
431 1431 3056 1533 Ratification des articles du contrat de mariage de. son frère Jehan de
365 1502 2590 1596 Gontaut de Biron avec Jacqueline de Contant de Saint-Geniès.
105 1664 3062 1781 43470. BLANC (Louis), célèbre homme politique, historien de la
453 1741 3056 1856 Révolution française. — L. a. s. à HENRI HEINE; Paris,
448 1848 3060 1954 24 septembre 1840,1i p. in-4. 10»
435 2005 3063 2092 CURIEUSE PIÈCE. Il lui annonce que la lecture de quelques pensées con¬
365 2073 3060 2161 tenues dans ses charmantes fantaisies lui a prouvé qu’il ne partageait pas
368 2142 3060 2228 ses tendances. Il cite celle-ci: «A quoi bon tant de tourment? J’aurai beau
364 2211 3061 2296 me sacrifier pour le salut général, quel avantage en résulterait-il pour le
366 2279 3061 2364 monde?» Il lui déclare qu’il ne peut insérer de semblables pensées dans
367 2349 3064 2433 une revue qui s’appelle le Progrès. «Voulez-vous qu’elle se suicide?» Il
366 2421 2066 2497 termine en souhaitant sa prochaine conversion.
104 2566 3068 2671 43471. BLOY (Léon), secrétaire de Barbey d’Aurévilly, romancier
457 2652 3060 2745 d’un talent original. — L. a. s. à M. d’Hubert; Paris,
453 2736 3056 2847 6 octobre 1890, 2 p. in-8. Curieuse. 3»
104 2915 3067 3022 43472. BOUCHEREAU (Augustin-François), député de l’Aisne à la
457 2998 3060 3114 Convention, né à Troizelet-Chatillon (Aisne), — L. a. s.;
459 3099 3066 3205 Chauny, 17 nivôse.au V, 1 p. in-4. 5»
435 3257 2859 3344 Lettre relative à la destitution des gardes de la foret de Compiègne.
101 3414 3067 3528 43473. BOUILHET (Louis), célèbre romancier et auteur dramatique,
457 3496 3060 3611 auteur de la Conjuration d’Amboise. — L. a. s.; Rouen,
459 3597 3062 3709 1er août 1867, 2 p. 1/2 in-8. 3»
103 3761 3065 3880 43474. BOUSSION (Pierre), député du Lot-et-Garonne à la Conven¬
457 3851 3060 3967 tion, né à Lauzun (Lot-et-Garonne). — L. a. s.; Paris,
456 3946 3063 4065 9 prairial an IV, 1 p. in-4. 4»
106 4111 3065 4254 43475. BROSTARET (Jean-Baptiste), député de la sénéchaussée de
457 4202 3065 4322 Nérac aux Etats-Généraux. — L. a. s.; Paris, 22 pluviôse
457 4313 3065 4402 an IV, 1 p. in-4. 4 »
109 4460 3064 4590 43476. BROUSSEL (Pierre), conseiller au Parlement de Paris,
461 4556 3071 4687 fameux par son rôle pendant la Fronde, gouverneur de la
462 4642 3065 4780 Bastille et prévôt des marchands. — P. S. 1er avril 1648,
464 4736 3071 4867 1 p. in-fol. Rare. 10»
111 4868 3069 5042 43477. BRUNSWICK-LUNEBOURG (Charles, duc de), célèbre capi¬
464 4998 3074 5137 taine prussien, qui envahit la France en 1792 et lança le
468 5086 3072 5233 manifeste qui porte son nom, blessé mortellement à la
