3237 5381
1463 116 1786 187 -6-
134 292 3059 452 43484. CAVALOTTI (Felice de), célèbre écrivain et homme d’Etat
493 372 3052 538 italien, tué récemment en duel. — L. a. s. à un ami ; Meina,
491 474 3060 628 12 juillet 1887, 6 p. in-8. 25 »
465 628 3063 762 LETTRE DES PLUS CURIEUSES, où il le remercie de l’affectueuse lettre qu’il
393 693 3061 823 lui a adressée par le canal de l'Evénement. Il est absolument d’accord avec
391 760 3058 892 lui sur la nécessité de dissiper les nuages entre l’Italie et la France. Il faut,
393 828 3060 956 dit-il, abandonner les voies d’une politique mesquine pour les grands idéals
391 895 3059 1024 d’un commun destin. Il rappelle que les grands deuils comme ceux de
389 963 3061 1088 Garibaldi et de Victor Hugo ont fait battre a l’unisson les cœurs des deux
385 1032 3060 1153 peuples, et cependant la mort de Garibaldi est survenue après Tunis et celle
385 1087 3058 1230 Victor Hugo après la conclusion de la triple alliance. Il espère que l’Italie
385 1167 3064 1276 prendra part a la prochaine fête de sa sœur latine et que l’heure sonnera
386 1232 2279 1324 bientôt de se sortir des pattes de sang de la Triplice.
112 1371 3056 1505 43485. CAVELIER (Jules), célèbre sculpteur, membre de l’Institut.
471 1443 3057 1600 — L. a. s. à Anatole de La Forge ; Paris, 8 janvier 1886,
475 1552 3062 1682 3 p. in-8. 8 »
450 1706 3064 1813 Il recommande un de ses élèves. La lettre porte une apostille aut. sig. de
382 1779 777 1833 M. Barrias.
102 1909 3067 2034 43486. CHANZY (Eugène), illustre général, qui battit les Allemands
466 1990 3052 2107 à Coulmiers et à Patay. — L. a. s. ; (1872), 1 p. in-8. 10 »
94 2125 3066 2277 43487. CHARLOTTE DE PRUSSE, sœur du grand Frédéric, du¬
467 2252 3070 2366 chesse de Brunswick-Wolffenbuttel, protectrice des arts et
462 2331 3061 2425 des lettres, correspondante et amie de Voltaire, — L. a.
462 2432 3063 2539 s., en français (à Voltaire) ; Berlin, 10 décembre, 1/2 p.
464 2524 3067 2631 in-8. Très jolie et rare pièce. 25 »
435 2676 3072 2764 Charmante épître: «Je ne possède point l’heureux talent de faire des
361 2748 3071 2832 vers. Fautte de cest avantage, j’espère que vous voudrés rescevoir mes
365 2814 3076 2902 remercimens en prose pour votre billet obligent. Je regrette de ne pouvoir
363 2884 3074 2971 profitter de votre conversation. Je suis persuadée qu’elle ce distingue tou¬
355 2952 3077 3039 jours. L’esprit, le sçavoir, l’enjouement et la gayeté sont des dons qui vous
363 3018 3080 3107 sont si naturels qu’ils ne peuvent que contribués au charmes de la
363 3094 736 3153 société...»
76 3197 3079 3331 43488. CHARRAS (Jean-Baptiste-Adolphe), célèbre homme poli¬
448 3309 3079 3412 tique républicain. et écrivain militaire. — L. a. s. CH. (à
449 3404 3080 3522 Jules Barni) ; Bâle, 23 avril 1863, 4 p. in-8. 10»
427 3557 3085 3659 CURIEUSE LETTRE, Il l’entretient de ses travaux et lui annonce qu’il a fait
354 3625 3084 3729 une réfutation de 150 pages sur Thiers qu’il veut mettre «en figure d’âne et
345 3694 3079 3793 de menteur. On regrette bien de n’avoir pu vous entendre, une fois au
353 3780 1921 3865 moins, sur cet affreux petit bonapartiste.»
71 3874 3075 4044 43489. CHARTRAN (Théobald), célèbre peintre contemporain. —
444 3999 3075 4125 L. a. s.; 1 p. in-4. 5»
70 4143 3083 4288 43490. CHAUDES-AIGUES (Jacques), littérateur et critique, dont
441 4235 3081 4382 les ouvrages sont recherchés par les bibliophiles, né à
447 4325 3077 4478 Sauthia (Piémont). — L. a. s. à M. de Béthune, 1 p. in-12.
439 4415 3079 4564 Rare. 5 »
68 4564 3087 4733 43491. CHÊNEDOLLÉ (Charles-Julien LIOUT de), poète, auteur du
439 4685 3084 4811 Génie de l’homme, né à Vire. — L. a. s. à Choron; (Vire),
441 4767 3088 4926 3 novembre 1809, 1 p. in-8. 10 »
418 4927 3094 5071 Choron lui ayant fait présenter une lettre de change pour se faire payer
345 4999 3088 5138 d’une dette, Chênedollé lui témoigne son étonnement de le voir user, vis-
346 5113 1716 5205 à-vis de lui, d’un semblable procédé.
