2053 3381
209 118 234 158 8
1446 130 1983 160 LIBRAIRIE SIMON KRA
636 3109 1586 3157 ACHAT DE LIVRES ET D’AUTOGRAPHES
337 208 1064 244 « M. de Boufflers désire beaucoup que
293 245 1064 279 l’établissement projetté par MM. Le
291 281 1064 316 Blanc et Ozé pour l’extraction en grand de
292 318 1064 351 la soude du sel marin, puisse être sans
292 353 1064 387 délai mis en activité ; d’après les déli¬
293 389 1064 423 bérations du comité d’Agriculture qui
292 425 1065 455 vous autorise à nommer deux commis¬
294 461 1064 495 saires pour l’examen des moyens de
293 497 546 525 ces artistes. »
208 568 1064 607 4272 CHOISEUL (Claude-Antoine-
255 616 1064 656 Gabriel, duc de — Stainville), gouver¬
254 664 1064 701 neur du Louvre, 1760-1838. — Lettre
256 712 1063 751 a. 8. Perrecy (Saône-et-Loire), s. d.
255 759 1065 799 4 p. in-8, portrait ajouté. 40 fr.
340 821 1067 855 « Me voici établi pour 6 mois dans mon
295 857 1068 891 grand château, l’air de la campagne me
295 893 1069 925 fait du bien, mon fils se fortifie ; il monte
294 928 1068 963 à cheval, je me promène en calèche ;
295 965 1070 999 la vie de château a bien son prix ; elle
295 1001 1070 1035 est douce et reposée ; je médite tout
296 1037 1070 1071 à mon aise dans cette tour dont je vous
296 1073 1070 1108 ai parlé, je lis De Gérando, qui m’intéresse
296 1109 1070 1144 tout en convenant qu’il peut paraître
297 1154 527 1180 ennuyeux. »
210 1215 1067 1255 4273 CHOISEUL (Etienne - François,
259 1263 1068 1303 duc de), célèbre homme d’Etat (1719-
261 1311 1069 1351 1785). — Lettre s. au Capitaine Desai-
259 1359 1067 1399 leurs, 1769, une page in-f°. 20 fr.
344 1420 1070 1454 « Sur le compte, Monsieur, que j’ay
298 1456 1070 1490 rendu au Roy de vos services, Sa Majesté
299 1492 1071 1525 a bien voulu vous destiner à la Majorité
299 1528 983 1556 du Bataillon de Milice de Lille... »
213 1590 1068 1638 4274 CHRISTINÉ (Henri), auteur de
261 1645 1068 1685 l’opérette Phi-Phi. — L. a. s. à un ami,
262 1693 1070 1735 1923, 2. p in-8 ; en-tête : Villa Phi-
263 1741 1069 1772 Phi. 30 fr.
345 1803 1071 1838 « Je travaille dur à une opérette qui
300 1839 1071 1874 doit passer au Daunou et j’occupe ma
300 1875 1072 1910 villégiature à faire la traite des blanches
301 1911 1072 1939 et... des doubles croches. Je tente de
301 1947 1072 1981 mettre de la musique sur un livret sans
301 1984 839 2016 chœurs, sans danses, » etc.
214 2047 1072 2092 4275 CICÉRI (P. L. C.), célèbre pein¬
261 2100 1070 2133 tre décorateur. — L. s. à M. Sauvan.
263 2148 1071 2188 1823, 1 p. in-4. 10 fr.
349 2210 1073 2243 Il donne la description d’une décora¬
301 2246 1072 2281 tion qui représente la ville de Tolède.
216 2316 1072 2355 4276 CLEMENCEAU (Georges), hom¬
264 2364 1071 2404 me politique. — Lettre a. s. Paris,
264 2411 1072 2451 1909, 2 p. in-12, sur papier à en-tcte
263 2459 1070 2491 du Sénat. 40 fr.
344 2520 1072 2554 Belle lettre. « Il n’y a pas encore un
303 2556 1072 2591 mois que j’ai eu la douleur de perdre ma
302 2592 1073 2625 mère. Pour cette raison il m’est impossible
301 2628 1074 2662 à mon très grand regret, de me rendre
302 2663 1074 2699 au banquet Octave Mirbeau, comme j’au¬
302 2699 1074 2732 rais été très heureux de le faire pour té¬
303 2735 1074 2769 moigner hautement de mes sentiments
303 2771 790 2799 d’admiration et d’amitié.
216 2834 974 2872 4277 COLLÈGE DE FRANCE.
264 2885 1072 2927 Pétition des professeurs au ministère
262 2933 1072 2966 de l’Intérieur en faveur de la veuve
262 2981 1072 3022 de leur collègue Dupuy, 1811, une page
264 3027 1071 3061 in f°. 25 fr.
1267 210 1986 245 Signatures autographes de Lefèvre-
1224 246 1985 280 Gineau, Bosquillon, Portai, Caussin,
1223 282 1986 313 Cuvier, Cournand, Guérout, Baron Thé¬
1223 318 1986 352 nard, Pastorel, Levesque, Audran, Sil-
1224 354 1764 388 vestre de Sacy, Delambre.
1137 423 1987 455 4278 COLONIES FRANÇAISES. —
1186 471 1986 512 Pièce provenant de l’hôpital de Tabago,
1187 518 1987 560 « Isle du vent de l’Amérique », année
1188 566 1987 607 1789, 2 p. in-f° sur formule imprimée,
1186 614 1987 654 cachet de cire rouge. 20 fr.
1270 676 1990 704 Certificat de décès du vicomte de
1227 712 1990 745 Traversay, signé de l’aumônier O’Lough¬
1230 747 1989 778 lin ; de l’officier d’administration, etc.
1228 783 1990 817 Tabago, une des Antilles Anglaises,
1228 818 1794 853 appartenait alors à la France.
1143 882 1987 920 4279 COMPAGNIE DU SÉNÉGAL.
1187 936 1990 976 — Lettre signée des administrateurs à
1191 983 1991 1024 M. de Viales, directeur général à la Ro¬
1190 1032 1989 1072 chelle, Paris, 1701, une page in-4. 25 fr.
1273 1093 1991 1121 Curieuse lettre relative à une Com¬
1230 1129 1992 1164 pagnie du Sénégal, fondée à l’instigation
1229 1165 1992 1199 de la fameuse Compagnie des Indes.
1232 1200 1994 1235 « La Compagnie ayant eu avis qu’il de¬
1230 1237 1992 1271 vait arriver plusieurs vaisseaux venant
1231 1272 1993 1307 du Sénégal et Coste d’Affrique apparte¬
1230 1307 1993 1342 nant à cette compagnie, dans lesquels il
1230 1344 1994 1379 y a plusieurs marchandises de contre¬
1230 1380 1993 1414 bande, elle vous prie de donner ordre
1229 1414 1994 1450 aux brigadiers d’entrer dans ces vais¬
1230 1452 1993 1485 seaux et de n’en laisser sortir personne. »
1150 1516 1992 1560 1280 COMPIÈGNE (Journal du Camp
1191 1567 1991 1610 de) en 1739. — Manuscrit anonyme du
1191 1615 1992 1656 XVIIIe siècle, 55 p. in-fol. d’une très
1191 1663 1991 1703 belle écriture, avec 8 grandes planches
1191 1711 1992 1754 pliantes, dont une gravée, les autres
1192 1757 1992 1798 exécutées au lavis et à l’aquarelle ;
1192 1805 1991 1841 cartonné. 100 fr.
1274 1865 1994 1897 Ce très curieux manuscrit contient le
1231 1903 1994 1937 récit très détaillé des opérations du - camp
1231 1938 1993 1975 de Compiègne, que l’auteur appelle un
1231 1973 1994 2008 amusement militaire pour le roi » et qui
1232 2009 1994 2045 fut, en réalité, ce que nous appellerions
1232 2047 1995 2083 aujourd’hui les » grandes manœuvres. »
1232 2080 1995 2118 Description très détaillée du fort, des di¬
1233 2116 1994 2154 vers quartiers ; remarques sur les mines,
1233 2151 1995 2187 les bombes, etc. A ces opérations assis¬
1233 2187 1993 2223 taient le Roi, le Dauphin, le duc de Biron,
1232 2225 1771 2257 le comte d’Eu, la Reine, etc.
1147 2294 1992 2336 4281 CONTT (Maison de). — Pièce nota¬
1192 2340 1992 2378 riée ms. insinuée au Châtelet, Paris-
1196 2387 1992 2432 1709, 7 pages, in-4 parchemin. 50 fr,
1275 2448 1994 2487 Très importante pièce relative à la
1232 2485 1995 2520 succession de François Louis de Bour¬
1234 2519 1993 2559 bon, prince de Conti (1664-1709). La
1232 2555 1994 2594 succession, qui devait être recueillie par
1232 2591 1995 2631 son jeune frère Louis-Armand de Bour¬
1232 2627 1994 2664 bon-Conti (1696-1727) encore mineur,
1233 2662 1995 2699 était contestée par la veuve du prince
1234 2698 1993 2736 François-Louis. — Extrait du jugement
1232 2735 1753 2774 du parc civil du Châtelet.
1146 2803 1993 2844 4282 COURTELINE (Georges Moinaux,
1190 2851 1991 2896 dit), auteur dramatique. — Carte a. s.
1196 2896 1991 2943 1 p. in-8, obl. 12 fr.
1275 2958 1995 2991 Carte de félicitations. — « Très heu¬
1234 2992 1995 3028 reux d’un choix si heureux et auquel le
1233 3032 1717 3069 pays entier applaudira. »
