<?xml version="1.0" encoding="UTF-8"  standalone="yes"?>
<PcGts xmlns="http://schema.primaresearch.org/PAGE/gts/pagecontent/2019-07-15" xmlns:xsi="http://www.w3.org/2001/XMLSchema-instance" xsi:schemaLocation="http://schema.primaresearch.org/PAGE/gts/pagecontent/2019-07-15 http://schema.primaresearch.org/PAGE/gts/pagecontent/2019-07-15/pagecontent.xsd">
  <Metadata>
	<Creator>escriptorium</Creator>
	<Created>2021-04-29T14:35:55.260113+00:00</Created>
    <LastChange>2021-04-29T14:35:55.260135+00:00</LastChange>
  </Metadata>
  <Page imageFilename="1912_XX_Kra_12_gt_bpt6k6527450d_0006.jpg" imageWidth="2121" imageHeight="3423">

    
    <TextRegion id="r_1_1"  custom="structure {type:Numbering;}">
      <Coords points="248,188 273,188 273,231 248,231"/>
      
      
      <TextLine id="tl_1" custom="structure {type:Default;}">
        <Coords points="249,189 272,189 272,230 249,230"/>
        <Baseline points="249,230 272,230"/>
        <TextEquiv>
          <Unicode>4</Unicode>
        </TextEquiv>
      </TextLine>

      
    </TextRegion>
    
    <TextRegion id="r_2_1"  custom="structure {type:Running Title;}">
      <Coords points="1485,202 2020,202 2020,239 1485,239"/>
      
      
      <TextLine id="tl_2" custom="structure {type:Default;}">
        <Coords points="1486,203 2019,203 2019,238 1486,238"/>
        <Baseline points="1486,233 1718,235 1892,237 2019,237"/>
        <TextEquiv>
          <Unicode>LIBRAIRIE SIMON KRA</Unicode>
        </TextEquiv>
      </TextLine>

      
    </TextRegion>
    
    <TextRegion id="r_5_1"  custom="structure {type:Running Title;}">
      <Coords points="633,3174 1587,3174 1587,3220 633,3220"/>
      
      
      <TextLine id="tl_121" custom="structure {type:Default;}">
        <Coords points="634,3175 1586,3175 1586,3219 634,3219"/>
        <Baseline points="634,3219 783,3215 881,3215 1078,3215 1173,3215 1586,3215"/>
        <TextEquiv>
          <Unicode>ACHAT DE LIVRES ET D’AUTOGRAPHES</Unicode>
        </TextEquiv>
      </TextLine>

      
    </TextRegion>
    
    <TextRegion id="eSc_textblock_9b9d50d8"  custom="structure {type:Main;}">
      <Coords points="243,273 209,3148 1099,3148 1123,273"/>
      
      
      <TextLine id="tl_3" custom="structure {type:Default;}">
        <Coords points="381,281 1106,281 1106,316 381,316"/>
        <Baseline points="381,306 392,306 592,309 774,309 838,309 1007,310 1050,310 1106,311"/>
        <TextEquiv>
          <Unicode>« Comment marquer de l’intérêt à la</Unicode>
        </TextEquiv>
      </TextLine>

      
      
      <TextLine id="tl_4" custom="structure {type:Default;}">
        <Coords points="336,318 1106,318 1106,347 336,347"/>
        <Baseline points="336,345 443,344 516,345 655,344 704,344 777,345 827,346 992,346 1052,346 1106,347"/>
        <TextEquiv>
          <Unicode>Revue des Lettres et des Arts sinon en la</Unicode>
        </TextEquiv>
      </TextLine>

      
      
      <TextLine id="tl_5" custom="structure {type:Default;}">
        <Coords points="336,354 835,354 835,382 336,382"/>
        <Baseline points="336,381 438,381 496,381 554,381 703,382 798,382 835,379"/>
        <TextEquiv>
          <Unicode>lisant et la faisant lire. »</Unicode>
        </TextEquiv>
      </TextLine>

      
      
      <TextLine id="tl_6" custom="structure {type:Default;}">
        <Coords points="250,436 1103,436 1103,477 250,477"/>
        <Baseline points="250,467 341,467 651,466 905,467 1103,467"/>
        <TextEquiv>
          <Unicode>4216 ARISTIPPE (Aristippe Bernier</Unicode>
        </TextEquiv>
      </TextLine>

      
      
      <TextLine id="tl_7" custom="structure {type:Default;}">
        <Coords points="294,513 296,473 685,470 1073,470 1096,479 1104,513 1056,524 296,522"/>
        <Baseline points="296,514 340,514 536,521 632,521 780,514 958,515 1107,514"/>
        <TextEquiv>
          <Unicode>de Maligny, dit), acteur français (1790-</Unicode>
        </TextEquiv>
      </TextLine>

      
      
      <TextLine id="tl_8" custom="structure {type:Default;}">
        <Coords points="296,561 302,522 393,522 413,541 513,541 533,522 682,536 696,524 716,541 742,541 759,524 787,539 819,522 1004,522 1041,539 1076,522 1096,533 1101,561 1090,573 302,570"/>
        <Baseline points="297,562 415,562 663,562 725,562 784,563 837,563 1028,563 1102,563"/>
        <TextEquiv>
          <Unicode>1864). — Lettre a. s. à Manière de</Unicode>
        </TextEquiv>
      </TextLine>

      
      
      <TextLine id="tl_9" custom="structure {type:Default;}">
        <Coords points="294,610 296,567 316,579 428,579 451,564 633,579 659,564 716,579 742,567 767,581 847,567 876,579 942,567 956,581 981,581 996,567 1076,567 1099,616 296,613"/>
        <Baseline points="296,611 400,610 473,611 770,610 840,610 1100,617"/>
        <TextEquiv>
          <Unicode>Saint-Gervais, Sainte Pélagie, 1822,</Unicode>
        </TextEquiv>
      </TextLine>

      
      
      <TextLine id="tl_10" custom="structure {type:Default;}">
        <Coords points="291,658 294,613 316,624 382,624 393,613 428,624 459,613 473,624 513,613 676,624 696,613 742,624 899,624 913,613 1076,621 1087,624 1096,658 294,661"/>
        <Baseline points="294,659 315,659 376,658 486,658 564,658 664,658 785,658 862,658 991,658 1049,658 1099,659"/>
        <TextEquiv>
          <Unicode>3 p. in-4. On y a joint un billet a. s.</Unicode>
        </TextEquiv>
      </TextLine>

      
      
      <TextLine id="tl_11" custom="structure {type:Default;}">
        <Coords points="294,675 1099,675 1099,712 294,712"/>
        <Baseline points="294,705 339,706 663,712 794,712 891,705 961,706 1099,707"/>
        <TextEquiv>
          <Unicode>de Saint-Gervais, 1826, une p. in-12.</Unicode>
        </TextEquiv>
      </TextLine>

      
      
      <TextLine id="tl_13" custom="structure {type:Default;}">
        <Coords points="379,783 1102,783 1102,818 379,818"/>
        <Baseline points="379,807 389,807 548,811 640,810 736,811 864,811 934,811 1102,816"/>
        <TextEquiv>
          <Unicode>« J’avais fait une lettre de change,</Unicode>
        </TextEquiv>
      </TextLine>

      
      
      <TextLine id="tl_14" custom="structure {type:Default;}">
        <Coords points="334,819 1103,819 1103,854 334,854"/>
        <Baseline points="334,846 411,847 444,847 544,854 602,847 700,846 875,846 928,847 990,847 1103,848"/>
        <TextEquiv>
          <Unicode>tout à coup on s&#39;est présenté et on vient</Unicode>
        </TextEquiv>
      </TextLine>

      
      
      <TextLine id="tl_15" custom="structure {type:Default;}">
        <Coords points="333,855 1103,855 1103,889 333,889"/>
        <Baseline points="333,883 374,882 445,883 585,883 621,882 754,882 914,883 1014,883 1103,883"/>
        <TextEquiv>
          <Unicode>de me mettre à Sainte Pélagie. Mon état</Unicode>
        </TextEquiv>
      </TextLine>

      
      
      <TextLine id="tl_16" custom="structure {type:Default;}">
        <Coords points="334,891 1103,891 1103,925 334,925"/>
        <Baseline points="334,918 384,918 519,919 575,918 658,925 780,919 992,919 1103,919"/>
        <TextEquiv>
          <Unicode>est perdu si j’y reste seulement trois</Unicode>
        </TextEquiv>
      </TextLine>

      
      
      <TextLine id="tl_17" custom="structure {type:Default;}">
        <Coords points="332,928 1103,928 1103,961 332,961"/>
        <Baseline points="332,961 436,954 501,954 590,953 675,954 738,954 864,955 965,954 1016,954 1103,955"/>
        <TextEquiv>
          <Unicode>jours. Je suis allé en soirée chez le duc</Unicode>
        </TextEquiv>
      </TextLine>

      
      
      <TextLine id="tl_18" custom="structure {type:Default;}">
        <Coords points="333,964 1102,964 1102,997 333,997"/>
        <Baseline points="333,990 520,990 590,990 676,990 807,991 913,991 1056,991 1102,992"/>
        <TextEquiv>
          <Unicode>d’Aumont où j’ai perdu mon argent à</Unicode>
        </TextEquiv>
      </TextLine>

      
      
      <TextLine id="tl_19" custom="structure {type:Default;}">
        <Coords points="334,1000 519,1000 519,1027 334,1027"/>
        <Baseline points="334,1025 480,1027 519,1022"/>
        <TextEquiv>
          <Unicode>l’écarté. »</Unicode>
        </TextEquiv>
      </TextLine>

      
      
      <TextLine id="tl_20" custom="structure {type:Default;}">
        <Coords points="242,1112 248,1058 319,1058 351,1075 419,1072 439,1058 522,1072 539,1061 562,1083 650,1083 693,1061 739,1078 776,1066 805,1083 879,1083 896,1069 927,1083 956,1083 970,1069 1036,1081 1076,1061 1093,1066 1099,1112 1090,1123 248,1123"/>
        <Baseline points="245,1113 335,1114 561,1113 785,1113 848,1113 907,1113 1101,1113"/>
        <TextEquiv>
          <Unicode>4217 ARMÉE. — Pièce s. de Claude</Unicode>
        </TextEquiv>
      </TextLine>

      
      
      <TextLine id="tl_21" custom="structure {type:Default;}">
        <Coords points="290,1130 1100,1130 1100,1167 290,1167"/>
        <Baseline points="290,1161 324,1161 769,1161 1100,1162"/>
        <TextEquiv>
          <Unicode>Dameuse, commissaire extraordinaire</Unicode>
        </TextEquiv>
      </TextLine>

      
      
      <TextLine id="tl_22" custom="structure {type:Default;}">
        <Coords points="291,1206 294,1166 559,1175 570,1163 613,1175 628,1163 685,1175 736,1166 747,1178 793,1166 805,1178 916,1166 1016,1178 1061,1166 1087,1175 1096,1209 1067,1220 294,1212"/>
        <Baseline points="292,1209 336,1209 566,1209 861,1215 996,1215 1099,1210"/>
        <TextEquiv>
          <Unicode>de l&#39;artillerie ; Strasbourg, 1696, une</Unicode>
        </TextEquiv>
      </TextLine>

      
      
      <TextLine id="tl_23" custom="structure {type:Default;}">
        <Coords points="292,1225 1098,1225 1098,1266 292,1266"/>
        <Baseline points="292,1265 383,1257 518,1263 613,1255 699,1256 876,1256 1098,1264"/>
        <TextEquiv>
          <Unicode>page in-12, obl. sur formule imprimée,</Unicode>
        </TextEquiv>
      </TextLine>

      
      
      <TextLine id="tl_24" custom="structure {type:Default;}">
        <Coords points="291,1274 1097,1274 1097,1314 291,1314"/>
        <Baseline points="291,1305 318,1305 575,1305 1028,1304 1097,1305"/>
        <TextEquiv>
          <Unicode>s. parchemin. 30 fr.</Unicode>
        </TextEquiv>
      </TextLine>

      
      
      <TextLine id="tl_25" custom="structure {type:Default;}">
        <Coords points="374,1334 1100,1334 1100,1369 374,1369"/>
        <Baseline points="374,1363 467,1362 536,1362 717,1362 864,1362 989,1362 1100,1362"/>
        <TextEquiv>
          <Unicode>Reçu de soixante quinze livres pour</Unicode>
        </TextEquiv>
      </TextLine>

      
      
      <TextLine id="tl_26" custom="structure {type:Default;}">
        <Coords points="328,1370 1100,1370 1100,1405 328,1405"/>
        <Baseline points="328,1398 376,1398 426,1395 577,1397 648,1398 966,1398 1100,1390"/>
        <TextEquiv>
          <Unicode>les « Aydes et extraordinaires d’Es¬</Unicode>
        </TextEquiv>
      </TextLine>

      
      
      <TextLine id="tl_27" custom="structure {type:Default;}">
        <Coords points="330,1408 1099,1408 1099,1438 330,1438"/>
        <Baseline points="330,1434 443,1434 638,1438 841,1434 1021,1434 1099,1434"/>
        <TextEquiv>
          <Unicode>tienne Landais, Trésorier Général de</Unicode>
        </TextEquiv>
      </TextLine>

      
      
      <TextLine id="tl_28" custom="structure {type:Default;}">
        <Coords points="329,1443 1098,1443 1098,1475 329,1475"/>
        <Baseline points="329,1470 520,1470 583,1470 742,1475 783,1470 835,1470 943,1470 1004,1470 1098,1462"/>
        <TextEquiv>
          <Unicode>l’Artillerie de France, à la suite de l’ar¬</Unicode>
        </TextEquiv>
      </TextLine>

      
      
      <TextLine id="tl_29" custom="structure {type:Default;}">
        <Coords points="329,1479 1099,1479 1099,1514 329,1514"/>
        <Baseline points="329,1507 401,1506 488,1506 606,1514 860,1506 955,1506 1034,1507 1099,1506"/>
        <TextEquiv>
          <Unicode>mée du Roy commandée par M. le</Unicode>
        </TextEquiv>
      </TextLine>

      
      
      <TextLine id="tl_30" custom="structure {type:Default;}">
        <Coords points="330,1516 803,1516 803,1543 330,1543"/>
        <Baseline points="330,1543 515,1542 580,1542 767,1542 803,1538"/>
        <TextEquiv>
          <Unicode>Mareschal de Choiseul. »</Unicode>
        </TextEquiv>
      </TextLine>

      
      
      <TextLine id="tl_31" custom="structure {type:Default;}">
        <Coords points="241,1598 1094,1598 1094,1629 241,1629"/>
        <Baseline points="241,1629 332,1629 723,1628 843,1629 1094,1629"/>
        <TextEquiv>
          <Unicode>4218 ASSOCIATION DES LETTRES</Unicode>
        </TextEquiv>
      </TextLine>

      
      
      <TextLine id="tl_32" custom="structure {type:Default;}">
        <Coords points="288,1646 1095,1646 1095,1677 288,1677"/>
        <Baseline points="288,1676 355,1676 485,1677 666,1676 899,1677 1095,1677"/>
        <TextEquiv>
          <Unicode>ET DES ARTS. Lettre adressée</Unicode>
        </TextEquiv>
      </TextLine>

      
      
      <TextLine id="tl_33" custom="structure {type:Default;}">
        <Coords points="287,1694 1093,1694 1093,1734 287,1734"/>
        <Baseline points="287,1725 307,1725 426,1724 481,1724 525,1725 770,1731 807,1725 858,1725 962,1724 1023,1725 1093,1725"/>
        <TextEquiv>
          <Unicode>au Duc de Luynes, 1852, 2 p. in-4. 25 fr.</Unicode>
        </TextEquiv>
      </TextLine>

      
      
      <TextLine id="tl_34" custom="structure {type:Default;}">
        <Coords points="369,1762 1094,1762 1094,1796 369,1796"/>
        <Baseline points="369,1789 655,1788 765,1789 836,1788 972,1789 1038,1789 1094,1790"/>
        <TextEquiv>
          <Unicode>Remerciements pour les billets de la</Unicode>
        </TextEquiv>
      </TextLine>

      
      
      <TextLine id="tl_35" custom="structure {type:Default;}">
        <Coords points="327,1797 1093,1797 1093,1832 327,1832"/>
        <Baseline points="327,1825 458,1825 528,1825 790,1825 884,1825 942,1825 1046,1825 1093,1825"/>
        <TextEquiv>
          <Unicode>Loterie de Bienfaisance que le Duc a</Unicode>
        </TextEquiv>
      </TextLine>

      
      
      <TextLine id="tl_36" custom="structure {type:Default;}">
        <Coords points="324,1834 1093,1834 1093,1868 324,1868"/>
        <Baseline points="324,1860 401,1861 517,1861 682,1861 846,1861 878,1861 1093,1862"/>
        <TextEquiv>
          <Unicode>bien voulu prendre. Environ 80 signatures</Unicode>
        </TextEquiv>
      </TextLine>

      
      
      <TextLine id="tl_37" custom="structure {type:Default;}">
        <Coords points="323,1870 1094,1870 1094,1904 323,1904"/>
        <Baseline points="323,1896 342,1896 672,1897 868,1896 893,1897 1094,1897"/>
        <TextEquiv>
          <Unicode>autographes parmi lesquelles : Ambroise</Unicode>
        </TextEquiv>
      </TextLine>

      
      
      <TextLine id="tl_38" custom="structure {type:Default;}">
        <Coords points="326,1906 1092,1906 1092,1939 326,1939"/>
        <Baseline points="326,1932 483,1938 654,1933 860,1937 1092,1938"/>
        <TextEquiv>
          <Unicode>Thomas, Emile Ollivier, Jouffroy,</Unicode>
        </TextEquiv>
      </TextLine>

      
      
      <TextLine id="tl_39" custom="structure {type:Default;}">
        <Coords points="334,1942 1091,1942 1091,1976 334,1976"/>
        <Baseline points="334,1968 468,1974 529,1969 693,1974 847,1974 1009,1974 1091,1970"/>
        <TextEquiv>
          <Unicode>Taylor, F. Halévy, Taskin, Onslow, etc.</Unicode>
        </TextEquiv>
      </TextLine>

      
      
      <TextLine id="tl_40" custom="structure {type:Default;}">
        <Coords points="236,2022 1088,2022 1088,2061 236,2061"/>
        <Baseline points="236,2053 327,2053 571,2052 777,2059 1088,2053"/>
        <TextEquiv>
          <Unicode>4219 AUBERT (Louis), compositeur.</Unicode>
        </TextEquiv>
      </TextLine>

      
      
      <TextLine id="tl_41" custom="structure {type:Default;}">
        <Coords points="279,2090 282,2062 568,2068 593,2053 613,2068 648,2056 679,2068 796,2056 810,2070 853,2059 904,2073 947,2073 962,2059 1064,2059 1084,2099 1061,2113 973,2107 956,2119 907,2119 893,2105 713,2116 282,2102"/>
        <Baseline points="282,2093 328,2093 470,2101 519,2102 564,2101 698,2108 819,2106 906,2100 1086,2100"/>
        <TextEquiv>
          <Unicode>— Lettre a. s. Paris, 1924, une p in-12.</Unicode>
        </TextEquiv>
      </TextLine>

      
      
      <TextLine id="tl_43" custom="structure {type:Default;}">
        <Coords points="367,2179 1089,2179 1089,2214 367,2214"/>
        <Baseline points="367,2204 376,2204 443,2207 520,2207 667,2206 798,2206 1005,2205 1089,2206"/>
        <TextEquiv>
          <Unicode>« Je me réjouis d’être interprété par</Unicode>
        </TextEquiv>
      </TextLine>

      
      
      <TextLine id="tl_44" custom="structure {type:Default;}">
        <Coords points="321,2216 723,2216 723,2249 321,2249"/>
        <Baseline points="321,2243 405,2242 470,2243 686,2242 723,2239"/>
        <TextEquiv>
          <Unicode>vous en Amérique. »</Unicode>
        </TextEquiv>
      </TextLine>

      
      
      <TextLine id="tl_45" custom="structure {type:Default;}">
        <Coords points="231,2327 234,2282 316,2282 339,2296 351,2284 411,2282 471,2290 556,2279 573,2293 616,2293 633,2279 665,2279 702,2293 745,2282 939,2290 1013,2276 1076,2287 1084,2316 1056,2333 950,2324 942,2336 236,2336"/>
        <Baseline points="232,2330 323,2329 572,2327 753,2327 947,2327 1085,2318"/>
        <TextEquiv>
          <Unicode>4220 AUMALE (Henri-Eugène-Phi¬</Unicode>
        </TextEquiv>
      </TextLine>

      
      
      <TextLine id="tl_46" custom="structure {type:Default;}">
        <Coords points="279,2373 282,2333 294,2330 342,2341 519,2341 530,2330 593,2341 636,2330 713,2344 750,2333 785,2344 1073,2333 1081,2373 1073,2387 282,2378"/>
        <Baseline points="280,2376 504,2376 726,2382 815,2375 895,2375 1084,2376"/>
        <TextEquiv>
          <Unicode>lippe-Louis d’Orléans, duc d’). — Deux</Unicode>
        </TextEquiv>
      </TextLine>

      
      
      <TextLine id="tl_47" custom="structure {type:Default;}">
        <Coords points="279,2392 1083,2392 1083,2430 279,2430"/>
        <Baseline points="279,2423 404,2424 528,2424 632,2423 697,2423 758,2422 830,2422 994,2422 1053,2423 1083,2430"/>
        <TextEquiv>
          <Unicode>lettres dont une a. s. et l’autre s. ;</Unicode>
        </TextEquiv>
      </TextLine>

      
      
      <TextLine id="tl_48" custom="structure {type:Default;}">
        <Coords points="279,2440 1081,2440 1081,2480 279,2480"/>
        <Baseline points="279,2472 478,2477 712,2476 752,2470 808,2470 939,2469 1011,2470 1081,2470"/>
        <TextEquiv>
          <Unicode>Chantilly, 1884-1885, 2 p. in-12. 15 fr.</Unicode>
        </TextEquiv>
      </TextLine>

      
      
      <TextLine id="tl_49" custom="structure {type:Default;}">
        <Coords points="360,2507 1084,2507 1084,2536 360,2536"/>
        <Baseline points="360,2536 645,2535 710,2535 801,2534 996,2535 1084,2536"/>
        <TextEquiv>
          <Unicode>Remerciements à un confrère de</Unicode>
        </TextEquiv>
      </TextLine>

      
      
      <TextLine id="tl_50" custom="structure {type:Default;}">
        <Coords points="315,2544 995,2544 995,2578 315,2578"/>
        <Baseline points="315,2571 532,2575 641,2571 814,2572 995,2571"/>
        <TextEquiv>
          <Unicode>l’Académie, pour volumes envoyés.</Unicode>
        </TextEquiv>
      </TextLine>

      
      
      <TextLine id="tl_51" custom="structure {type:Default;}">
        <Coords points="228,2655 231,2615 248,2610 294,2610 328,2635 351,2612 422,2615 448,2604 496,2604 533,2627 553,2610 613,2607 630,2624 648,2607 687,2621 736,2604 762,2630 867,2630 907,2598 999,2615 1067,2610 1076,2652 231,2669"/>
        <Baseline points="229,2657 317,2656 380,2655 566,2665 1079,2655"/>
        <TextEquiv>
          <Unicode>4221 AUREL (Madame). — ALFRED</Unicode>
        </TextEquiv>
      </TextLine>

      
      
      <TextLine id="tl_52" custom="structure {type:Default;}">
        <Coords points="271,2701 274,2661 488,2661 522,2675 599,2675 625,2664 756,2672 842,2658 924,2672 964,2658 984,2669 1070,2667 1079,2692 1059,2707 605,2701 528,2712 274,2712"/>
        <Baseline points="274,2703 534,2702 741,2703 911,2703 1080,2695"/>
        <TextEquiv>
          <Unicode>MORTIER. — Deux articles biogra¬</Unicode>
        </TextEquiv>
      </TextLine>

      
      
      <TextLine id="tl_53" custom="structure {type:Default;}">
        <Coords points="275,2720 1080,2720 1080,2760 275,2760"/>
        <Baseline points="275,2760 442,2758 579,2750 675,2750 799,2749 1006,2751 1080,2751"/>
        <TextEquiv>
          <Unicode>phiques, écrits par deux Hommes de</Unicode>
        </TextEquiv>
      </TextLine>

      
      
      <TextLine id="tl_54" custom="structure {type:Default;}">
        <Coords points="275,2767 1078,2767 1078,2806 275,2806"/>
        <Baseline points="275,2799 437,2806 643,2797 684,2797 809,2797 908,2798 1078,2799"/>
        <TextEquiv>
          <Unicode>Lettres; ensemble 8 pages aut. signées.</Unicode>
        </TextEquiv>
      </TextLine>

      
      
      <TextLine id="tl_56" custom="structure {type:Default;}">
        <Coords points="222,2935 225,2883 291,2892 308,2881 362,2895 413,2881 513,2895 610,2895 622,2883 636,2895 793,2895 807,2883 896,2895 930,2881 1021,2881 1064,2889 1073,2932 1064,2943 228,2943"/>
        <Baseline points="224,2936 316,2936 509,2934 763,2935 864,2934 1076,2935"/>
        <TextEquiv>
          <Unicode>4222 AVÈZE (Marquisat d’). — Pièce</Unicode>
        </TextEquiv>
      </TextLine>

      
      
      <TextLine id="tl_57" custom="structure {type:Default;}">
        <Coords points="272,2951 1076,2951 1076,2983 272,2983"/>
        <Baseline points="272,2983 299,2983 367,2982 515,2982 579,2982 747,2982 813,2982 1010,2982 1076,2982"/>
        <TextEquiv>
          <Unicode>s. de Victor de Tresars de Beaufort de</Unicode>
        </TextEquiv>
      </TextLine>

      
      
      <TextLine id="tl_58" custom="structure {type:Default;}">
        <Coords points="271,3029 274,2986 690,2995 722,2983 1064,2992 1073,3026 1056,3037 859,3029 707,3040 274,3032"/>
        <Baseline points="272,3030 424,3037 616,3029 677,3029 864,3028 935,3028 1075,3028"/>
        <TextEquiv>
          <Unicode>Vabres, seigneur et Marquis de Beau¬</Unicode>
        </TextEquiv>
      </TextLine>

      
      
      <TextLine id="tl_59" custom="structure {type:Default;}">
        <Coords points="268,3074 271,3035 331,3035 345,3049 376,3035 585,3049 642,3032 665,3046 693,3032 765,3032 785,3046 910,3046 922,3035 959,3046 981,3032 1041,3032 1059,3035 1067,3072 1047,3083 962,3074 933,3086 271,3080"/>
        <Baseline points="270,3077 345,3078 544,3077 573,3084 628,3077 671,3076 795,3082 894,3076 957,3076 1069,3074"/>
        <TextEquiv>
          <Unicode>fort d’Avèze. ; s. l. 1682, une p. in-f°</Unicode>
        </TextEquiv>
      </TextLine>

      
      
      <TextLine id="tl_60" custom="structure {type:Default;}">
        <Coords points="271,3093 1071,3093 1071,3134 271,3134"/>
        <Baseline points="271,3126 342,3125 589,3131 702,3124 841,3124 1002,3123 1071,3124"/>
        <TextEquiv>
          <Unicode>obl. parchemin, avec sceau. 30 fr.</Unicode>
        </TextEquiv>
      </TextLine>

      
    </TextRegion>
    
    <TextRegion id="eSc_textblock_663ceaa0"  custom="structure {type:Main;}">
      <Coords points="1168,288 1133,3139 2033,3143 2039,1559 2043,283"/>
      
      
      <TextLine id="tl_61" custom="structure {type:Default;}">
        <Coords points="1308,285 2026,285 2026,322 1308,322"/>
        <Baseline points="1308,312 1402,312 1566,314 1632,314 1842,315 2026,318"/>
        <TextEquiv>
          <Unicode>Pièce relative au marquisat d’Avèze.</Unicode>
        </TextEquiv>
      </TextLine>

      
      
      <TextLine id="tl_62" custom="structure {type:Default;}">
        <Coords points="1264,321 2023,321 2023,357 1264,357"/>
        <Baseline points="1264,348 1482,349 1554,349 1710,350 1841,351 2023,357"/>
        <TextEquiv>
          <Unicode>Nomination de Michel Point Chabrit,</Unicode>
        </TextEquiv>
      </TextLine>

      
      
      <TextLine id="tl_63" custom="structure {type:Default;}">
        <Coords points="1263,356 2024,356 2024,395 1263,395"/>
        <Baseline points="1263,384 1282,384 1413,384 1466,384 1668,390 1765,386 1813,387 2024,393"/>
        <TextEquiv>
          <Unicode>à l’office de procureur, dans ce marquisat,</Unicode>
        </TextEquiv>
      </TextLine>

      
      
      <TextLine id="tl_64" custom="structure {type:Default;}">
        <Coords points="1264,394 2022,394 2022,429 1264,429"/>
        <Baseline points="1264,416 1274,416 1435,420 1564,420 1666,422 1733,422 1813,422 2022,424"/>
        <TextEquiv>
          <Unicode>« voulant oultre qu’il ait son habitation</Unicode>
        </TextEquiv>
      </TextLine>

      
      
      <TextLine id="tl_65" custom="structure {type:Default;}">
        <Coords points="1262,430 2022,430 2022,464 1262,464"/>
        <Baseline points="1262,455 1344,455 1398,456 1542,456 1598,464 1684,457 1766,464 1914,459 2022,459"/>
        <TextEquiv>
          <Unicode>avec sa famille sy bon luy semble dans</Unicode>
        </TextEquiv>
      </TextLine>

      
      
      <TextLine id="tl_66" custom="structure {type:Default;}">
        <Coords points="1261,465 1762,465 1762,493 1261,493"/>
        <Baseline points="1261,491 1358,491 1542,492 1724,493 1762,490"/>
        <TextEquiv>
          <Unicode>notre chasteau d’Avèze. »</Unicode>
        </TextEquiv>
      </TextLine>

      
      
      <TextLine id="tl_67" custom="structure {type:Default;}">
        <Coords points="1176,539 2022,539 2022,583 1176,583"/>
        <Baseline points="1176,569 1266,570 1661,570 2022,581"/>
        <TextEquiv>
          <Unicode>4223 BACHELIER (Jean-Jacques),</Unicode>
        </TextEquiv>
      </TextLine>

      
      
      <TextLine id="tl_68" custom="structure {type:Default;}">
        <Coords points="1222,587 2022,587 2022,628 1222,628"/>
        <Baseline points="1222,626 1363,618 1441,618 1664,626 1879,621 1956,621 2022,622"/>
        <TextEquiv>
          <Unicode>peintre de paysages, directeur de la</Unicode>
        </TextEquiv>
      </TextLine>

      
      
      <TextLine id="tl_69" custom="structure {type:Default;}">
        <Coords points="1221,661 1224,630 1321,633 1335,618 1378,630 1418,621 1447,636 1495,636 1510,624 1552,636 1581,624 1778,638 1824,624 1884,641 1918,627 2003,627 2021,673 2006,681 1895,670 1861,681 1818,667 1798,678 1769,667 1709,667 1698,678 1498,676 1484,664 1453,676 1224,670"/>
        <Baseline points="1222,664 1478,666 1546,666 1709,668 1841,668 1894,670 2022,675"/>
        <TextEquiv>
          <Unicode>manufacture de Sèvres. — P. s. 1777,</Unicode>
        </TextEquiv>
      </TextLine>

      
      
      <TextLine id="tl_70" custom="structure {type:Default;}">
        <Coords points="1225,682 2022,682 2022,723 1225,723"/>
        <Baseline points="1225,712 1239,712 1299,713 1439,714 1567,714 1628,715 1882,716 1953,716 2022,717"/>
        <TextEquiv>
          <Unicode>1 p. in-fol. impr. et manuscrite. 20 fr.</Unicode>
        </TextEquiv>
      </TextLine>

      
      
      <TextLine id="tl_71" custom="structure {type:Default;}">
        <Coords points="1303,744 2025,744 2025,779 1303,779"/>
        <Baseline points="1303,770 1426,771 1493,771 1641,772 1742,773 2025,775"/>
        <TextEquiv>
          <Unicode>Brevet de second prix d’architecture</Unicode>
        </TextEquiv>
      </TextLine>

      
      
      <TextLine id="tl_72" custom="structure {type:Default;}">
        <Coords points="1261,780 2025,780 2025,815 1261,815"/>
        <Baseline points="1261,806 1400,806 1450,808 1517,808 1768,809 1927,809 2025,802"/>
        <TextEquiv>
          <Unicode>décerné à Hassenfratz (le célèbre chi¬</Unicode>
        </TextEquiv>
      </TextLine>

      
      
      <TextLine id="tl_73" custom="structure {type:Default;}">
        <Coords points="1262,816 2022,816 2022,851 1262,851"/>
        <Baseline points="1262,842 1384,847 1489,843 1541,844 1567,843 1829,845 1882,845 2022,846"/>
        <TextEquiv>
          <Unicode>miste), élève de l’Ecole gratuite de dessin.</Unicode>
        </TextEquiv>
      </TextLine>

      
      
      <TextLine id="tl_74" custom="structure {type:Default;}">
        <Coords points="1176,890 2022,890 2022,927 1176,927"/>
        <Baseline points="1176,920 1265,920 1701,922 2022,915"/>
        <TextEquiv>
          <Unicode>4224 BADEN-BADEN (Ferdinand-</Unicode>
        </TextEquiv>
      </TextLine>

      
      
      <TextLine id="tl_75" custom="structure {type:Default;}">
        <Coords points="1223,938 2020,938 2020,980 1223,980"/>
        <Baseline points="1223,968 1463,976 1614,970 1707,978 1773,972 1837,971 1961,978 2020,972"/>
        <TextEquiv>
          <Unicode>Maximilien, prince de), né en 1600, m.</Unicode>
        </TextEquiv>
      </TextLine>

      
      
      <TextLine id="tl_76" custom="structure {type:Default;}">
        <Coords points="1221,1012 1224,984 1244,975 1281,984 1293,972 1353,972 1384,986 1570,975 1612,989 1684,989 1712,975 1767,989 1789,978 1889,989 1952,978 1969,992 1983,978 2009,978 2018,1018 2009,1029 1798,1029 1781,1018 1224,1021"/>
        <Baseline points="1222,1015 1266,1016 1396,1017 1617,1018 1674,1019 1765,1018 1980,1026 2021,1020"/>
        <TextEquiv>
          <Unicode>en 1669. — Lettre s. (en français), 5</Unicode>
        </TextEquiv>
      </TextLine>

      
      
      <TextLine id="tl_77" custom="structure {type:Default;}">
        <Coords points="1223,1033 2021,1033 2021,1076 1223,1076"/>
        <Baseline points="1223,1063 1333,1064 1498,1065 1658,1073 1778,1073 1865,1067 1915,1067 2021,1074"/>
        <TextEquiv>
          <Unicode>lignes autogr. Baden, 1668, une p. in-4,</Unicode>
        </TextEquiv>
      </TextLine>

      
      
      <TextLine id="tl_78" custom="structure {type:Default;}">
        <Coords points="1221,1081 1504,1081 1504,1113 1221,1113"/>
        <Baseline points="1221,1111 1361,1112 1432,1112 1504,1113"/>
        <TextEquiv>
          <Unicode>cachet. 25 fr.</Unicode>
        </TextEquiv>
      </TextLine>

      
      
      <TextLine id="tl_79" custom="structure {type:Default;}">
        <Coords points="1304,1143 2021,1143 2021,1180 1304,1180"/>
        <Baseline points="1304,1167 1315,1167 1418,1177 1504,1171 1594,1171 1701,1171 1805,1172 1933,1173 2021,1173"/>
        <TextEquiv>
          <Unicode>« J’ay veu que vous avez encor pris</Unicode>
        </TextEquiv>
      </TextLine>

      
      
      <TextLine id="tl_80" custom="structure {type:Default;}">
        <Coords points="1260,1179 2022,1179 2022,1216 1260,1216"/>
        <Baseline points="1260,1205 1290,1205 1406,1206 1500,1206 1579,1207 1641,1207 1703,1207 1790,1208 1946,1208 2022,1210"/>
        <TextEquiv>
          <Unicode>la peine d&#39;en trou ver un bon Maistre qui</Unicode>
        </TextEquiv>
      </TextLine>

      
      
      <TextLine id="tl_81" custom="structure {type:Default;}">
        <Coords points="1259,1214 2021,1214 2021,1245 1259,1245"/>
        <Baseline points="1259,1241 1412,1242 1526,1242 1650,1243 1717,1243 2021,1245"/>
        <TextEquiv>
          <Unicode>s’entend fort bien à l’architecture.</Unicode>
        </TextEquiv>
      </TextLine>

      
      
      <TextLine id="tl_82" custom="structure {type:Default;}">
        <Coords points="1259,1251 1938,1251 1938,1285 1259,1285"/>
        <Baseline points="1259,1277 1300,1277 1405,1277 1470,1284 1569,1278 1633,1278 1901,1281 1938,1276"/>
        <TextEquiv>
          <Unicode>Je vous ay bien de l’obligation... »</Unicode>
        </TextEquiv>
      </TextLine>

      
      
      <TextLine id="tl_83" custom="structure {type:Default;}">
        <Coords points="1170,1346 1176,1315 1261,1306 1307,1317 1353,1297 1450,1320 1478,1300 1524,1300 1578,1323 1669,1323 1715,1303 1735,1326 1784,1326 1795,1315 1826,1326 1864,1306 1986,1320 2009,1309 2015,1366 1872,1377 1784,1363 1695,1372 1684,1360 1624,1372 1530,1357 1484,1369 1453,1357 1173,1363"/>
        <Baseline points="1171,1347 1218,1347 1448,1356 1646,1358 1746,1359 1933,1359 1985,1360 2016,1367"/>
        <TextEquiv>
          <Unicode>— BALZAC (Honoré de). — Voir Nos</Unicode>
        </TextEquiv>
      </TextLine>

      
      
      <TextLine id="tl_84" custom="structure {type:Default;}">
        <Coords points="1219,1373 1571,1373 1571,1411 1219,1411"/>
        <Baseline points="1219,1403 1321,1411 1446,1411 1571,1406"/>
        <TextEquiv>
          <Unicode>4345, 4420, 4627.</Unicode>
        </TextEquiv>
      </TextLine>

      
      
      <TextLine id="tl_85" custom="structure {type:Default;}">
        <Coords points="1171,1450 2016,1450 2016,1492 1171,1492"/>
        <Baseline points="1171,1481 1261,1481 1549,1481 1777,1483 1873,1489 2016,1485"/>
        <TextEquiv>
          <Unicode>4225 BANVILLE (Théodore de), poète.</Unicode>
        </TextEquiv>
      </TextLine>

      
      
      <TextLine id="tl_86" custom="structure {type:Default;}">
        <Coords points="1210,1534 1218,1491 1413,1497 1430,1486 1458,1500 1472,1489 1607,1486 1684,1503 1715,1489 1804,1489 1818,1503 1832,1491 1858,1506 1872,1494 1906,1506 1921,1491 1998,1491 2015,1531 1875,1548 1852,1537 1644,1546 1532,1531 1510,1543 1427,1531 1213,1537"/>
        <Baseline points="1212,1535 1267,1535 1319,1530 1372,1530 1418,1530 1460,1530 1525,1530 1699,1538 1819,1538 1855,1531 1910,1531 2016,1532"/>
        <TextEquiv>
          <Unicode>— L. a. s. à M. Léonce, 1895, 1 p. in-8.</Unicode>
        </TextEquiv>
      </TextLine>

      
      
      <TextLine id="tl_88" custom="structure {type:Default;}">
        <Coords points="1301,1609 2018,1609 2018,1643 1301,1643"/>
        <Baseline points="1301,1636 1485,1636 1597,1637 1633,1633 1752,1637 1912,1637 2018,1637"/>
        <TextEquiv>
          <Unicode>Invitation pour « venir manger avec</Unicode>
        </TextEquiv>
      </TextLine>

      
      
      <TextLine id="tl_89" custom="structure {type:Default;}">
        <Coords points="1256,1645 2018,1645 2018,1680 1256,1680"/>
        <Baseline points="1256,1671 1350,1677 1452,1673 1598,1680 1650,1673 1756,1673 1877,1673 2018,1673"/>
        <TextEquiv>
          <Unicode>nous, chez Magny la belle dinde truffée</Unicode>
        </TextEquiv>
      </TextLine>

      
      
      <TextLine id="tl_90" custom="structure {type:Default;}">
        <Coords points="1255,1688 1606,1688 1606,1715 1255,1715"/>
        <Baseline points="1255,1715 1319,1708 1429,1708 1565,1709 1606,1705"/>
        <TextEquiv>
          <Unicode>que vous savez. »</Unicode>
        </TextEquiv>
      </TextLine>

      
      
      <TextLine id="tl_91" custom="structure {type:Default;}">
        <Coords points="1168,1749 2014,1749 2014,1790 1168,1790"/>
        <Baseline points="1168,1779 1258,1779 1495,1780 1549,1779 1861,1780 2014,1786"/>
        <TextEquiv>
          <Unicode>4226 BARBEY D&#39;AUREVILLY (Jules)</Unicode>
        </TextEquiv>
      </TextLine>

      
      
      <TextLine id="tl_92" custom="structure {type:Default;}">
        <Coords points="1213,1825 1216,1785 1233,1782 1327,1785 1350,1797 1498,1797 1521,1782 1535,1797 1624,1788 1658,1799 1712,1785 1866,1785 1906,1799 1981,1785 2003,1799 2012,1828 2001,1839 1216,1831"/>
        <Baseline points="1215,1827 1432,1828 1556,1828 1608,1829 1656,1829 1697,1829 1762,1830 1920,1835 1956,1829 2013,1830"/>
        <TextEquiv>
          <Unicode>littérateur. — L. a. s. à M. Nadar, 1 p.</Unicode>
        </TextEquiv>
      </TextLine>

      
      
      <TextLine id="tl_93" custom="structure {type:Default;}">
        <Coords points="1214,1844 2012,1844 2012,1886 1214,1886"/>
        <Baseline points="1214,1875 1289,1875 1347,1876 1500,1876 1657,1877 1942,1877 2012,1877"/>
        <TextEquiv>
          <Unicode>in-8 (à l’encre rouge). 35 fr.</Unicode>
        </TextEquiv>
      </TextLine>

      
      
      <TextLine id="tl_94" custom="structure {type:Default;}">
        <Coords points="1296,1906 2014,1906 2014,1940 1296,1940"/>
        <Baseline points="1296,1929 1306,1929 1427,1933 1538,1934 1611,1934 1787,1933 1845,1934 2014,1934"/>
        <TextEquiv>
          <Unicode>« Vous avez dû recevoir le premier</Unicode>
        </TextEquiv>
      </TextLine>

      
      
      <TextLine id="tl_95" custom="structure {type:Default;}">
        <Coords points="1251,1941 2013,1941 2013,1976 1251,1976"/>
        <Baseline points="1251,1968 1402,1969 1470,1969 1574,1969 1717,1969 1778,1970 1861,1969 2013,1969"/>
        <TextEquiv>
          <Unicode>chapitre de mon roman et j’ai obtenu</Unicode>
        </TextEquiv>
      </TextLine>

      
      
      <TextLine id="tl_96" custom="structure {type:Default;}">
        <Coords points="1251,1978 2013,1978 2013,2012 1251,2012"/>
        <Baseline points="1251,2004 1295,2004 1370,2004 1468,2004 1593,2005 1698,2005 1817,2005 1867,2005 2013,2005"/>
        <TextEquiv>
          <Unicode>du Gil Blas qu’on vous ferait le service</Unicode>
        </TextEquiv>
      </TextLine>

      
      
      <TextLine id="tl_97" custom="structure {type:Default;}">
        <Coords points="1251,2014 1848,2014 1848,2048 1251,2048"/>
        <Baseline points="1251,2047 1400,2040 1518,2041 1575,2042 1814,2041 1848,2038"/>
        <TextEquiv>
          <Unicode>pendant toute sa publication. »</Unicode>
        </TextEquiv>
      </TextLine>

      
      
      <TextLine id="tl_98" custom="structure {type:Default;}">
        <Coords points="1163,2089 2008,2089 2008,2129 1163,2129"/>
        <Baseline points="1163,2119 1252,2120 1559,2119 1757,2126 2008,2121"/>
        <TextEquiv>
          <Unicode>4227 BARBUSSE (Henri), romancier.</Unicode>
        </TextEquiv>
      </TextLine>

      
      
      <TextLine id="tl_99" custom="structure {type:Default;}">
        <Coords points="1204,2156 1207,2130 1258,2122 1447,2136 1515,2125 1587,2136 1844,2125 1869,2145 1904,2127 1986,2127 2006,2173 1787,2187 1755,2176 1732,2185 1721,2170 1704,2185 1661,2170 1524,2170 1490,2182 1453,2182 1444,2170 1207,2170"/>
        <Baseline points="1207,2158 1320,2167 1380,2168 1436,2168 1486,2168 1668,2168 1751,2168 2008,2174"/>
        <TextEquiv>
          <Unicode>— L. a. s. à Laurent Tailhude, 1919,</Unicode>
        </TextEquiv>
      </TextLine>

      
      
      <TextLine id="tl_100" custom="structure {type:Default;}">
        <Coords points="1211,2185 2006,2185 2006,2224 1211,2224"/>
        <Baseline points="1211,2214 1225,2214 1288,2215 1404,2216 1937,2214 2006,2216"/>
        <TextEquiv>
          <Unicode>1 p. in-4. 20 fr.</Unicode>
        </TextEquiv>
      </TextLine>

      
      
      <TextLine id="tl_101" custom="structure {type:Default;}">
        <Coords points="1291,2247 2008,2247 2008,2281 1291,2281"/>
        <Baseline points="1291,2274 1341,2274 1462,2273 1535,2274 1597,2274 1777,2274 1853,2273 2008,2273"/>
        <TextEquiv>
          <Unicode>Au sujet de la création du groupe</Unicode>
        </TextEquiv>
      </TextLine>

      
      
      <TextLine id="tl_102" custom="structure {type:Default;}">
        <Coords points="1248,2283 2008,2283 2008,2313 1248,2313"/>
        <Baseline points="1248,2306 1258,2306 1365,2310 1416,2306 1480,2310 1686,2313 1749,2309 1888,2309 2008,2301"/>
        <TextEquiv>
          <Unicode>« Clarté » du manifeste, du comité direc¬</Unicode>
        </TextEquiv>
      </TextLine>

      
      
      <TextLine id="tl_103" custom="structure {type:Default;}">
        <Coords points="1245,2318 2008,2318 2008,2352 1245,2352"/>
        <Baseline points="1245,2345 1331,2350 1391,2346 1472,2345 1634,2345 1689,2344 1744,2345 1837,2345 1902,2344 2008,2344"/>
        <TextEquiv>
          <Unicode>teur, et des statuts. Il le prie de faire</Unicode>
        </TextEquiv>
      </TextLine>

      
      
      <TextLine id="tl_104" custom="structure {type:Default;}">
        <Coords points="1246,2353 2006,2353 2006,2388 1246,2388"/>
        <Baseline points="1246,2381 1356,2381 1439,2381 1607,2381 1679,2381 1832,2380 1946,2379 2006,2380"/>
        <TextEquiv>
          <Unicode>savoir s’il accepte de figurer dans le</Unicode>
        </TextEquiv>
      </TextLine>

      
      
      <TextLine id="tl_106" custom="structure {type:Default;}">
        <Coords points="1156,2490 1158,2433 1261,2450 1284,2433 1318,2447 1464,2433 1487,2456 1527,2433 1567,2450 1610,2433 1652,2447 1672,2436 1707,2456 1747,2456 1764,2441 1787,2456 1812,2444 1841,2456 1861,2438 1889,2456 1992,2456 2001,2487 1975,2498 1158,2498"/>
        <Baseline points="1157,2491 1247,2491 1483,2490 1720,2495 1924,2488 2003,2488"/>
        <TextEquiv>
          <Unicode>4228 BARRÈS (Maurice), écrivain. —</Unicode>
        </TextEquiv>
      </TextLine>

      
      
      <TextLine id="tl_107" custom="structure {type:Default;}">
        <Coords points="1204,2505 2003,2505 2003,2546 1204,2546"/>
        <Baseline points="1204,2538 1243,2538 1299,2538 1349,2539 1393,2538 1463,2537 1571,2544 1695,2543 1739,2537 1794,2536 1892,2536 2003,2536"/>
        <TextEquiv>
          <Unicode>L. a. s. à un ami, 1907, 3 p. in-8 avec</Unicode>
        </TextEquiv>
      </TextLine>

      
      
      <TextLine id="tl_108" custom="structure {type:Default;}">
        <Coords points="1203,2552 2000,2552 2000,2586 1203,2586"/>
        <Baseline points="1203,2585 1344,2585 1412,2585 1672,2584 1932,2584 2000,2583"/>
        <TextEquiv>
          <Unicode>ratures et corrections. 40 fr.</Unicode>
        </TextEquiv>
      </TextLine>

      
      
      <TextLine id="tl_109" custom="structure {type:Default;}">
        <Coords points="1286,2613 2001,2613 2001,2649 1286,2649"/>
        <Baseline points="1286,2640 1296,2640 1449,2642 1544,2642 1610,2642 1752,2641 1817,2640 1947,2640 2001,2641"/>
        <TextEquiv>
          <Unicode>« J’avais prié M. Albert de renier la</Unicode>
        </TextEquiv>
      </TextLine>

      
      
      <TextLine id="tl_110" custom="structure {type:Default;}">
        <Coords points="1242,2649 1999,2649 1999,2682 1242,2682"/>
        <Baseline points="1242,2678 1433,2678 1497,2678 1658,2676 1735,2676 1999,2675"/>
        <TextEquiv>
          <Unicode>traduction du Livre de l’Allemagne.</Unicode>
        </TextEquiv>
      </TextLine>

      
      
      <TextLine id="tl_111" custom="structure {type:Default;}">
        <Coords points="1242,2686 1999,2686 1999,2719 1242,2719"/>
        <Baseline points="1242,2714 1293,2714 1346,2714 1413,2714 1454,2715 1592,2713 1696,2712 1777,2711 1881,2711 1936,2711 1999,2711"/>
        <TextEquiv>
          <Unicode>On la lui a remise page par page et on</Unicode>
        </TextEquiv>
      </TextLine>

      
      
      <TextLine id="tl_112" custom="structure {type:Default;}">
        <Coords points="1240,2721 2000,2721 2000,2754 1240,2754"/>
        <Baseline points="1240,2750 1259,2750 1368,2750 1507,2749 1669,2748 1738,2747 1817,2747 2000,2738"/>
        <TextEquiv>
          <Unicode>a tenu aucun compte de ses observa¬</Unicode>
        </TextEquiv>
      </TextLine>

      
      
      <TextLine id="tl_113" custom="structure {type:Default;}">
        <Coords points="1240,2756 1999,2756 1999,2790 1240,2790"/>
        <Baseline points="1240,2785 1367,2786 1439,2785 1538,2783 1731,2783 1818,2783 1891,2782 1999,2774"/>
        <TextEquiv>
          <Unicode>tions... Je vais protester par les jour¬</Unicode>
        </TextEquiv>
      </TextLine>

      
      
      <TextLine id="tl_114" custom="structure {type:Default;}">
        <Coords points="1239,2791 1997,2791 1997,2821 1239,2821"/>
        <Baseline points="1239,2820 1369,2821 1484,2820 1590,2819 1720,2818 1853,2818 1997,2817"/>
        <TextEquiv>
          <Unicode>naux... Donc cette affaire inutile connue</Unicode>
        </TextEquiv>
      </TextLine>

      
      
      <TextLine id="tl_115" custom="structure {type:Default;}">
        <Coords points="1236,2855 1238,2823 1624,2818 1958,2821 1986,2823 1995,2852 1941,2866 1655,2858 1624,2869 1238,2869"/>
        <Baseline points="1238,2856 1355,2856 1434,2856 1602,2855 1906,2850 1996,2853"/>
        <TextEquiv>
          <Unicode>argent est nuisible littéralement, » etc.</Unicode>
        </TextEquiv>
      </TextLine>

      
      
      <TextLine id="tl_116" custom="structure {type:Default;}">
        <Coords points="1151,2896 1995,2896 1995,2937 1151,2937"/>
        <Baseline points="1151,2929 1241,2929 1481,2928 1666,2928 1891,2932 1995,2926"/>
        <TextEquiv>
          <Unicode>4229 BARTET (Jeanne Régnault, dite</Unicode>
        </TextEquiv>
      </TextLine>

      
      
      <TextLine id="tl_117" custom="structure {type:Default;}">
        <Coords points="1196,2975 1198,2932 1250,2929 1966,2929 1981,2938 1989,2972 1981,2983 1198,2983"/>
        <Baseline points="1197,2976 1308,2986 1372,2976 1426,2977 1614,2975 1820,2974 1919,2973 1992,2973"/>
        <TextEquiv>
          <Unicode>Mme) de la Comédie française. — a) L.</Unicode>
        </TextEquiv>
      </TextLine>

      
      
      <TextLine id="tl_118" custom="structure {type:Default;}">
        <Coords points="1196,3023 1198,2989 1407,2992 1501,2978 1612,2978 1627,2992 1712,2992 1727,2978 1975,2986 1989,3017 1981,3029 1941,3020 1864,3032 1789,3032 1778,3020 1747,3032 1707,3020 1638,3020 1627,3032 1524,3032 1510,3020 1478,3032 1198,3029"/>
        <Baseline points="1197,3024 1228,3023 1277,3023 1404,3030 1444,3023 1503,3023 1636,3023 1745,3021 1888,3020 1942,3020 1991,3019"/>
        <TextEquiv>
          <Unicode>a. s. 1917, 1 p. in-12. — b) Carte a. s.</Unicode>
        </TextEquiv>
      </TextLine>

      
      
      <TextLine id="tl_119" custom="structure {type:Default;}">
        <Coords points="1198,3069 1201,3029 1213,3026 1335,3026 1381,3040 1421,3029 1470,3040 1515,3026 1550,3040 1567,3023 1621,3035 1709,3037 1727,3026 1747,3037 1761,3026 1798,3037 1818,3026 1832,3037 1884,3037 1909,3023 1932,3035 1946,3020 1978,3029 1989,3063 1966,3080 1866,3072 1846,3083 1821,3072 1752,3083 1721,3072 1672,3072 1661,3083 1535,3074 1510,3086 1367,3086 1353,3074 1278,3086 1204,3074"/>
        <Baseline points="1200,3070 1342,3070 1401,3070 1436,3070 1702,3069 1737,3069 1852,3069 1922,3067 1990,3066"/>
        <TextEquiv>
          <Unicode>1918, 2 p. in-16. Chaque lettre : 8 fr.</Unicode>
        </TextEquiv>
      </TextLine>

      
      
      <TextLine id="tl_120" custom="structure {type:Default;}">
        <Coords points="1276,3098 1905,3098 1905,3135 1276,3135"/>
        <Baseline points="1276,3128 1346,3128 1462,3128 1527,3127 1612,3128 1708,3127 1774,3127 1905,3125"/>
        <TextEquiv>
          <Unicode>Elle parle de son état de santé.</Unicode>
        </TextEquiv>
      </TextLine>

      
    </TextRegion>
    

    
    <TextRegion id="eSc_dummyblock_">
    
    
      <TextLine id="tl_12" custom="structure {type:Default;}">
        <Coords points="985,723 1100,723 1100,754 985,754"/>
        <Baseline points="985,754 1029,753 1100,754"/>
        <TextEquiv>
          <Unicode>25 fr.</Unicode>
        </TextEquiv>
      </TextLine>

    
    
      <TextLine id="tl_42" custom="structure {type:Default;}">
        <Coords points="976,2117 1087,2117 1087,2148 976,2148"/>
        <Baseline points="976,2147 1016,2148 1087,2148"/>
        <TextEquiv>
          <Unicode>15 fr.</Unicode>
        </TextEquiv>
      </TextLine>

    
    
      <TextLine id="tl_87" >
        <Coords points="1903,1548 2015,1548 2015,1580 1903,1580"/>
        <Baseline points="1903,1579 1946,1579 2015,1580"/>
        <TextEquiv>
          <Unicode>20 fr.</Unicode>
        </TextEquiv>
      </TextLine>

    
    
      <TextLine id="tl_105" custom="structure {type:Default;}">
        <Coords points="1245,2390 1379,2390 1379,2417 1245,2417"/>
        <Baseline points="1245,2417 1379,2417"/>
        <TextEquiv>
          <Unicode>comité.</Unicode>
        </TextEquiv>
      </TextLine>

    
    
      <TextLine id="tl_55" custom="structure {type:Default;}">
        <Coords points="965,2815 1076,2815 1076,2846 965,2846"/>
        <Baseline points="965,2845 1008,2844 1076,2846"/>
        <TextEquiv>
          <Unicode>60 fr.</Unicode>
        </TextEquiv>
      </TextLine>

    
    </TextRegion>
    
  </Page>
</PcGts>
