2069 3391
1430 129 1968 164 LIBRAIRIE SIMON KRA
195 112 219 153 6
609 3103 1560 3146 ACHAT DE LIVRES ET D’AUTOGRAPHES
193 204 1049 251 4245 BODIN (J. H.), médecin, auteur
237 245 1045 291 de plusieurs ouvrages de pathologie. —
243 301 1050 348 Lettre a. s. à Sédillol, an 13, 3 p. petit
243 348 1047 387 in-4. 30 fr.
325 405 1052 441 Longue lettre sur l’état de la médecine
279 435 1051 474 au commencement du xix'’ siècle. Pré¬
281 478 1052 515 sentation de Le Roy, médecin d’Anvers,
281 512 1051 547 à la Société d’Emulation des Sciences et
280 549 1053 590 des Arts. Méthode antidysentérique
279 579 1048 621 Jacob ; elle consiste » à donner de l’o¬
282 621 1053 661 pium au demi-grain ou même davantage
282 658 970 690 de deux heures en deux heures... »
196 720 1054 766 4246 BOISLECOMTE (Olivier-Sta¬
245 767 1053 813 nislas, comte de), ambassadeur en
245 816 1054 859 Suisse et à Naples, 1800-1865. — Let¬
244 865 1053 909 tre a. s. et note diplomatique a. s.
245 912 1052 957 1847 et 1855, eus. 9 pages in-f°. 50 fr.
326 973 1054 1013 Note diplomatique secrète de la plus
284 1009 1054 1046 haute importance, sur les troubles de
283 1045 1055 1084 1848 à Naples. « On regarde générale¬
283 1082 1054 1120 ment le Roi de Naples comme un vrai
284 1118 1055 1152 Lazzaroni, méchant, fourbe et sans in¬
283 1154 1054 1190 telligence ; c’est une erreur ; le Roi a un
283 1191 1055 1229 grand esprit d’ordre ; il s’occupe avec
283 1226 1054 1263 soin de son administration ; mais le
283 1262 1053 1301 fond de son caractère est la peur, et,
282 1297 1053 1337 il méprise ses sujets autant qu’il craint
282 1335 980 1366 les révolutionnaires de l’extérieur. »
197 1397 1050 1444 4247 BONAPARTE (Julie-Charlotte),
243 1445 1051 1491 de Boccagiovine, fille du prince de
243 1483 1051 1534 Canino, 1830-1885, femme de lettres. —
247 1542 1049 1586 Lettre a. s. Paris, 1867, 3 p. in-8. 20 fr.
327 1604 1054 1644 Elle demande à son correspondant
283 1640 1053 1677 sur la recommandation de M. Caro, de
284 1676 1055 1715 vouloir bien mettre quelques lignes sur
287 1714 501 1743 son album.
197 1774 1054 1821 4248 BONNAT (Léon), le célèbre pein¬
243 1817 1051 1867 tre. — L. a. s. à une reine ; Paris, 3
242 1870 1052 1914 janv. 1893 ; 4 p. in-8. 45 fr.
328 1927 1056 1966 Superbe lettre. « Mon esprit attristé
285 1964 1055 2001 par les misères du moment, a reçu en
284 1998 1056 2036 lisant, un vrai rayon de soleil, une envolée
284 2035 1056 2074 de poésie. Il y avait je ne sais quel par¬
284 2071 1054 2110 fum d’Orient, cet Orient qui nous fait
284 2107 1054 2143 rêver, nous autres hommes de l’Ouest,
284 2143 1054 2180 cet Orient, pays des mille et une fées,
282 2173 1051 2226 qui captive si puissamment nos imagi¬
284 2217 468 2244 nations. »
198 2277 1052 2323 4249 BORNIER (Henri de), poète et
245 2317 1048 2362 auteur dramatique. — Deux L. a. s.
245 2371 1050 2416 (à Henri) Houssaye), 1897 et 1899. 2 p.
246 2420 1050 2463 in-8, enveloppes. Les deux lettres 40 fr.
325 2466 1051 2514 a) » C’est absolument beau de calme,
284 2517 1054 2553 d’impartialité même, avec une certaine
285 2554 1054 2590 mélancolie qui sied à l’histoire de 1915. »
327 2582 1051 2622 b) » Votre Waterloo est de la grande
284 2625 1054 2658 histoire, le récit de l’horrible bataille
282 2656 1045 2704 est un chef d’œuvre, les pages de la dé¬
284 2699 757 2733 route sont effrayantes. -
197 2738 1048 2803 4250 BORNIER (Henri de). — L. a. s.
248 2807 1050 2850 1 p. in-12. 10 fr.
195 2862 1051 2921 4251 BOTREL (Théodore), barde popu¬
243 2916 1045 2964 laire. — Carte postale illustrée de sa
240 2974 1047 3017 photographie et de celle de sa femme ;
243 3022 1044 3063 20 lignes aut. s. 15 fr.
1122 210 1968 252 4252 BOUCHARDAT, chimiste et
1167 248 1967 299 pharmacien (1806-1856). — L. a. s.,
1172 296 1967 356 1 p. in-4, sur bristol. 25 fr.
1252 369 1971 409 Curieuse lettre. Réponse à un ami qui
1210 404 1971 445 lui demande de lui tracer en quelques
1209 440 1972 481 lignes les préceptes d’hygiène les plus
1210 478 1424 512 importants.
1124 517 1970 587 4253 BOUFFÉ (Hugues-Marie).* —
1173 590 1969 632 Vingt-six lettres du célèbre acteur et
1170 630 1967 681 d’autres membres de sa famille, a. s. à
1186 687 1969 728 Dutacq et diverses personnes, 1849, ens.
1175 733 1971 776 30 p. in-8, avec en-tête du « Théâtre
1174 781 1969 815 du Vaudeville ». 25 fr.
1127 846 1971 889 4254 BOULANGER (Louis), peintre
1172 884 1967 938 romantique. — L. a. s. à un maire, 1 p.
1174 941 1970 983 in-4, collée sur bristol. 30 fr.
1258 1005 1975 1043 Il annonce qu’il lui enverra à l’exposi¬
1211 1041 1974 1079 tion qu’il patronne, un tableau représen¬
1211 1077 1976 1113 tant une scène de Mazeppa (tirée de
1213 1111 1974 1151 Lord Byron). » M. Louis Amiel a joint à
1213 1148 1976 1180 mon tableau une étude de cheval à l’en¬
1213 1188 1562 1222 trée d’une forge. »
1124 1223 1967 1282 4255 BOURBAKI (Charles-Denis-
1172 1277 1970 1330 Sauter), général français, 1834-1897. —
1173 1337 1974 1381 Lettre a. s. (à De Mazade), 1875, une
1175 1376 1970 1432 p. in-8. 25 fr.
1253 1447 1974 1484 Remerciements pour l’envoi de son
1210 1482 1976 1517 liv re sur la Guerre de 1870. » Je n’ai pas
1211 1519 1977 1556 encore eu le temps de le lire, mais je ne
1212 1556 1976 1594 veux pas attendre plus longtemps pour
1209 1585 1978 1636 vous exprimer mes sentiments de gra¬
1214 1633 1376 1660 titude. »
1124 1672 1975 1737 4256 BOURBON-CONDÉ (Louis-
1175 1742 1974 1789 Henri, prince de), premier ministre
1174 1789 1973 1830 sous Louis XV.— Pièce s., Paris, 1732,
1172 1828 1972 1882 3 p. in-4, parchemin. — On y a joint
1174 1885 1974 1930 un feuillet de comptes, avec trois mots
1176 1931 1973 1980 a. et un paraphe, 1717. 3 p. in-f°. 40 fr.
1257 1995 1976 2032 Extrait d’un fragment le condamnant
1213 2030 1976 2072 à payer à Jacques de Saint-Gobert,
1214 2066 1975 2108 prêtre doyen de l’église de Saint Itieul
1213 2101 1976 2142 de Senlis, sept mines et demy de blé
1213 2137 1975 2178 méteil au jour de Saint-Martin d’hiver. »
1212 2167 1981 2212 La feuille de compte énumère les paie¬
1213 2209 1889 2245 ments faits au comte de Charolais.
1126 2271 1972 2318 4257 BRAVAIS (Auguste), physicien,
1172 2311 1978 2370 célèbre par ses études sur la cristallo¬
1172 2353 1970 2418 graphie. — L. a. s. à M. Lamé, 1854,
1177 2413 1970 2465 1 p. in-8, collée sur bristol. 25 fr.
1256 2473 1974 2514 Lettre intéressante. » Je vous envoie
1213 2512 1972 2551 mon mémoire sur le pendule conique.
1211 2548 1973 2591 J’ai par devers moi un mémoire sur
1209 2574 1978 2625 l’explication théorique du fait de Fou¬
1211 2617 1972 2662 cault et en général sur les - éclairs et les
1212 2660 1744 2700 phénomènes de la surface. »
1124 2698 1967 2772 4258 BRETON (Jules), célèbre paysa¬
1172 2758 1967 2820 giste. — L. a. s. à un confrère, 1886,
1172 2811 1967 2864 3 p. in 8. 40 fr.
1252 2873 1969 2912 J’étais dans un de ces moments où
1209 2908 1969 2952 mes tableaux qui me passionnent d’une
1209 2944 1968 2990 façon absurde, me donnent tant de mal
1207 2983 1969 3027 qu’ils m’absorbent entièrement en me
1207 3021 1804 3060 laissant stupide pour le reste. »
