1749 2481
801 384 930 411 — 56 —

438 469 1024 516 57. — Le Ruisseau couvert.

615 567 1046 604 Signé à droite : G. Courbet.

896 628 1253 659 T. — H. 0.91. L. 1.32.

624 699 1177 736 Appartient à M. Adolphe Reitlinger.

435 822 1178 870 58. — Le Château d’Ornans (Doubs).

610 903 1128 938 Signé à droite : ..55. G. Courbet.

614 943 1095 980 Exposition universelle de 1855.

612 985 1108 1021 Exposition particulière de 1867.

890 1045 1254 1074 T. — H. 0.80. L. 1.15.

614 1111 944 1146 Appartient à M. Lutz.

437 1262 1316 1309 59. — La Sieste pendant la saison des foins

634 1321 1080 1368 (montagnes du Doubs).

612 1401 995 1437 Signé : G. Courbet, ..68.

612 1441 1096 1478 Exposition particulière de 1867.

611 1482 836 1510 Salon de 1869.

897 1514 1245 1551 T. — H. 2.12. L. 2.73.

613 1578 1079 1614 Appartient à la Ville de Paris.

432 1727 1312 1775 60. — Le Naufrage dans la neige (monta¬

633 1785 914 1833 gnes du Jura).

612 1871 1157 1907 Signé à gauche : ..60. G. Courbet.

612 1911 1094 1948 Exposition particulière de 1867.

885 1980 1250 2009 T. — H. 1.38. L. 2.00.
