1446 2346
629 264 770 290 — 72 —

504 309 880 360 MORIN (Gustave),

305 368 1084 407 Né à Rouen, élève de Chaumont et de M. Léon Cogniet.

359 413 1028 449 Chevalier de la Légion d'honneur; hors concours.

484 459 905 490 Enclave Sainte-Marie, à Rouen,

269 500 1113 546 272 Pêcheuses de moules à Villerville (Calvados).

269 553 780 587 273. La Promenade du matin.

671 637 721 688 —

671 932 719 984 —

797 607 1082 644 (Voir aux dessins.)

473 715 911 765 MORIN (Mlle Léonie),

361 772 1020 807 Née à Rouen, élève de M. G. Morin, son père.

582 817 806 842 Médaille à Caen.

493 860 889 891 Enclave Sainte-Marie, Rouen,

269 900 572 934 274. Fleurs d’élé.

505 1020 877 1071 MORRIS (Henry),

330 1079 1048 1117 Né à Liverpool (Angleterre), élève de Van Ysendyck.

479 1124 910 1157 Boulevard de la Seine, à Poissy.

266 1166 662 1202 275. Vue de Granville.

266 1217 1117 1261 276. Les Grèves de la Séez, près du Mont Saint¬

407 1258 524 1290 Michel.

265 1309 1019 1355 277. Paysage près de Liverpool (Angleterre).

665 1349 719 1400 —

412 1426 966 1478 MOULIGNON (Léopold de),

265 1487 1117 1526 Né à Pontoise (Seine-et-Oise), élève de P. Delaroche et de

650 1536 731 1561 Picot.

470 1577 903 1610 Mention honorable, Paris, 1862.

499 1621 880 1652 Rue de Bruxelles, 36, Paris.

264 1660 1116 1708 278. Le Rêve de Sybille (tiré du roman de

404 1703 662 1745 M. O. Feuillet).

792 1757 1077 1795 (Voir aux dessins.)
