1086 2373
166 95 703 128 FILMS SUR L'ART

228 445 936 492 Guy THOUVENIN, né en 1935 à Paris (France).

224 478 612 515 Aqua-Thème, 1964 (noir).

224 525 946 572 Jacques VEINAT, né en 1931 à Paris (France).

230 541 895 607 H. M. ou l'espace du dedans, 1964 (couleurs).

225 605 1071 657 François WEYERGANS, né en 1941 à Aix-en-Provence

227 638 359 671 (France).

221 672 525 708 Statues, 1964 (noir).

222 706 502 740 Bejart, 1961 (noir).

148 824 319 855 HONGRIE

217 904 983 951 Gabor TAKACS, né en 1930 à Budapest (Hongrie).

218 938 1071 986 La composition dans la peinture, 1963. Hungarofilm, Studios

214 972 541 1008 de Budapest, Hongrie.

217 1005 1071 1052 Les couleurs dans la peinture, 1964. Hungarofilm, Studios de

215 1039 492 1074 Budapest, Hongrie.

141 1157 278 1187 MAROC

210 1233 1069 1277 André GOLDENBERG, et J. et J.P. PACALY, né en 1932 à

212 1266 508 1302 Marrakech (Maroc).

211 1300 783 1342 Le jardin de Louardiri, 1964 (couleurs).

135 1410 318 1441 PAYS-BAS

208 1484 1069 1531 Karel G. SCHMEINK, né en 1937 à Amsterdam (Pays-Bas).

207 1518 1069 1566 Des portes, des fenêtres, 1965. Rijksvoorlichtingsdienst,

207 1551 330 1583 La Haye.

135 1660 312 1692 POLOGNE

203 1740 1044 1787 Krzysztof DEBOWSKI, né en 1932 à Varsovie (Pologne).

204 1774 993 1821 Dimanche à la campagne, 1963. Film Polski, Varsovie.

201 1832 961 1880 Stefan JANIK, né en 1932 à Argenteuil (France).

202 1866 762 1907 Pêle-mêle, 1965. Film Polski, Varsovie.

203 1923 1046 1971 Daniel SZCZECHURA, né en 1930 à Varsovie (Pologne).

202 1957 724 2000 Le fauteuil, 1963. Feux pleins, Paris.

204 2260 241 2282 176
