1939 3117
965 530 1187 567 — 14 —

943 647 1179 705 DANIEL,

968 748 1154 806 Statuaire,

689 844 1428 902 Membre de la Légion d’honneur,

829 933 1286 970 47, rue des Tournelles, Paris.

547 1015 1559 1070 90. Buste en marbre de M. Mollien, comte de

706 1087 1561 1149 l’Empire, Grand’-Croix de la Légion

705 1158 1563 1213 d’honneur, Grand’-Croix de l’ordre de

707 1228 1422 1282 l’Eléphant, de Dannemarck, etc.

629 1317 1482 1372 Commandé par la ville de Rouen.

575 1423 1557 1462 Nicolas-François Mollien, né à Rouen, le 28 février 1758, était

540 1473 1556 1511 fils d'un honorable fabricant de cette ville. Il fit à Paris de brillantes

541 1533 1551 1571 études, et entra très-jeune dans l’administration des finances. Des

536 1586 1550 1626 travaux importants lui furent promptement confiés, et, dès l’àge de

534 1638 1549 1677 vingt-quatre ans, ils lui avaient valu, du roi Louis XVI, une

533 1692 864 1724 pension de mille écus.

568 1762 1545 1802 La révolution l’écarta des affaires, emprisonné à Paris pendant la

532 1815 1245 1853 terreur, il ne fut sauvé que par le 9 thermidor.

563 1887 1542 1924 Rentré dans l’administration en 1800, il fut nommé, par le Pre¬

534 1940 1543 1975 mier Consul, directeur de la caisse d’amortissement; ses relations

529 1994 1542 2031 fréquentes avec le chef de l’Etat, lui méritèrent de sa part une

523 2047 1540 2083 confiance et une estime dont il recueillit bientôt des preuves, il

524 2099 1263 2134 reçut le titre de comte et devint conseiller d'Etat.

558 2170 1535 2209 En janvier 1806, l’Empereur le nomma ministre du trésor public;

521 2220 1535 2262 il occupa ces hautes fonctions jusqu’en 1814, et les reprit è l’époque

521 2274 1535 2312 des cent jours. Pendant son administration, il créa tout le système

518 2329 1533 2366 de comptabilisé qui régit encore nos finances, et qui nous est envié

515 2382 1532 2420 de toute l’Europe. Ministre habile, il dirigea la fortune de la France

517 2436 966 2470 avec la plus haute intégrité.
