1446 2346
644 250 783 310 — 70 —

398 364 1024 429 MELOTTE (Édouard-Auguste),

495 448 927 482 Né à Paris, élève de M. Navez.

286 488 1138 531 Médaille d’or et deux rappels, Rouen; mention honorable,

461 536 959 573 Paris; médaille de vermeil, Alençon.

483 580 929 615 Rue de l'Impératrice, 76, Rouen.

288 619 726 657 258. Portrait de M. M***.

688 687 735 738 —

519 788 899 838 MERME (Charles),

536 861 881 896 Né à Cherbourg (Manche).

399 904 1017 940 Rue de la Corderie, 16, à Lorient (Morbihan).

284 946 1134 993 259. Les côtes de l’île Bourbon, saison de l’hiver¬

444 1010 529 1041 nage.

682 1050 733 1100 —

520 1152 897 1202 MOLLET (Ernest),

282 1225 1131 1264 Né à Vouziers (Ardennes), élève de MM. Cœdès et Couture.

506 1272 905 1304 Rue de la Victoire, 46, Paris.

284 1313 665 1357 260. Lapin et Canard.

283 1367 684 1411 261. Intérieur de forge.

683 1421 735 1472 —

490 1525 917 1576 MONGODIN (Victor),

390 1598 1019 1636 Né à Vire (Calvados), élève de M. de Rudder.

284 1640 1129 1681 Médailles St-Quentin, 1859; Caen, 1861; Alençon, 1865,

572 1688 830 1721 et Le Havre, 1868.

539 1732 862 1765 Rue Oudinot, 23, Paris.

282 1771 755 1815 262. Le Déjeûner au Camp.
