1749 2481
732 649 994 694 DESSINS

420 1052 1308 1105 131. — L’Homme à la pipe, portrait de l’au¬

633 1121 724 1149 teur.

613 1200 812 1234 Crayon noir.

613 1239 1050 1275 Signe à gauche : G. Courbet.

970 1310 1241 1341 H. 0.29. L. 0.21.

611 1389 1068 1426 Appartient à Mme ve Daumier.

418 1571 1310 1624 132. — Jeune fille à la guitare, rêverie (por¬

630 1630 1177 1679 trait de Mlle Zélie Courbet.)

610 1715 805 1751 Crayon noir.

607 1756 944 1794 Signé à gauche : G. C.

610 1797 1309 1835 Exposition particulière de 1855, où il était

581 1838 1225 1877 inscrit au catalogue avec la date de 1847.

609 1891 1094 1930 Exposition particulière de 1867.

975 1958 1245 1995 H. 0.45. L. 0.29.
