1826 3140
743 346 970 376 PEINTURE.

1434 333 1489 377 37

235 416 1486 473 VERNET (ÉMILE-JEAN-HORACE), né à Paris, en 1789,

286 470 1489 523 élève de Vincent, chevalier de la Légion-d’Honneur

286 524 1489 580 en 1814, officier en 1825, membre de l’Institut en

288 578 1487 627 1826, directeur de l’Académie de France à Rome en

287 632 1484 683 1828, commandeur de la Légion-d'Honneur en 1842,

284 686 1104 743 grand officier en 1862, mort en 1863.

233 766 1460 815 180. La barrière de Clichy, ou défense de Paris en 1814.

397 842 1491 883 Le maréchal Moncey donne au chef de bataillon Odiot

356 884 1490 925 l’ordre d’empêcher les Russes de s’emparer de la butte

361 928 597 960 Montmartre.

398 980 1489 1021 Parmi les acteurs de cette scène on remarque le maré¬

355 1022 1488 1064 chal Moncey; M. Odiot, colonel; M. de Marguery-Dupaty,

357 1063 1486 1103 l'homme de lettres; Charlet, et Horace Vernet, l’auteur du

354 1107 500 1138 tableau.

441 1158 1489 1195 Donné à la Chambre des pairs par M Odiot père, ancien

406 1193 911 1229 orfèvre, colonel de la légion.

439 1254 1071 1290 H. 0, 97. — L. 1, 30. — Fig. de 0, 38.

1158 1316 1448 1358 (Peint en 1820.)

226 1371 814 1417 181. Judilti et Holopherne.

441 1432 1058 1467 H. 2, 98. — L. 1,96. — Fig. gr. nat.

1149 1469 1441 1505 (Salon de 1831.)

230 1536 778 1584 182. Raphaël au Vatican.

395 1606 1485 1648 Michel-Ange rencontrant Raphaël dans le Vatican avec

354 1649 1485 1690 ses élèves, lui dit : « Vous marchez entouré d’une suite

356 1691 1484 1731 nombreuse ainsi qu’un général.» — «Et vous, répondit

356 1733 1483 1773 Raphaël au peintre du Jugement dernier, vous allez seul

352 1774 1485 1815 comme le bourreau. » (Vie de Raphaël, par M. QUATRE¬

354 1816 706 1858 MÈRE DE QUINCY.)

440 1870 1053 1906 H. 3, 92. — L. 3, 00. — Fig. gr. nat.

1159 1907 1442 1945 (Salon de 1833.)

226 2001 1480 2055 VINCHON (JEAN-BAPTISTE-AUGUSTE), né à Paris en 1787,

280 2055 1483 2110 élève de Serangeli; premier grand prix de Rome

282 2110 1484 2166 (Histoire) en 1814, chevalier de la Légion-d'Honneur

281 2165 801 2215 en 1828, mort en 1855.

229 2238 1007 2293 183. Épisode de l’Histoire de Venise.

391 2317 1482 2359 Une jeune fille patricienne, dont le fiancé est soupçonné

351 2358 1481 2401 d’avoir pris part à un complot contre le Doge de Venise,

350 2400 1482 2442 est enlevée la veille de ses noces, et traînée dans les cachots

349 2441 722 2474 du tribunal des Dix.

391 2483 1482 2524 Après avoir été dépouillée de ses vêtements et couverte de
