1744 3121
384 351 1576 402 40 CARTONS, DESSINS, MINIATURES ET PASTELS.

386 433 1636 477 197. Le Christ et la Madeleine chez Simon le Pharisien.

600 506 1638 544 Dessin au crayon noir et au pastel qui a servi à l'exécution

563 542 1354 577 du tableau de l’église Notre-Dame-de-Lorette.

385 627 1639 684 DAVID (MAXIME), né à Châlons-sur-Marne (Marne), élève

435 683 1639 736 de Mme de Mirbel, chevalier de la Légion-d’Honneur en

439 738 557 778 1851.

384 817 1638 868 198. Trois portraits d’Abd-el-Kader, représenté sous des

524 865 1144 913 aspects différents (miniatures).

1317 917 1598 957 (Salon de 1853.)

384 980 898 1036 HEIM. (Voir la page 21.)

385 1060 1638 1107 199. Portraits, au crayon noir rehaussé de blanc, de divers

526 1108 1202 1145 membres de l’Institut de France.

621 1180 1046 1228 Académie française :

548 1242 1636 1285 Andrieux, Arnaud, le baron de Barante, le vicomte de

507 1283 1632 1327 Bonald, Campenon, le comte Daru, Droz, Frayssinous,

504 1326 1631 1366 évêque d’Hermopolis, Michaud, Parceval-Grandmaison, le

506 1367 1111 1408 marquis de Pastoret, Villemain.

617 1435 1501 1483 Académie des inscriptions et belles-lettres :

546 1496 1630 1539 Le comte Alex. de Laborde, Raoul-Rochette, baron Syl¬

502 1538 1252 1580 vestre de Sacy, Quatremère de Quincy.

615 1607 1106 1643 Académie des sciences :

548 1667 1625 1709 Baron Cuvier, Darcet, Geoffroy-Saint-Hilaire, de Mirbel,

502 1710 630 1742 Serres.

618 1778 1160 1816 Académie des beaux-arts :

544 1840 1621 1881 Auber, Berton, Bidault (1), Blondel, Boïeldieu, le baron

500 1882 1625 1921 Bosio, Catel, le comte de Chabrol-Volvic, Cartellier, Chéru¬

500 1923 1624 1964 bini, David d'Angers, le baron Desnoyers (1), Drolling,

498 1964 1623 2006 Dupaty, Fontaine, le comte de Forbin, Galle (1), Garnier,

498 2007 1619 2046 Gatteaux, baron Gérard, baron Gros, Guérin, Hersent,

496 2048 1623 2089 Ingres, Labarre, Lebas, le baron Lemot, Lesueur, Le¬

496 2089 1619 2130 thiers, Meynier, Petitot, Percier, Picot, Abel de Pujol,

497 2130 1620 2171 Ramey père (1), Ramey fils, Régnault, Richomme, le comte

494 2171 1617 2212 Siméon, Tardieu, baron Taylor, Thevenin, le comte Turpin

494 2213 1266 2252 de Crissé, Carie Vernet, Horace Vernet.

610 2284 895 2319 Divers artistes

536 2343 1615 2382 Mme Ancelot; Ansiaux, peintre; Bra, statuaire; Daguerre,

494 2384 1615 2426 peintre; Debay père, statuaire; Mme Hersent, peintre;

406 2495 724 2530 (1) Deux portraits.
