1955 3149
480 494 542 527 102

991 507 1169 534 DESSINS.

603 607 1678 651 RIGOLOT (Albert-Gabriel), né à Paris, élève de

645 649 1672 693 MM. Pelouse et Allongé; méd. de verm., Rouen;

645 690 1678 735 méd. d'arg., Rennes, Perpignan; méd. 2e cl. (au

644 732 1675 775 blanc et noir), Paris.— Avenue d'Orléans, 52, Paris.

476 787 1144 834 902. La Seine à Rouen (pastel).

475 845 1274 892 903. Le grand canal à Venise (pastel).

1198 910 1633 952 (Voir à la Peinture.)

598 994 1674 1038 RIVOIRE (François), né à Lyon, élève de l’Ecole des

640 1035 1673 1079 Beaux-Arts de Lyon; M. H., Paris, 1883; méd. 3e cl.,

643 1076 1672 1120 Paris, 1886; méd. 1re cl., Lyon, 1888.—Rue Bréda,

640 1117 887 1157 n° 15, Paris.

474 1174 969 1217 904. Fruits (aquarelle).

474 1233 991 1276 905. Azalées (aquarelle).

597 1318 1675 1363 ROBERT (Charlemagne), né à Corbeil (Seine-et¬

637 1360 1675 1403 Oise), élève de Picot. — Rue d’Orléans, 28, Neuilly¬

639 1401 840 1434 sur-Seine.

472 1458 1133 1502 906. Vues d’Yport (aquarelles).

1195 1502 1632 1543 (Voir à la Peinture.)

595 1584 1672 1629 ROCHEGROSSE (Georges), né à Versailles, élève de

636 1627 1671 1669 MM. G. Boulanger et J. Lefebvre; méd. d’or du

636 1668 1672 1711 département de la Seine-Inférieure, 1884; 2e et

637 1709 1671 1752 3e méd., Paris; prix du Salon, 1883, H. C. —Rue

635 1750 1013 1794 Chaptal, 20, Paris.

469 1807 987 1851 907. Japonisme (pastel).

591 1892 1669 1934 ROGER (Mlle Marie), née à Paris, élève de l’Ecole

630 1933 1668 1977 régionale des Beaux-Arts de Rouen, de M. E. Lebel

634 1975 1628 2016 et de Mlle Jumel. — Rue de l’Ecureuil, 14, Rouen.

467 2033 987 2077 908. Pivoines (gouache).

467 2091 988 2136 909. Eventail (gouache).

1170 2140 1625 2183 (Voir à la Peinture.)

589 2223 1668 2268 SAINT-MARCEL (Charles-Edme), né à Paris, élève

631 2264 1665 2306 de M. E. Delacroix; M. H., Paris, 1848; méd.

631 2306 1666 2348 d'hon. au concours régional de Melun; méd.,

632 2347 1667 2391 Nantes, Dijon. — Rue Saint-Merry, 201, Fontai¬

631 2391 795 2423 nebleau.

464 2445 1583 2492 910. Tête de biche coupée (dessin aux trois crayons).

464 2505 1541 2550 911. Le droit divin (combat d’animaux) (sanguine).

1185 2565 1624 2607 (Voir à la Peinture.)
