1998 3149
734 517 911 546 DESSINS.

1371 521 1433 554 103

335 611 1427 674 SALARD (Mlle Céline), née à Paris, élève de Mlle Voruz;

380 654 1425 714 méd. de verm., 1888, Châteauroux. — Avenue de

376 696 957 746 la Grande-Armée, 72, Paris.

210 752 917 806 912. Panier de roses (aquarelle).

335 838 1425 900 SARABEN (Louis-Alexis), né au Havre, élève de

380 880 1423 940 Pils et de M. Lhuillier; méd., Exp. de la Société des

377 922 1417 980 Beaux-Arts du Havre. — Rue des Pincettes, 37,

377 964 580 1000 Le Havre.

213 1018 1422 1081 913. Le manoir de Vitenval, près Le Havre (maison his¬

375 1062 1282 1121 torique où habitait François Ier) (aquarelle).

917 1130 1378 1181 (Voir à la Peinture.)

335 1196 1419 1267 SAUVAGE-DUMÉNIL (Mme Louise), née à Rouen,

374 1246 1280 1305 élève de M. E. Renouard — Bernay (Eure).

211 1303 1202 1363 914. Portrait de M. A. S... (dessin au crayon).

916 1374 1371 1424 (Voir à la Peinture.)

327 1449 1416 1511 SIMON (J.-B.-Léon), né à Metz, élève de M. Migette;

368 1491 1411 1550 méd. de verm., Chaumont, 1882; méd. de br.,

371 1532 1411 1593 Dijon, 1883; M. H. (blanc et noir), Paris, 1885 ;

369 1573 1410 1635 méd. de br., Dijon, 1885, Amiens, 1885; méd. d’or,

370 1614 1410 1675 Bourges, 1886; méd. de br., Epinal, 1888. — Rue du

368 1657 804 1705 Moyen-Pont, 3, Metz.

201 1713 938 1767 915. La Hoûve (Lorraine) (fusain.)

199 1771 1084 1828 916. Vallée de la Nied (Lorraine) (fusain).

322 1857 1401 1920 SOCLET (Louis-Arthur), né à Paris, élève de M. Ch.

365 1900 1219 1955 Lhuillier. — Rue de Paris, 25, Le Havre.

198 1955 1124 2014 917. Le quai Bérigny à Fécamp (aquarelle).

322 2042 1402 2104 SPALIKOWSKI (Casimir), né à Rouen, élève de

362 2084 1401 2137 l’Ecole des Beaux-Arts de Rouen. — Rue Saint¬

357 2126 757 2173 Nicaise, 32, Rouen.

192 2181 1010 2239 918. Cadre contenant deux aquarelles :

357 2244 1395 2302 1. Rue Poussin à Rouen. — 2. Vue de la Cathédrale,

313 2284 830 2334 prise du Cours-la-Reine.

308 2369 1393 2431 TCHOUMAKOFF (Théodore), né à Saint-Pétersbourg,

350 2411 1395 2464 élève de l’Académie des Beaux-Arts. — Boulevard

351 2453 828 2501 Haussmann, 137, Paris.

188 2508 1285 2571 919. Une tête de jeune femme (peinture à l’essence).

923 2580 1357 2629 (Voir à la Peinture.)
