1749 2481
711 741 1026 787 PAYSAGES

439 1132 1002 1168 55. — Le Ruisseau couvert.

620 1213 1144 1248 Situé à gauche : G. Courbet, ..65.

615 1268 1098 1304 Exposition universelle de 1867.

890 1345 1250 1380 T. — H. 0.90. L. 1.30.

613 1428 1314 1464 Appartient au Musée du Luxembourg, sur le

581 1469 1312 1505 catalogue duquel il porte le titre de Ruisseau

578 1510 792 1538 du Puits noir.

435 1713 1113 1751 56. — Le Ruisseau du Puits noir.

612 1799 1138 1834 Signé à gauche : G. Courbet, ..55.

882 1881 1247 1914 T. — H. 1.04. L. 1.38.

611 1972 899 2007 Appartient à M. X.
