2121 3445
1118 390 1323 466 — 4 —

864 497 1556 563 M. BASTIEN, de Metz.

552 577 1278 628 12. Portrait de Mme N.....

553 661 1185 713 13. Idem de M. N.....

715 767 1698 836 M. DE ST-BEAUSSANT, à Nancy.

945 852 1467 916 Paysages au pastel.

547 938 1711 992 14. Vue d’une ville des environs de Gènes.

544 1018 1767 1089 15. Une Chapelle ruinée (environs de Gènes).

544 1101 1360 1171 16. Vue du château d'Aulnoy.

540 1184 1869 1252 17. Vue prise sur les plages de la Méditerranée

744 1250 1112 1319 (effet du soir).

540 1331 1863 1400 18. Vue d’une partie de la Yungfrau, prise de la

730 1398 1666 1465 vallée d’Unterseen (effet du matin).

536 1479 1491 1547 10. Vue de la vallée de Meyringen.

535 1560 1861 1623 20. Vue du fond du lac de Thunn, vallée d’Inter¬

729 1628 1336 1694 laken (soleil couchant).

532 1707 1581 1762 21. Vue des environs du lac de Zurich.

537 1788 1863 1858 22. Vue du phare et des remparts de Gènes (effet

734 1857 1243 1920 du soleil couchant).

538 1935 1858 2006 23. Vue prise sur les Hautes-Alpes, près de Ro¬

733 2006 930 2053 senlaui.

839 2100 1543 2167 Mlle BIRGLIN, à Nancy.

529 2191 1269 2258 24. Oiseau (nature morte).

531 2276 793 2324 25. Geai.

944 2336 1445 2388 M. BONAMOUR.

528 2422 1020 2470 26. Saint-Jérôme.

805 2514 1593 2569 M. VICTOR DE BOUILLÉ.

536 2601 1516 2668 27. Cadre renfermant divers croquis.

528 2683 1282 2749 28. Un enfant (terre cuite).
