2103 3163
994 463 1209 511 — 76 —

682 549 1666 598 RINGENBACH (Emile), élève de Larcher, né à

730 598 871 646 Nancy.

729 665 859 712 Nancy.

512 758 1096 804 655 — Portrait de Mme S...

511 806 1075 850 656 — id. M. C...

512 855 1346 903 657 — Vallée de la Moselle (Liverdun).

512 902 1052 947 658 — Coucher de soleil.

682 1059 1660 1105 ROBINET (Paul), élève de Cabat, Meissonnier

728 1108 1658 1155 et Barrias, né à Magny-Vernois (Haute-Saône).

510 1274 1660 1323 659 — Matinée de printemps dans la vallée d’Engelberg.

703 1430 1661 1479 ROLLOT (Mlle Esther), élève de Hippolyte

753 1479 1197 1526 Dubois, née à Nancy.

750 1544 1178 1590 Nancy, rue Gilbert, 3.

506 1964 1316 2011 661 — Marseille, quai de la Fraternité.

507 2011 1657 2058 662 — Banlieue de Marseille, le cabot (Sainte-Mar¬

506 2106 1354 2155 663 — Le Tréport, plage à marée basse.

506 2155 1463 2203 664 — Boulogne-sur-Mer, jetée du sud-ouest.

506 2202 1404 2250 665 — Maisons de pêcheurs, près Equihen.

506 2251 885 2287 666 — Malzéville.

506 2299 796 2346 667 — id.

506 2347 905 2383 668 — Tomblaine.

506 2395 1280 2442 669 — Vimereux, Boulogne-sur-Mer.

727 1179 1379 1227 Dôle, 9, rue Haute-des-Comards.

508 1639 1025 1687 660 — Environs d’Alger.

677 1809 1131 1856 ROUSSEL (Edmond).

723 1874 1281 1922 Nancy, 5 bis, rue d'Alliance.

721 2069 869 2106 guerite.
