2550 3299
1763 462 1869 490 SALA

1088 446 1296 500 — 83 —

540 537 1734 599 rato è «Pioggia d’oro», effetto di sole in un

537 607 1317 666 bosco dalle gialle foglie cadenti.

617 922 1735 981 Dagnan-Bouveret P. A. J. — N. il 7 gen¬

535 987 1733 1046 naio 1852 à Parigi. Fu discepolo di Gérôme ed

533 1057 1732 1116 espose per la prima volta al Salon del 1879 il

532 1123 1730 1183 quadro «Un matrimonio mediante fotografie»,

532 1189 1733 1247 cui seguirono «Benedizione d’un Pari» (1882),

544 1256 1733 1316 «La Vaccinazione» (1883), «Cavalli all’ abbeve¬

533 1325 1733 1384 ratoio» (1884), «Santa Vergine» (1885) «Pane

534 1392 1734 1451 benedetto». Le opere del Dagnan-Bouveret s’in¬

531 1458 1730 1516 spirano a una concezione delicata della vita, e

531 1524 1730 1583 spesso ad un sentimento di dolce religiosità. Egli è

532 1593 1460 1651 il poeta delle pie costumanze bretoni.

616 1688 1838 1735 73 Madonna. H

615 1843 1730 1903 Dalbono Eduardo. — N. a Napoli nel 1843;

532 1910 1728 1968 cominciò i suoi studi a Roma, indi tornato nella

533 1978 1732 2035 sua città, ebbe a maestri Domenico Morelli e il

535 2044 1731 2104 Mancinelli. Dimorò poi òtto anni a Parigi. Fra

533 2111 1728 2171 le numerose opere uscite dal suo pennello, una

534 2178 1726 2239 delle più felici è «La leggenda delle Sirene».

534 2247 1731 2307 Egli rende con foga di colore e d'immaginazione

532 2315 1342 2360 l’intensa azzurrità del suo mare.

616 2411 1843 2469 74 Il mare a Torre Annunziata. D

614 2565 1728 2623 Da Molin Oreste. — N nel 1857 a Pieve di

625 701 1844 747 71 Sole di Settembre. L

619 769 1842 819 72 Vento del Nord. L
