2141 3455
1071 418 1302 462 — 6 —

538 506 1851 572 54. Portrait de Napoléon (C.), d’après un tableau à

733 587 1401 653 l’huile de M. Isabey père.

620 686 1771 750 Mlle DUPLESSIS, rue de la Poissonnerie.

539 775 1853 840 55. Un Cadre renfermant divers objets dessinés

737 859 1043 906 en cheveux.

781 956 1611 1023 M. DUPONT, à Neufchâteau.

545 1038 1852 1102 56. La Vierge, l’Enfant Jésus et le petit St-Jean.

717 1138 1681 1204 Mlle FERRAND (ADÈLE), à Paris.

543 1229 1270 1278 57. La Visite à la nourrice.

545 1311 1310 1374 58. La Demande en mariage.

625 1410 1770 1476 M. FEYEN, rue d'Amerval, 17, à Nancy.

543 1507 1392 1556 59. La Jeune Fille à la fontaine.

542 1589 953 1652 60. L’Escargot.

543 1671 1592 1736 61. Portrait de M. D. C... ... (crayon.)

776 1767 1624 1831 M. FOUCLHOUZE, de St-Dié.

545 1852 1859 1916 62. Route de la Corneche, près de Fincle (Sar¬

711 1919 917 1982 daigne).

547 1997 1858 2049 63. Derniers effets du soleil couchant dans la

748 2083 1265 2148 campagne de Rome.

546 2165 1434 2230 64. Quai Sainte-Lucie, à Naples.

548 2246 1115 2311 65. Phare de Naples.

550 2328 1292 2395 66. Vue prise en Dauphiné.

549 2411 1860 2476 67. Vue prise à Rome, près de St-Jean de Latran.

901 2510 1504 2574 M. FRATIN, à Paris.

549 2599 1592 2664 68. Lion attaquant un cheval (bronze).

549 2677 1592 2743 69. Cerf de l’Amérique du nord, idem.
