2550 3299
726 591 1919 645 tista è la satira sociale. Non solo egli rappresenta

1950 446 2057 472 SALA

1276 431 1475 483 — 84 —

719 525 1921 582 Sacco, v. a Venezia. Nota peculiare di questo ar-

722 661 1916 717 tipi e scene caratteristiche della vita moderna

715 727 1919 786 nelle sue condizioni più disagiate, ma esprime

717 791 1917 866 apertamente un pensiero di rivendicazione. Valga

712 864 1918 928 ad esempio il dittico «I male e i ben nutriti» espo¬

711 927 1912 984 sto a Venezia nel 1887. Il Da Molin è molto sti¬

712 993 1912 1055 mato all’estero, specialmente in Germania, dove

719 1062 1914 1119 il suo quadro «Scrivani pubblici» fu testé acqui¬

711 1129 1480 1186 stato per una pubblica galleria.

795 1223 2021 1267 75 Diurnisti a due lire. C

791 1428 1906 1482 Danieli Francesco. — N. a Verona, paesista e

709 1494 1905 1551 pittore di genere, cominciò a farsi notare nel 1881.

707 1562 1904 1617 A Milano, nella Mostra triennale del 1894, espose

715 1630 1144 1686 «Mortis religio.»

787 1719 2011 1781 76 Riflessi amarri G

782 1911 1895 1966 Davis Henry W. B. — Paesista inglese di

702 1979 1413 2033 molta finezza vive a Glaslyn.

781 2076 1999 2120 77 Frutteto in Picardia. A

781 2142 1999 2188 78 Ombra della sera. A

778 2342 1889 2398 Dell' Acqua Cesare. — N. il 22 Luglio 1821

695 2410 1375 2465 a Pirano; vive a Bruxelles.

749 2477 1290 2511 V. Comitato di Patrocinio.

775 2560 2000 2603 79 Stella mattutina. D
