1749 2481
777 369 908 395 — 41 —

416 442 1294 496 23. — Cheval de chasse sellé et boule-dogue

613 502 1292 555 en forêt, épisode de chasse à courre.

592 587 1203 628 Signé à gauche : ..63. Gustave Courbet.

593 630 816 661 Salon de 1863.

598 669 1093 709 Exposition particulière de 1867.

592 708 1295 748 Au catalogue du Salon de 1863, ce tableau

563 749 1298 787 portait le titre de la Chasse au renard. L’auteur

566 787 1296 830 lui ayant fait subir quelques modifications après

561 828 1296 871 coup, un changement dans le titre devint néces¬

564 868 1298 912 saire : le tableau reparut à l’exposition parti¬

564 910 1296 952 culière de 1867, sous cette désignation que nous

564 948 1296 991 relevons sur le catalogue : « Le Cheval du pi¬

564 994 1089 1033 queur, épisode de chasse à courre.

873 1053 1232 1086 T. — H. 1.12. L. 1.35.

596 1114 1110 1155 Appartient à M. Recipon, député.

420 1311 1002 1362 24. — La Femme à la vague.

597 1390 1121 1432 Signé à gauche : ..68. G. Courbet.

868 1449 1233 1480 T. — H. 0.63. L. 0.53.

598 1518 1117 1559 Appartient à M. Faure, de l'Opéra.

447 1713 1109 1766 5. -— La Dame aux bijoux, étude.

595 1799 1218 1839 Signé à droite : Gustave Courbet, ..67.

600 1840 1086 1879 Exposition particulière de 1867.

868 1897 1233 1933 T. — H. 0.81. L. 0.64.

602 1968 1036 2006 Appartient à M. Castagnary.
