1749 2481
672 691 1029 735 PORTRAITS

412 998 953 1038 35. — Portrait de l’auteur.

596 1100 1292 1135 Signé à gauche, en bleu : 1842, Gustave

568 1142 695 1168 Courbet.

598 1182 1294 1217 C’est par ce tableau que l’artiste a débuté au

566 1223 790 1258 Salon de 1844.

867 1290 1231 1324 T. — H. 0.46. L. 0.56.

410 1437 1297 1487 36 — L’Homme à la ceinture de cuir, por¬

615 1498 1036 1545 trait du peintre jeune.

597 1583 1120 1618 Signé à gauche : Gustave Courbet.

597 1622 1081 1657 Exposition particulière de 1855.

603 1664 1294 1699 Ce portrait paraît être celui que le peintre,

566 1704 1294 1739 dans le catalogue de cette exposition, plaçait à

568 1744 1278 1780 la date de 1849, et désignait en ces termes

568 1785 1265 1820 « Portrait de l’auteur, étude des Vénitiens. »

881 1854 1235 1887 T. — H. 1.00. L. 0.78.

612 1916 1298 1958 Acheté pour l’État à la vente du 9 dé¬

567 1963 770 1991 cembre 1881.
