1749 2481
785 395 902 430 — 39 —

411 482 899 519 16. — L’Homme blessé.

595 553 1115 591 Signé : G. Courbet, avec paraphe.

595 596 746 623 Sans date.

594 633 1276 671 Expositions particulières de 1855 et de 1867.

598 674 1293 712 Le catalogue de cette dernière exposition

562 714 1295 752 place l'exécution de l’Homme blessé à la date

568 754 1293 792 de 1844. C’est évidemment une erreur : il suf¬

566 794 1295 832 fit d’examiner la facture libre et souple du ta¬

568 836 1297 873 bleau, pour être convaincu que ce n’est point

564 876 1297 914 là une oeuvre de débutant. L’erreur ayant été

568 916 1295 954 reproduite dans le catalogue de la vente du

563 957 1298 997 9 décembre 1881, nous croyons devoir la recti¬

567 997 1293 1033 fier. La véritable date est 1854, comme l’atteste

565 1038 1296 1075 le catalogue de la première exposition privée

566 1079 877 1115 du peintre, en 1855.

596 1126 1297 1171 Acheté pour l’État à la vente du 9 dé¬

566 1176 770 1203 cembre 1851.

876 1213 1237 1250 T. — H. 8.90. L. 0.81.

405 1311 969 1353 17. — Le Chasseur badois.

598 1380 1213 1419 Signé à gauche : .. 59. Gustave Courbet.

865 1430 1234 1466 T. — H. 1.18. L. 1.75.

598 1477 999 1513 Appartient à M. D... M...

422 1581 1300 1631 18. — Portrait, de M. Gueymard, artiste de

620 1640 1300 1688 l’Opéra, dans le rôle de Robert le

618 1701 756 1736 Diable.

650 1771 1111 1805 « Oui, l’or est une chimère. »

602 1830 1053 1867 Signé à gauche : G. Courbet.

601 1873 751 1900 Sans date.

600 1913 824 1947 Salon de 1857.

884 1951 1237 1986 T. — H. 1.57. L. 1.06.

599 2005 1136 2043 Appartient à M. Adolphe Reignard.
