2550 3299
1098 404 1304 445 — 81 —

1775 419 1881 447 SALA

631 501 1744 557 Coleman Enrico. — N. a Roma il 21 giu¬

545 569 1745 624 gno 1846. Suo padre era un valente pittore, in¬

542 635 1746 691 glese di nascita, il quale venuto a Roma per stu¬

543 703 1743 759 diarne le gallerie artistiche, s’innamorò talmente

547 772 1743 827 della campagna romana che pose stanza nella

542 838 1742 893 grande città e vi rimase fino alla morte. Il Coleman

547 908 1742 963 non ebbe bisogno di inscriversi in una Accademia;

541 974 1742 1032 diventò pittore frequentando lo studio paterno.

554 1043 1743 1099 «Quel tanto che faccio — egli scrive argutamente

540 1107 1742 1166 — è il frutto spontaneo di ciò che credo una

546 1179 1084 1223 malattia ereditaria».

629 1309 1854 1364 67 Sul gran Sasso d’Italia (Settembre). F

626 1524 1743 1591 Collier John. — N. a Londra nel 1850. È il

539 1604 1739 1660 secondogenito d' un lord, che tenne in Inghil¬

541 1672 1740 1724 terra uffici eminenti. Gli fu maestro, nella sua

543 1738 1742 1794 adolescenza, il Poynter, e, quando si recò al¬

540 1806 1741 1861 l'estero a scopo di perfezionamento, studiò a Pari¬

543 1872 1741 1932 gi sotto la guida di Jean Paul Laurens. Più tardi

547 1939 1745 1997 fu discepolo di Alma Tadema. Cominciò ad espor¬

540 2008 1742 2063 re nel 1876 al Salon parigino un suo quadro

551 2075 1739 2131 «Andrea dal Castagno». Oltre ad una serie rag¬

537 2141 1742 2200 guardevole di ritratti, ha condotto a termine molti

539 2210 1739 2267 quadri segnalati di genere storico, come «L’ulti¬

542 2279 1742 2336 mo viaggio di Enrico Hudson» «La morte

539 2345 1738 2402 di Cleopatra», «Un bicchiere di vino con Ce¬

533 2416 922 2471 sare Borgia».

621 2532 1842 2589 68 Ninfa del bosco. A

1742 2630 1766 2669 6
