1928 2991
850 380 1014 423 — 75 —

331 488 1531 551 CORNILLON-BARNAVE (Charles-Marie-Joseph),

376 547 1503 609 né à Marseille. — 21, rue Geoffroy-Saint-Hilaire.

429 697 1380 752 *695 Ecolier, portrait (dessin sanguine).

328 931 1527 991 COULON (Gustave), né à Paris. — 12, rue de la

374 991 636 1042 Victoire, 9e.

422 1140 1262 1194 *656 Bénévent-l’Abbaye (aquarelle).

423 1200 1016 1251 *697 Marine (aquarelle).

424 1258 1088 1311 *698 Gargilesse (aquarelle).

328 1500 1536 1560 COULON (Henri), né à Paris. — 37, rue de Châ¬

373 1562 630 1611 teaudun, 9e.

451 1709 1052 1758 699 La vallée du Verger.

453 1768 1453 1823 700 La vallée de la Creuse au Pin (Indre).

453 1827 1519 1884 701 Le rocher des Fileuses à Crozan (Creuse).

322 2070 1519 2130 COURCHÉ (Félix), né à Paris. — 73, rue Louis-

366 2131 593 2178 Blanc, 10e.

449 2280 1036 2328 702 Bacchante au cygne.

449 2339 1106 2389 703 Bacchante à la pomme.

447 2399 776 2442 704 Frileuse.
