1961 3133
284 692 616 740 704 — Antibes.

452 539 1301 593 SCITIVAUX (Tancrède DE), né à Nancy.

498 606 1166 658 Château de Remicourt, près Nancy.

763 466 981 505 — 79 —

449 824 805 862 SEMENOWSKY.

496 890 903 939 Paris, 7, rue Laffitte.

279 973 573 1022 705 — Etude.

279 1021 572 1070 706 — Etude.

445 1150 1422 1204 SERRIER (Georges), élève de Gagliardini, né à

492 1201 714 1237 Thionville.

490 1266 963 1314 Paris, 65, rue de Douai.

271 1396 1001 1448 708 — Le Morin, à Crécy-en-Brie.

440 1526 1434 1579 SILVA (Lucien-Lopes), élève de F. Pélez,

486 1576 1247 1626 A. Maignan et J. Lefèvre, né à Paris.

480 1640 974 1687 Paris, 25, rue Condorcet.

264 1724 640 1772 709 — Farniente.

265 1770 864 1822 710 — Bouquet des champs.

266 1817 1037 1869 711 — Tête de femme de Louis XV.

267 1866 652 1915 712 — Jeune fille.

434 1991 1412 2046 SIMON (J.-B.-Léon), élève de A. Migette, né à

482 2042 591 2076 Metz.

482 2106 1049 2155 Metz, 3, rue du Moyen-Pont.

262 2188 1026 2240 713 — Prairies du Mouzon (Vosges).

262 2235 876 2286 714 — Vieille futaie (Meuse).

262 2282 1176 2336 715 — A la pointe des Poulains (Belle-Isle).

261 2326 990 2383 716 — Près Neufchâteau (Vosges).

261 2379 1093 2431 717 — Ruisseau de Vallières, près Metz.

274 1347 957 1399 707 —- Le soir, bords de l’Allier.
