1849 3077
410 628 846 76 43. Retour de la Pêche aux Harengs.

413 716 361 59 44. Baigneuses.

793 2218 370 81 CARBILLET,

670 2297 607 63 A Paris, rue Saint-Andre-des-Aris, 37.

408 2381 553 89 54. Portrait de Fenme.

415 2456 380 82 55. Jeune Fille.

1182 2476 336 85 Téte d’expression.

596 835 715 89 BRISSOT DE WARVILLE

786 947 368 59 Au palais de Compiègne

410 1012 908 100 5. Vue prise à Chartretes, près Melun

407 1100 387 87 46. Un Paysage.

853 1248 247 116 BUJON,

894 1350 140 46 A Rouen.

413 1422 630 68 47 Le Sculpteur de Bosses.

410 1492 629 78 48. La Famille en goguette.

412 1564 528 70 49 Tête de Jeune fille.

405 1641 534 66 50. Le Tambour crevé.

408 1707 765 74 51. Troupier, ne m’bitez pas)..

408 1777 842 81 52. Episode de l’Inondation de 1856.

405 1853 888 76 53. Le Double malheur d’un exposant.

474 1928 1041 82 L'Artiste, entendant critiquer son ouvrage et désirant

451 1992 1072 77 savoir ce que les spectateurs en pensent, à le malheur de

454 2058 859 73 mettre le pied sur la robe de la jeune personne.

861 512 226 57 — 10—
