1849 3077
456 623 1033 56 Organisée comme elle tend à l’être par les associations et

418 682 1084 66 les societes de secours mutuels, qui pouraient un jour se

423 743 1072 64 généraliser, et prenant l’homme à son berceau, le soulageant

418 802 1071 59 dans ses maux et et le soutenant dans sa faiblesse. Ouvroirs.

430 858 1075 67 salles d’asile, hospices et hépitaux, maisons de retraite, etc.

461 925 1028 62 Soutenue par les ressources du travail et en procurant

415 991 224 55 les moyens;

451 1033 1044 64 Sur l’auréole qui entoure la tête de la Charité, les mots :

420 1100 1072 61 ex Deo caritas, atestent son principe divin, dans l’espece

412 1161 1080 62 de temple qui lui est consacré figurent les statues de per¬

418 1220 1087 59 sonnages célèbres par leur charité; Saint bernard de Men¬

415 1276 1074 67 ton, saint Vincent de Paule, l’abhé de l’Epée: de l’autre

415 1335 1085 98 côté, sainte Elisabeth de Hongrie, madame de Miramion, la

432 1406 243 58 sœur Marthe.

401 1485 505 74 66 Vue prise à Orsay.

856 497 218 59 — 12 —

851 1638 226 82 COROT.

902 1725 134 67 A Paris.

400 1794 730 95 67. Vue du Port de La Rochelle.

777 1984 371 90 COUTURIER.

905 2074 162 82 A Paris.

400 2153 353 72 68. Basse-Cour.

743 2299 490 98 COURT (JOSEPH),

715 2394 515 90 Conservateur du Musée de Rouen.

402 2471 975 85 69. Portait de M. Fleury, Maire de Rouen.
