1849 3077
466 2271 898 93 FOULONGNE (ALFRED-CHARIES),

402 2376 1018 72 A Paris, rue du Bac, S3; élève de MM. Paul Delaroche et Gleyre.

351 2443 887 131 133. Meloenis chez la sorcière Staphyla

384 589 1157 98 123. Vue des bords du Rhône, près de Vienne en

566 659 239 93 Dauphiné.

707 817 498 98 FLEURY (LÉON),

714 911 467 63 A Paris, rue Saint-Lazare, 46.

376 974 998 92 124. Vue de Rouen, prise du chemin de fer

476 1161 924 121 FOIRESTIER-GOZOLI (LAURE),

874 1266 123 57 A Paris.

367 1347 409 76 125. Jeune Mère.

372 1420 414 74 126. La Peinture.

682 1576 502 80 FONTENAY (DE).

713 1658 446 58 A Paris, quai de l’Ecole, 8.

357 1723 908 83 127. Ruines du Château de Longueville.

360 1796 934 87 128. Falaises sous le Château de Dieppe.

357 1871 994 84 129. Vue des environs du Château-Gaillard.

353 1943 929 82 130. Vue de Montajou (Haute-Garonne).

355 2013 649 77 131. Un Chalet près Brientz.

355 2087 720 83 132. Une Ferme en Normandie.

846 474 243 56 — 18—
