1859 3077
392 1833 876 82 FREMY (JACQUES-NOEL-MARIE),

261 1919 1137 63 A Paris, rue Saint-Anré-des-Arts, 27, élève de MM. Begnaul et Darin.

259 1996 1133 74 141. Vue intérieure de la Galerie de sculpture.

427 2071 966 69 dans laquelle se trouve la statue de Jeanne

426 2138 1006 90 d’Arc, par la princesse Marie (au Palais, de.

441 2212 243 68 Versailles.

259 2282 322 66 142. La Vue.

265 2359 393 66 145. Le Toucher.

271 2430 409 74 44. Napoléon ler.

557 680 753 61 Face à face, à deux pas, le sort avait uni

552 730 808 52 Les deux extrémités de la misère humaine;

554 772 812 57 Ce travail, à travers la douleur et la haing.

550 815 718 58 L’une le commençait, l’autre l’avait fini.

891 962 348 61 (Louis BOULHET.)

264 1038 842 72 134. L’Amour captivant l’Innocence.

261 1111 616 68 133. Portrait de M. P. D.

261 1188 1132 70 156. Sermon sur la Montagne (saint Malhiey.

439 1263 234 63 chap. 5e).

259 1319 1102 82 137. Mont Rhodé, route de Fontana (Auvergne).

261 1401 1136 70 138. Coulée de lave volcanique près Volvic (Au

446 1480 197 63 vergne).

258 1543 764 75 139 Gorges d’Enval (Auvergne).

264 1615 1158 85 140. Sous les Châtaigniers, près Royat (Auvergne).

726 492 234 84 — 19 —
