1849 3077
728 2264 528 77 GAMAIN (LOUIS),

692 2357 597 61 Au Havre, rue de l’Hopital, 37.

424 2430 834 69 155. Phare et Jetée Nord, au Havre.

430 2502 1149 80 156. Revue de la Flotte anglaise à Spithead, passee.

701 1612 566 99 FULCONIS (LOUIS),

456 1725 1062 77 A Rouen, rue des Bonnetiers, 9; élève de l'Académie des Beaux Arts

773 1791 420 50 d’Avignon et de Marseille.

420 1856 765 77 151. La Vierge et l’Enfant Jésus.

419 1935 555 68 152. Buste de M. G. C.

432 2006 541 67 153. Buste de M. A. F.

425 2078 534 70 154. Buste de M. A.C.

653 924 646 89 FRICHOT (VALENTINE),

535 1015 894 53 A Paris, rue de Bretagne, 65; élève de Mlle de Varenne.

420 1095 741 70 146. Tableau de salle à manger.

420 1162 271 68 147 L’Eté.

422 1237 457 65 148. Le Printemps.

420 1307 839 77 149. Le jeune Dénicheur d’oiseaux.

412 1376 1172 95 130. L’Amour montrant au doigt un petitpapillon.

567 1459 649 62 qui se brâle à son flambeau.

871 517 221 57 — 20 —

697 607 590 108 FRERE (THÉODORE),

915 723 140 44 A Paris.

424 779 886 94 115. Caravane au repos, dans le desert.
