1859 3077
431 610 999 82 par la reine Victoria, le 23 avril 1856; pre¬

413 680 979 77 mier épisode, Sortie du Yacth roval de Gos

425 745 975 85 port, vue prise des fortifcations de Ports

415 841 181 58 mouth.

274 889 1140 82 157. Vaisseau mixte anglais de 130 canons le Duc

419 977 372 65 de Wellington.

277 1053 880 82 158. Vue prise à Etretat, falaise Nord.

733 2176 250 83 GUDIN.

627 2263 455 60 A Paris, rue de Balzae, 26.

287 2333 1153 87 165. Jean-Bart sortant de Dunkerque à travers la

439 2420 364 63 Flotte anglaise.

305 2482 1066 100 164. Vue de Sallenelle, embouchure de l’Orne.

687 1875 318 85 GOLA (E.).

489 1955 716 68 Capitane au 81e de Ligne, rue Impériale, 6.

289 2051 552 63 162. Dessin à la plume.

611 1207 464 90 GARNERAY (E.),

776 1292 142 48 A Paris.

283 1343 1015 99 159 Ve de Cahuais nise au nadde la Cue.

537 1492 608 92 GENGEMBRE (L.-L.).

490 1581 712 65 A Paris, aux Termes, avehue des Termes, 42.

278 1666 532 74 160. Chevaux de trait.

285 1728 980 87 161. Chasseur d’Afrique (tenue de guerre).

726 479 226 56 —21—
