1795 3043
835 484 233 76 — 24 —

660 580 589 130 HOSTEIN (EDOUARD),

746 711 394 58 A Paris, rue Blanche, 25.

378 797 872 80 179. La Seine avant son endiguement.

464 882 1016 79 Vue prise du coteau de Quillebeuf, on aperçoit l'em

401 950 1089 69 bouchure de la Seine, le château de Tancarville, Lillebonne,

400 1014 1066 62 et le château de N.-D. De Gravenchon, au moment de l’ar

409 1075 350 55 rivée de la Barre.

372 1173 864 69 180. La Seine après son endiguement.

439 1232 1053 71 Vue prise de l’Aiguille-de-Pierre-Gant près Tancarville:

399 1301 1069 63 on découvre tout le panorama de la vallée de Quillebeuf

397 1360 1056 68 depuis la forêt de Brotonne jusqu’à la pointe de la Roque.

436 1423 1037 62 Ces deux Tableaux ont été commandés par la Chambre

406 1480 455 58 de Commerce de Rouen.

372 1570 1106 78 181 Rives de laSeine entre Caudebecet Villequier.

370 1644 1030 82 182. Vue générale de la rade de Toulon (Var).

438 1734 1030 68 Ce Tableau, peint d’après nature, en mars 1856, repré

414 1797 619 62 sente la flotte revenue de Crimée.

368 1886 1145 86 183. Palmier dans une bastide de la rade de Toulon.

769 1989 697 65 Vue peinte sur nature en janvier 1856.

830 2201 208 82 HUBER

730 2309 415 76 A Paris, rue du Delta, 12.

373 2388 452 76 184. Le Crépuscule.

370 2454 1018 107 185. Vue prise à Socqueville en Normandie.
