1859 3077
744 507 226 46 — 29 —

390 612 937 113 LEMAIRE-TERNANTE (AMÉDÉE),

613 736 491 53 A Paris, rue de la Victoire, 32.

287 805 604 77 223. Le Pêcheur innocent.

282 866 1150 85 224. La Récolte des Pommès de Terre, dan, la

439 955 433 67 plaine de Nanterre.

703 1117 321 93 LEMMEMS.

790 1223 131 66 A Paris.

287 1300 612 76 225. Quatre Cris de Paris.

289 1381 485 66 225. Deux Paysages.

559 1543 593 77 LENEPVEU (JULES),

454 1632 777 63 A Paris, chenin de ronde de la barèré Planchle.

270 1704 1142 78 227. L’Ermite Pierre de Morone élu à la Papaute.

470 1782 145 74 (1294).

300 1865 1105 68 Un archevéque et deux évêques furent députés pres de le

265 1933 1145 60 pour lui porter la nouvelle de son élection. Le pauvre Ermite.

261 1991 1149 67 en voyant ces dignitaires de l’Eglise dont le rang était si supérieur

259 2061 1151 58 au sien, se jette à l eurs genoux; les prélats, de leur côté, se mi

256 2121 1154 53 rent à genoux pour demander la bénédiction du nouveau Pape

256 2181 1153 56 L... Lorsqu’on eut fait comprendre à Pierre l’étonnante rèvo

256 2237 1151 63 Intion qui venait de s’opérer daps sa destinée, Il voulut se déro

256 2306 611 53 ber par la fuite à tant d’honneur.

489 2353 887 65 SISMONDI, Histoire des Républiques italiennes.

273 2430 1117 81 228. La Confrérie de Saint-Roch se rendant à Saint.

417 2514 908 84 Marc de Venise, le jour de la Fête-Dieu.
