1831 3059
678 601 390 112 PIVEL (E).

639 717 449 61 A Paris, rue Vivienne, 22.

288 782 448 84 297 Après l’orage.

300 864 531 79 298. Village maritime.

553 1009 683 99 PINELLI (AUGUSTE DE),

562 1121 597 66 A Paris, faubourg Saint-Honoré, 137.

290 1198 467 74 299. La Distraction.

415 1330 872 94 PIQUOT (JULIE, née HERZOG),

467 1444 777 49 A Rouen, rue Saint-Sever, 69; élève de Redoute.

280 1506 1071 79 300. Tableau, Fleurs et Fruits dans un panier.

285 1580 571 76 301. Tableau.    Id.

283 1658 839 66 302. Groupe de Fleurs dans un vase.

283 1733 952 71 30. Couronne de Roses et Fleurs variées.

280 1803 670 66 304. Groupe de Marguerites

283 1876 854 66 305. Groupe de Roses et d’Anémones.

285 1947 772 68 306. Un Portrait de Napoléon ler.

287 2018 750 75 307. La Vierge et l’Enfant Jésus.

691 2192 330 86 PLUVETTE

625 2299 485 61 A Paris, rue de Latayette, 34.

287 2377 863 76 508. La Vieille et ses deux Servantes.

933 2403 479 138 (Fables de Lafontaine.)

294 2506 877 83 309. Le premier pas de l’Enfant Jesus.

767 494 227 82 — 37 —
