1859 3077
785 461 218 64 — 41 —

677 558 439 106 SORIEUL (L.),

672 666 432 75 1 Paris, re de Chaonron, 14.

319 764 1114 87 334. Soldats secourant des Pretres français emi

501 844 313 68 grés en Italie.

381 947 1023 61 Une foule de Prêtres français émigrés restèrent tout à

345 1011 1065 62 coup sans retraite par l’occupation de la Romagne..—

345 1073 1060 56 Le clergé et les moines profitèrent de la victoire des répu

347 1140 501 54 blicains pour les congédier.

385 1200 1027 71 Le général Bonaparte, imuigné de cete cruauté, dot a

341 1271 1081 57 était loin d’ofrir l’exemple aux vaincus, invita hautement.

352 1329 1055 60 par une proclamation, les évêques et les supérieurs ccclé

354 1389 1055 58 siastiques à donner asile à ces pauvres prêtres, qu’il place

355 1451 601 55 sous la protection de ses troupes.

379 1509 1026 58 Cette circonstance amena les scènes les plus touchantes.

342 1570 1068 62 beauçoup de soldats reconnurent les curés de leurs vil¬

359 1632 94 62 lages.

600 1838 575 92 THUILIER (PIERRE),

639 1943 485 67 A Paris, rue de Vaugirard, 23.

318 2041 1125 84 335. Vue prise aux environs de Morestrel (Isère).

634 2266 493 95 TIGER (ADOLPHE).

616 2366 526 77 à Rouen, rue Eau-de-Robec, 227.

304 2448 842 91 336. Etude de Fleurs saur porcelaine.
