1849 3077
910 464 208 61 — 42 —

743 561 575 105 TRONVILLE (F.-J.).

764 675 469 66 A Paris, rue de Miromenil, 42.

438 753 1136 105 337. Paysans bretons surpris par la marée montante.

789 989 452 82 TUITE (T.-T.).

769 1075 471 80 A Paris, rue de Miroménil, 8.

441 1179 866 92 338. Château de Dumbarton (Ecose).

759 1384 500 118 VALADON (JULES).

607 1504 790 80 A Paris, élève de MM. Léon Cogniet et Droling

425 1592 1167 108 339. Trois belles choses. Pierrot, La Venus de

607 1694 412 70 Milo et Arlequin.

502 1776 1020 68 Pierrot représente l’Innocence, la Vénus de Milo, chef

461 1837 1059 75 d’œuvre antique, la Beauté absolue, et Arlequin, l'Esprit.

441 1930 1133 85 340. Julie et Claire couronnant le buste de Rousseau.

713 2167 597 82 VÉRON (ALEXANDRE),

554 2263 882 84 A paris, rue des Martyrs, 14; élève de M. H. Delaroche

425 2365 801 72 341. Le Clos des Vignes à Anvers.

424 2435 733 76 342. Soleil Couchant sur l’Oise.

434 2506 879 87 343. Le Soir, Vue des bords de l’Oise.
