1849 3077
407 565 1043 91 355. Une Caravane dans un défilé en Afrique.

403 654 666 75 356. Une Rue à Constantine.

401 729 680 74 357 Une Rue à Constantine.

401 800 1128 76 358. Halte d’une Caravane dans le désert de Sahara

398 876 883 71 359. Convoi dans un défilé en Afrique.

401 947 678 59 260. Une Rue à Constantine.

403 1022 830 66 361. Une Vedette arabe en Kabylie.

401 1097 685 79 362. Un Marchand d’esclaves.

405 1172 513 67 363. Un Café à Alger.

586 1384 773 118 VALIOUS DE VILLENEUVE

783 1517 371 52 A Paris, rue Bleue, 18.

393 1608 1001 70 364. Deux Dessins aux crayons de couleurs.

395 1680 1118 73 265. Une jeune Fille portant du bois dans son tablier

400 1748 1115 93 366. Une jeune Fille appuyée à la balustrade

682 1979 566 90 VANONI (FRÉDÉRIC),

884 2087 162 53 De Rome.

721 2174 469 63 A Rouen, rue d'Anvers, 104.

393 2270 477 71 367. Le Décaméron.

386 2343 754 69 368. Vue du Château de Fernex.

389 2417 657 68 569. Une Sérénade à Venise.

395 2485 1115 87 370. Vue de la Villa Reale, aux environs de Naples.

877 443 225 80 — 44 —
