1811 3053
868 475 234 71 — 48 —

855 590 232 89 CORBE.

774 689 415 71 A Bonsecours, prés Rouen.

415 755 1118 92 400. Portrait de M. L, élève de l’École Saint-Cyr

845 924 251 86 GOUPIL,

515 1036 919 61 A Paris, boulevard Montmartre, 19, et rue d’Enghien, 12.

394 1104 1144 79 401. L’Ensevelissement du Christ, par H. Dupont.

571 1188 505 65 d’après P. Delaroche.

387 1246 1164 87 402. Ma Soeur n’y est pas, par Levasseur, d’apres

570 1331 200 64 Hamon.

389 1381 1152 94 403. Une Messe en Kabylie, par Girardet, d’apres.

570 1473 270 65 H. Vernet.

392 1531 1070 79 404. Fidélité, par Castan, d’après A. Dedreux.

389 1615 1141 71 405. L’Annonciation, par Martinet, d’après Jala¬

575 1697 119 60 bert.

389 1747 1159 92 406. L’Enseignement Mutuel, par Jouanni, d'après

577 1835 190 66 Holfeld.

392 1897 991 78 407. La Prière de Famille, par les mêmes.

402 1971 1144 84 408. Facsimile d’un dessin de Raphaël (Vierge).

577 2060 281 66 par Dupont.

1323 2118 153 68 Dessins.

445 2363 1057 125 Rouen. Ve A. SURVILLE, imprimeur de la Cour Impériale

550 2478 830 78 et de la Mairie, rue des Bons-Enfants, 46-48.
