1849 3077
430 579 1080 64 monstrueuse, en forme de grandserpent et dragon, du nom.

430 635 1093 72 de Gargouille, qui faisait de grands ravages et dévorait grand.

428 697 1069 61 nombre d’habitants. Saint Romain, étant évêque de Rouen.

430 753 1059 70 vers cette époque, voulut détruire cet affreux et méchant ani

428 815 1079 82 mal; pour cela il prit avec lui deux hommes qui avaient été

425 879 1067 67 condamnés à mort pour leurs nombreux méfaits; avec eux

428 943 1072 59 il alla au repaire du monstre pour s’en emparer; mais un

425 997 1080 69 des condamnés, pris de frayeur à la vue de la gargouille, se

433 1056 1064 74 sauva, tandis que l’autre resta près du saint évêque, et,

425 1117 1082 75 après que le saint eut conjuré et dompté le monstre, il lui

423 1179 1069 67 passa autour du col l’étole que lui avait remise saint Ro¬

425 1242 1056 72 main, et ramena, de par la ville de Rouen, la gargouille,

423 1305 1069 69 douce comme agneau, pour y être brûlée, ce qui fut fait en

423 1364 1066 64 présence de tout le peuple émerveillé d’un aussi grand mi

420 1423 1036 66 racle.— (Légende normande.).

466 1494 1052 98 Ces deux tableaux ont été donnés par S. M. I'Empereur.

516 1644 884 87 GÉRICAULT (LOUIS-THÉODORE),

425 1720 1067 97 Ne a Rouen en 1790 mort à Paris en 1824; élève de Carle

766 1808 398 67 Vernet et de Guérin.

394 1887 729 77 3. Etude de têtes de Chevreuils.

431 1976 514 68 Donné par M. His de la Salle

879 469 195 48 —4 —

771 2082 406 118 ISABEY (J.).

400 2205 1136 97 4. Bonaparte, premier Consul, visitant, en 1801.

515 2289 1028 70 la manufacture de M. Sevène, au faubourg

533 2355 246 67 Saint-Sever.

438 2453 536 82 Acquis par le Musée en 1856.
