1849 3077
669 1264 638 84 BENTABOLE (Louis),

781 1369 400 49 A Paris, rue Pigale, 22.

413 1418 558 84 28. La Rentrée au Port.

410 1502 715 100 29. Rade de Boulogne-sur-Mer.

607 1702 749 85 BERLIOZ DE PRÉMONT.

908 1810 135 48 A Paris.

401 1882 871 71 50 Vue du Château de Vauvenargues.

398 1950 352 70 31. L’Echarpe.

1184 1994 321 131 Etude de figure.

405 2082 344 80 32. Le Collier.

618 2264 689 89 BERTHÉLEMY (ÉMILE),

726 2369 471 58 A Montmartre, rue Berthe, 9.

394 2430 1126 129 33. Arrivée des Bateaux de pêche au port de Douar-

710 2512 415 80 nenez (Bretagne).

418 651 1159 69 25. Clair de Lune et Calme: un Train de Bois sur.

562 729 672 67 un lac inférieur en Norwége.

420 794 1154 88 26. Mauvais Tenps en pleine Mer; un petit Navire.

561 873 711 63 en train de diminuer de voiles.

412 941 1149 79 27. Clair de Lune et Calme plat; un Brick-Goëlette

553 1012 1019 93 à côté d'un Navire naufragé, dont il tâche de

571 1076 503 80 sauver le chargement.

905 530 184 62 — 8 —
