1749 2481
784 396 118 34 - 39 -

411 482 488 37 16. — L’Homme blessé.

594 545 519 44 Signé : G. Courbet, avec paraphe.

595 596 151 27 Sans date.

594 633 682 38 Expositions particulières de 1855 et de 1867.

598 674 695 38 Le catalogue de cette dernière exposition

560 705 733 41 place l'exécution de l’Homme blessé à la date

567 746 728 39 de 1844. C’est évidemment une erreur : il suf¬

565 787 728 40 fit d’examiner la facture libre et souple du ta¬

567 829 728 41 bleau, pour être convaincu que ce n’est point

564 876 733 38 là une oeuvre de débutant. L’erreur ayant été

568 916 727 38 reproduite dans le catalogue de la vente du

558 948 741 46 9 décembre 1881, nous croyons devoir la recti¬

567 997 726 36 fier. La véritable date est 1854, comme l’atteste

565 1038 731 37 le catalogue de la première exposition privée

565 1075 310 43 du peintre, en 1855.

594 1120 701 50 Acheté pour l’État à la vente du 9 dé¬

566 1176 204 27 cembre 1851.

875 1201 360 49 T. — H. 8.90. L. 0.81.

405 1311 564 42 17. — Le Chasseur badois.

596 1370 616 46 Signé à gauche : .. 59. Gustave Courbet.

863 1420 370 45 T. — H. 1.18. L. 1.75.

596 1463 401 44 Appartient à M. D... M...

426 1573 873 54 18. — Portrait, de M. Gueymard, artiste de

618 1633 681 49 l’Opéra, dans le rôle de Robert le

618 1701 138 35 Diable.

649 1761 460 41 « Oui, l’or est une chimère. »

600 1819 451 47 Signé à gauche : G. Courbet.

600 1866 149 40 Sans date.

598 1906 225 43 Salon de 1857.

883 1941 352 47 T. — H. 1.57. L. 1.06.

598 1997 536 49 Appartient à M. Adolphe Reignard.
