2023 3173
793 486 214 42 — 77 —

478 549 984 64 ROUSSET (Mlle Léontine), élève de Mme Fai¬

528 608 775 60 vre et de Devilly, née à Sarguemines.

528 661 524 66 Nancy, 33, rue des Carmes.

312 724 584 63 670 — Portrait de Mme E...

312 780 560 58 671 — — M. G...

481 856 976 85 ROVEL (Henri), élève de Cormon, né à St-Dié.

531 943 197 35 Saint-Dié.

314 988 722 64 672 — Schlitteur dans les Vosges.

317 1044 489 55 673 — Chevreuil mort.

317 1086 994 66 674 — Le cloître de la cathédrale de Saint-Dié,.

314 1142 611 53 675 — Le service obligatoire.

314 1189 619 56 676 — Un coin de Mirecourt.

314 1237 426 55 677 — Sur la plage.

312 1285 563 66 678 — Village des Vosges.

481 1345 981 106 ROYER (Henri), élève de Lefebvre et F. Fla¬

534 1427 375 61 meng, né à Nancy.

531 1483 584 63 Nancy, 1, rue de la Salpétrière.

317 1544 751 79 679 — Scènes de la vie de Bacchus.

322 1599 370 50 680 — Le Vieux.

322 1649 444 56 681 — Aux champs.

317 1697 299 50 682 — Etude.

317 1745 452 53 683 — Etude de tête.

319 1790 627 58 684 — Portrait du Docteur C.

319 1840 299 77 685 — Etude.

489 1927 854 82 ROY (Emile), élève de Huel, né à Nancy.

536 2001 497 64 Nancy, 13, rue de l’Atrie.

319 2059 659 69 686 — Portrait de Mlle M. R...

319 2115 1074 71 687 — Un noble (d’après une gravure de J. Callot).

489 2207 981 93 ROY (Mlle Maria), élève de l’Ecole des Beaux¬

539 2273 362 59 Arts, né à Nancy.

538 2343 129 46 Nancy.

319 2387 693 117 688 — Roses trémières, panneau.
