1563 2700
798 185 169 65 ( 26 )

361 278 1083 55 Ce tableau, peint en 1784, est la répétition d’un

303 346 1141 54 plus grand. Le peintre a fait dans celui-ci d'heu¬

302 416 425 54 reux changements.

395 639 951 51 DEMARNE (Jean-Louis), né à Bruxelles.

302 719 1135 65 23. Le départ pour une noce de village.

462 831 978 50 Des hommes, des femmes, et des enfants,

406 900 1032 53 montés sur une voiture à quatre chevaux,

406 968 1033 54 partent pour la noce; un ménétrier fait partie

406 1037 1032 54 de ce joyeux équipage. Une femme qui garde

405 1106 1033 54 ses bestiaux indique à ces voyageurs la route

409 1174 473 52 qu'ils doivent suivre.

462 1244 976 52 Cette scène se passe au soleil levant, sur un

406 1312 1034 53 chemin au bord d’une haie, dans une campa¬

404 1380 1037 53 gne pittoresque de Franche-Comté, enrichie

409 1449 1032 53 d’arbres et de montagnes, dont plusieurs se

410 1518 545 39 détachent sur l’horizon.

300 1788 1139 52 DROLLING, né à Paris, ancien pensionnaire de

693 1857 365 40 France à Rome.

305 1970 861 67 24. Orphée perdant Eurydice.

300 2087 1111 50 Presque aux portes du jour, trouble, hors de lui-même,

298 2151 898 47 Il s’arrête, il se tourne, il revoit ce qu’il aime.

298 2213 989 47 C’en est fait, un coup-d’œil a détruit son bonheur.
