1563 2700
798.0 185.0 169.0 65.0 ( 26 )

361.0 278.0 1083.0 55.0 Ce tableau, peint en 1784, est la répétition d’un

303.0 346.0 1141.0 54.0 plus grand. Le peintre a fait dans celui-ci d'heu¬

302.0 416.0 425.0 54.0 reux changements.

395.0 639.0 951.0 51.0 DEMARNE (Jean-Louis), né à Bruxelles.

302.0 719.0 1135.0 65.0 23. Le départ pour une noce de village.

462.0 831.0 978.0 50.0 Des hommes, des femmes, et des enfants,

406.0 900.0 1032.0 53.0 montés sur une voiture à quatre chevaux,

406.0 968.0 1033.0 54.0 partent pour la noce; un ménétrier fait partie

406.0 1037.0 1032.0 54.0 de ce joyeux équipage. Une femme qui garde

405.0 1106.0 1033.0 54.0 ses bestiaux indique à ces voyageurs la route

409.0 1174.0 473.0 52.0 qu'ils doivent suivre.

462.0 1244.0 976.0 52.0 Cette scène se passe au soleil levant, sur un

406.0 1312.0 1034.0 53.0 chemin au bord d’une haie, dans une campa¬

404.0 1380.0 1037.0 53.0 gne pittoresque de Franche-Comté, enrichie

409.0 1449.0 1032.0 53.0 d’arbres et de montagnes, dont plusieurs se

410.0 1518.0 545.0 39.0 détachent sur l’horizon.

300.0 1788.0 1139.0 52.0 DROLLING, né à Paris, ancien pensionnaire de

693.0 1857.0 365.0 40.0 France à Rome.

305.0 1970.0 861.0 67.0 24. Orphée perdant Eurydice.

300.0 2087.0 1111.0 50.0 Presque aux portes du jour, trouble, hors de lui-même,

298.0 2151.0 898.0 47.0 Il s’arrête, il se tourne, il revoit ce qu’il aime.

298.0 2213.0 989.0 47.0 C’en est fait, un coup-d’œil a détruit son bonheur.
