2081 3441
321 434 1124 107 SOCIÉTÉ LORRAINE

501 590 741 40 DES AMIS DES ARTS.

351 804 1051 84 EXPOSITION DE 1843.

673 1071 402 69 Septième Année.

226 1330 1312 79 M. ANDRÉ, peintre, rue des Carmes, à Nancy.

262 1436 992 66 1. Portrait de M. D. V...... (pastel).

259 1516 811 66 2. Idem de M. C. J...., idem.

260 1601 543 61 3. L’ Aumône, idem.

263 1681 808 60 4. Portrait de M. C...., idem.

260 1761 833 67 5. Idem de M. H....., idem.

256 1842 566 51 6. La Sorcière, idem.

295 1908 1239 55 «Le roi de trèfle vous annonce un beau brun. »

257 1990 865 65 7. Portrait de M...... (pastel.)

593 2081 550 79 M. ANDRÉ JEUNE,

221 2183 1314 72 professeur de dessin de machines, 11, rue de la

752 2251 267 63 Pépinière.

260 2331 840 66 8. Locomotive (dessin au lavis).

257 2415 498 66 9. Machine, idem.

228 2498 585 51 10. Pont de Suresnes.

229 2577 1306 69 11. La Chapelle de Notre-de-Dame des flammes

409 2643 1128 67 (environs de Paris), construite sur le lieu

409 2708 832 52 même de l’évènement du 8 mai.
