<?xml version="1.0" encoding="UTF-8"?>
<alto xmlns:xsi="http://www.w3.org/2001/XMLSchema-instance"
      xmlns="http://www.loc.gov/standards/alto/ns-v4#"
      xsi:schemaLocation="http://www.loc.gov/standards/alto/ns-v4# https://gitlab.inria.fr/scripta/escriptorium/-/raw/develop/app/escriptorium/static/alto-4-1-baselines.xsd">
  <Description>
    <MeasurementUnit>pixel</MeasurementUnit>
    <sourceImageInformation>
      <fileName>Cat_Lux_1867_typo_0001.jpg</fileName>
    </sourceImageInformation>
  </Description>
  
  <Tags>
    <OtherTag ID="BT230" LABEL="Figure" DESCRIPTION="block type Figure"/><OtherTag ID="BT231" LABEL="Main" DESCRIPTION="block type Main"/><OtherTag ID="BT232" LABEL="Numbering" DESCRIPTION="block type Numbering"/><OtherTag ID="BT233" LABEL="Running Title" DESCRIPTION="block type Running Title"/><OtherTag ID="BT234" LABEL="Stamp" DESCRIPTION="block type Stamp"/><OtherTag ID="BT235" LABEL="Title" DESCRIPTION="block type Title"/>
    <OtherTag ID="LT96" LABEL="Default" DESCRIPTION="line type Default"/>
  </Tags>
  
  <Layout>
    <Page WIDTH="1826"
          HEIGHT="3140"
          PHYSICAL_IMG_NR="15"
          ID="eSc_dummypage_">
      <PrintSpace HPOS="0"
                  VPOS="0"
                  WIDTH="1826"
                  HEIGHT="3140">
        
        <TextBlock HPOS="742"
                   VPOS="345"
                   WIDTH="229"
                   HEIGHT="32"
                   ID="r_2_1"
                   TAGREFS="BT233">
          <Shape><Polygon POINTS="742 345 971 345 971 377 742 377"/></Shape>
          
          
          <TextLine ID="tl_2"
                    TAGREFS="LT96"
                    BASELINE="743 376 970 376" 
                    HPOS="743"
                    VPOS="346"
                    WIDTH="227"
                    HEIGHT="30">
            <Shape><Polygon POINTS="743 346 970 346 970 376 743 376"/></Shape>
	    <String CONTENT="PEINTURE."
                    HPOS="743"
                    VPOS="346"
                    WIDTH="227"
                    HEIGHT="30"></String>
          </TextLine>

          
        </TextBlock>
        
        <TextBlock HPOS="1433"
                   VPOS="332"
                   WIDTH="57"
                   HEIGHT="46"
                   ID="r_3_1"
                   TAGREFS="BT232">
          <Shape><Polygon POINTS="1433 332 1490 332 1490 378 1433 378"/></Shape>
          
          
          <TextLine ID="tl_3"
                    TAGREFS="LT96"
                    BASELINE="1434 376 1489 377" 
                    HPOS="1434"
                    VPOS="333"
                    WIDTH="55"
                    HEIGHT="44">
            <Shape><Polygon POINTS="1434 333 1489 333 1489 377 1434 377"/></Shape>
	    <String CONTENT="37"
                    HPOS="1434"
                    VPOS="333"
                    WIDTH="55"
                    HEIGHT="44"></String>
          </TextLine>

          
        </TextBlock>
        
        <TextBlock HPOS="201"
                   VPOS="407"
                   WIDTH="1310"
                   HEIGHT="2184"
                   ID="eSc_textblock_26ec6bb8"
                   TAGREFS="BT231">
          <Shape><Polygon POINTS="201 407 201 2591 1511 2591 1511 407"/></Shape>
          
          
          <TextLine ID="tl_4"
                    TAGREFS="LT96"
                    BASELINE="235 459 375 458 406 457 873 457 943 459 1029 456 1081 456 1252 453 1302 456 1486 461" 
                    HPOS="233"
                    VPOS="408"
                    WIDTH="1252"
                    HEIGHT="60">
            <Shape><Polygon POINTS="233 457 235 416 272 413 429 421 442 408 471 408 495 421 592 421 613 410 633 421 767 421 780 410 875 421 911 408 924 421 966 421 1021 408 1047 421 1066 408 1095 421 1110 408 1147 418 1207 408 1239 421 1309 410 1346 421 1359 408 1456 408 1477 413 1485 460 1430 468 1254 457 1244 468 1207 468 1194 457 1021 457 985 468 940 457 930 468 856 468 778 457 736 468 723 457 712 468 605 460 427 468 400 457 374 468 235 468"/></Shape>
	    <String CONTENT="VERNET (ÉMILE-JEAN-HORACE), né à Paris, en 1789,"
                    HPOS="233"
                    VPOS="408"
                    WIDTH="1252"
                    HEIGHT="60"></String>
          </TextLine>

          
          
          <TextLine ID="tl_5"
                    TAGREFS="LT96"
                    BASELINE="286 515 385 512 446 511 666 514 897 510 975 510 1047 509 1489 511" 
                    HPOS="285"
                    VPOS="460"
                    WIDTH="1203"
                    HEIGHT="58">
            <Shape><Polygon POINTS="285 512 290 465 395 476 413 460 437 476 476 460 521 460 558 476 633 465 644 476 691 476 720 460 757 476 780 460 796 473 812 460 846 460 867 476 914 476 940 460 971 476 1006 460 1045 476 1079 460 1123 460 1144 473 1165 460 1223 476 1257 460 1343 460 1385 476 1456 463 1480 476 1488 510 288 518"/></Shape>
	    <String CONTENT="élève de Vincent, chevalier de la Légion-d’Honneur"
                    HPOS="285"
                    VPOS="460"
                    WIDTH="1203"
                    HEIGHT="58"></String>
          </TextLine>

          
          
          <TextLine ID="tl_6"
                    TAGREFS="LT96"
                    BASELINE="286 567 302 567 382 568 678 566 723 565 805 565 1106 563 1177 563 1406 565 1489 566" 
                    HPOS="286"
                    VPOS="524"
                    WIDTH="1203"
                    HEIGHT="56">
            <Shape><Polygon POINTS="286 524 1489 524 1489 580 286 580"/></Shape>
	    <String CONTENT="en 1814, officier en 1825, membre de l’Institut en"
                    HPOS="286"
                    VPOS="524"
                    WIDTH="1203"
                    HEIGHT="56"></String>
          </TextLine>

          
          
          <TextLine ID="tl_7"
                    TAGREFS="LT96"
                    BASELINE="288 621 306 621 636 620 709 619 972 618 1042 618 1220 618 1275 619 1421 618 1487 618" 
                    HPOS="288"
                    VPOS="578"
                    WIDTH="1199"
                    HEIGHT="49">
            <Shape><Polygon POINTS="288 578 1487 578 1487 627 288 627"/></Shape>
	    <String CONTENT="1826, directeur de l’Académie de France à Rome en"
                    HPOS="288"
                    VPOS="578"
                    WIDTH="1199"
                    HEIGHT="49"></String>
          </TextLine>

          
          
          <TextLine ID="tl_8"
                    TAGREFS="LT96"
                    BASELINE="287 675 302 675 713 673 785 672 852 671 1278 672 1316 672 1484 672" 
                    HPOS="285"
                    VPOS="622"
                    WIDTH="1197"
                    HEIGHT="60">
            <Shape><Polygon POINTS="285 672 288 625 306 622 372 622 400 635 492 635 503 625 615 635 628 622 649 635 733 635 746 622 778 635 809 622 846 635 869 635 882 622 909 633 922 622 940 633 953 622 1006 622 1019 635 1050 622 1129 622 1150 635 1220 635 1239 625 1252 635 1351 635 1372 622 1456 622 1474 633 1482 669 1474 682 1351 682 1325 672 1315 682 1291 672 1118 682 1074 672 985 672 958 682 861 672 801 682 791 672 288 682"/></Shape>
	    <String CONTENT="1828, commandeur de la Légion-d&#39;Honneur en 1842,"
                    HPOS="285"
                    VPOS="622"
                    WIDTH="1197"
                    HEIGHT="60"></String>
          </TextLine>

          
          
          <TextLine ID="tl_9"
                    TAGREFS="LT96"
                    BASELINE="287 725 408 728 574 728 608 727 678 727 901 727 936 726 1104 725" 
                    HPOS="285"
                    VPOS="675"
                    WIDTH="817"
                    HEIGHT="65">
            <Shape><Polygon POINTS="285 724 288 690 379 690 390 680 437 690 453 675 542 677 560 690 644 690 686 675 749 675 772 690 864 690 893 680 911 690 969 690 985 675 1079 675 1095 688 1102 724 1095 735 1066 727 1050 740 1034 727 1006 737 971 727 780 730 767 740 730 727 717 740 644 727 607 737 523 727 471 740 288 740"/></Shape>
	    <String CONTENT="grand officier en 1862, mort en 1863."
                    HPOS="285"
                    VPOS="675"
                    WIDTH="817"
                    HEIGHT="65"></String>
          </TextLine>

          
          
          <TextLine ID="tl_10"
                    TAGREFS="LT96"
                    BASELINE="233 804 317 805 400 805 584 804 653 804 823 804 894 802 1069 802 1136 802 1263 802 1335 802 1460 802" 
                    HPOS="230"
                    VPOS="750"
                    WIDTH="1229"
                    HEIGHT="69">
            <Shape><Polygon POINTS="230 803 233 758 275 750 298 766 377 756 395 766 413 756 492 766 505 753 542 766 602 766 620 753 633 766 665 766 681 750 736 750 767 766 903 766 919 750 977 750 1003 766 1066 766 1105 753 1134 766 1152 750 1186 764 1228 750 1257 766 1330 766 1364 750 1430 750 1451 766 1459 800 1451 813 1417 808 1404 819 1349 805 1265 805 1252 819 966 819 940 805 895 805 880 819 856 808 778 819 754 805 652 805 639 819 599 805 453 808 429 819 406 805 390 816 374 805 290 805 275 819 246 819 233 808"/></Shape>
	    <String CONTENT="180. La barrière de Clichy, ou défense de Paris en 1814."
                    HPOS="230"
                    VPOS="750"
                    WIDTH="1229"
                    HEIGHT="69"></String>
          </TextLine>

          
          
          <TextLine ID="tl_11"
                    TAGREFS="LT96"
                    BASELINE="397 875 443 876 636 874 804 876 943 875 1016 874 1116 873 1180 873 1367 874 1491 875" 
                    HPOS="395"
                    VPOS="826"
                    WIDTH="1095"
                    HEIGHT="55">
            <Shape><Polygon POINTS="395 873 398 834 542 837 594 826 636 837 809 837 835 826 851 837 985 837 1006 826 1016 837 1087 837 1097 826 1131 837 1142 826 1215 826 1226 837 1265 837 1286 826 1482 834 1490 873 398 881"/></Shape>
	    <String CONTENT="Le maréchal Moncey donne au chef de bataillon Odiot"
                    HPOS="395"
                    VPOS="826"
                    WIDTH="1095"
                    HEIGHT="55"></String>
          </TextLine>

          
          
          <TextLine ID="tl_12"
                    TAGREFS="LT96"
                    BASELINE="356 917 475 918 714 916 791 916 939 916 1018 916 1235 915 1307 917 1365 916 1490 917" 
                    HPOS="356"
                    VPOS="884"
                    WIDTH="1134"
                    HEIGHT="41">
            <Shape><Polygon POINTS="356 884 1490 884 1490 925 356 925"/></Shape>
	    <String CONTENT="l’ordre d’empêcher les Russes de s’emparer de la butte"
                    HPOS="356"
                    VPOS="884"
                    WIDTH="1134"
                    HEIGHT="41"></String>
          </TextLine>

          
          
          <TextLine ID="tl_13"
                    TAGREFS="LT96"
                    BASELINE="361 960 597 959" 
                    HPOS="361"
                    VPOS="928"
                    WIDTH="236"
                    HEIGHT="32">
            <Shape><Polygon POINTS="361 928 597 928 597 960 361 960"/></Shape>
	    <String CONTENT="Montmartre."
                    HPOS="361"
                    VPOS="928"
                    WIDTH="236"
                    HEIGHT="32"></String>
          </TextLine>

          
          
          <TextLine ID="tl_14"
                    TAGREFS="LT96"
                    BASELINE="398 1013 513 1012 589 1012 741 1012 801 1012 907 1011 1028 1012 1096 1012 1304 1013 1352 1013 1489 1013" 
                    HPOS="395"
                    VPOS="965"
                    WIDTH="1093"
                    HEIGHT="52">
            <Shape><Polygon POINTS="395 1012 398 970 754 978 775 965 838 978 877 965 909 978 937 965 977 976 1008 965 1021 978 1071 978 1092 965 1118 976 1223 965 1281 978 1307 965 1333 978 1438 978 1453 968 1480 978 1488 1012 398 1017"/></Shape>
	    <String CONTENT="Parmi les acteurs de cette scène on remarque le maré¬"
                    HPOS="395"
                    VPOS="965"
                    WIDTH="1093"
                    HEIGHT="52"></String>
          </TextLine>

          
          
          <TextLine ID="tl_15"
                    TAGREFS="LT96"
                    BASELINE="355 1055 430 1054 606 1050 678 1053 814 1052 983 1055 1054 1054 1110 1055 1488 1063" 
                    HPOS="353"
                    VPOS="1010"
                    WIDTH="1132"
                    HEIGHT="60">
            <Shape><Polygon POINTS="353 1054 358 1012 369 1010 665 1020 754 1012 838 1023 932 1023 943 1012 987 1023 998 1012 1034 1012 1053 1025 1076 1015 1105 1025 1121 1015 1304 1017 1315 1028 1328 1017 1446 1017 1480 1028 1485 1062 1430 1070 1226 1057 356 1057"/></Shape>
	    <String CONTENT="chal Moncey; M. Odiot, colonel; M. de Marguery-Dupaty,"
                    HPOS="353"
                    VPOS="1010"
                    WIDTH="1132"
                    HEIGHT="60"></String>
          </TextLine>

          
          
          <TextLine ID="tl_16"
                    TAGREFS="LT96"
                    BASELINE="357 1095 520 1097 577 1097 727 1103 900 1100 953 1095 1107 1096 1262 1103 1423 1097 1486 1097" 
                    HPOS="356"
                    VPOS="1054"
                    WIDTH="1129"
                    HEIGHT="63">
            <Shape><Polygon POINTS="356 1093 364 1054 979 1054 1006 1064 1453 1062 1477 1064 1485 1096 1477 1114 1459 1104 1312 1104 1283 1117 1202 1104 1118 1104 1105 1117 1084 1104 1045 1117 987 1117 977 1106 895 1114 869 1104 665 1114 652 1101 597 1114 510 1101 492 1114 479 1101 358 1099"/></Shape>
	    <String CONTENT="l&#39;homme de lettres; Charlet, et Horace Vernet, l’auteur du"
                    HPOS="356"
                    VPOS="1054"
                    WIDTH="1129"
                    HEIGHT="63"></String>
          </TextLine>

          
          
          <TextLine ID="tl_17"
                    TAGREFS="LT96"
                    BASELINE="354 1138 500 1137" 
                    HPOS="354"
                    VPOS="1107"
                    WIDTH="146"
                    HEIGHT="31">
            <Shape><Polygon POINTS="354 1107 500 1107 500 1138 354 1138"/></Shape>
	    <String CONTENT="tableau."
                    HPOS="354"
                    VPOS="1107"
                    WIDTH="146"
                    HEIGHT="31"></String>
          </TextLine>

          
          
          <TextLine ID="tl_18"
                    TAGREFS="LT96"
                    BASELINE="441 1185 551 1186 590 1186 644 1186 818 1186 890 1186 997 1187 1074 1186 1125 1186 1246 1187 1354 1188 1489 1188" 
                    HPOS="441"
                    VPOS="1158"
                    WIDTH="1048"
                    HEIGHT="37">
            <Shape><Polygon POINTS="441 1158 1489 1158 1489 1195 441 1195"/></Shape>
	    <String CONTENT="Donné à la Chambre des pairs par M Odiot père, ancien"
                    HPOS="441"
                    VPOS="1158"
                    WIDTH="1048"
                    HEIGHT="37"></String>
          </TextLine>

          
          
          <TextLine ID="tl_19"
                    TAGREFS="LT96"
                    BASELINE="406 1222 543 1227 684 1221 736 1222 782 1222 911 1221" 
                    HPOS="406"
                    VPOS="1193"
                    WIDTH="505"
                    HEIGHT="36">
            <Shape><Polygon POINTS="406 1193 911 1193 911 1229 406 1229"/></Shape>
	    <String CONTENT="orfèvre, colonel de la légion."
                    HPOS="406"
                    VPOS="1193"
                    WIDTH="505"
                    HEIGHT="36"></String>
          </TextLine>

          
          
          <TextLine ID="tl_20"
                    TAGREFS="LT96"
                    BASELINE="439 1282 474 1282 517 1288 580 1282 678 1282 723 1287 784 1282 835 1275 873 1282 952 1283 1013 1289 1071 1283" 
                    HPOS="437"
                    VPOS="1237"
                    WIDTH="631"
                    HEIGHT="60">
            <Shape><Polygon POINTS="437 1279 447 1237 508 1248 547 1237 568 1248 633 1248 644 1237 775 1248 869 1237 922 1248 935 1237 979 1248 1053 1237 1068 1282 1042 1297 958 1297 943 1287 893 1297 772 1297 757 1287 725 1297 649 1297 636 1287 440 1292"/></Shape>
	    <String CONTENT="H. 0, 97. — L. 1, 30. — Fig. de 0, 38."
                    HPOS="437"
                    VPOS="1237"
                    WIDTH="631"
                    HEIGHT="60"></String>
          </TextLine>

          
          
          <TextLine ID="eSc_line_1a10240b"
                    
                    BASELINE="1161 1355 1448 1353" 
                    HPOS="1160"
                    VPOS="1303"
                    WIDTH="286"
                    HEIGHT="49">
            <Shape><Polygon POINTS="1160 1352 1165 1303 1440 1305 1446 1352"/></Shape>
	    <String CONTENT="(Peint en 1820.)"
                    HPOS="1160"
                    VPOS="1303"
                    WIDTH="286"
                    HEIGHT="49"></String>
          </TextLine>

          
          
          <TextLine ID="tl_22"
                    TAGREFS="LT96"
                    BASELINE="226 1408 310 1408 475 1406 540 1406 814 1406" 
                    HPOS="226"
                    VPOS="1371"
                    WIDTH="588"
                    HEIGHT="46">
            <Shape><Polygon POINTS="226 1371 814 1371 814 1417 226 1417"/></Shape>
	    <String CONTENT="181. Judilti et Holopherne."
                    HPOS="226"
                    VPOS="1371"
                    WIDTH="588"
                    HEIGHT="46"></String>
          </TextLine>

          
          
          <TextLine ID="tl_23"
                    TAGREFS="LT96"
                    BASELINE="442 1460 1058 1459" 
                    HPOS="440"
                    VPOS="1418"
                    WIDTH="615"
                    HEIGHT="60">
            <Shape><Polygon POINTS="440 1457 445 1418 615 1418 636 1428 720 1418 783 1428 846 1428 856 1418 992 1428 1024 1418 1050 1428 1055 1457 1045 1470 966 1465 901 1475 848 1462 793 1462 775 1478 762 1465 707 1465 686 1478 673 1465 628 1462 597 1465 584 1478 445 1473"/></Shape>
	    <String CONTENT="H. 2, 98. — L. 1,96. — Fig. gr. nat."
                    HPOS="440"
                    VPOS="1418"
                    WIDTH="615"
                    HEIGHT="60"></String>
          </TextLine>

          
          
          <TextLine ID="tl_24"
                    TAGREFS="LT96"
                    BASELINE="1156 1499 1259 1496 1312 1497 1408 1499 1441 1505" 
                    HPOS="1155"
                    VPOS="1452"
                    WIDTH="280"
                    HEIGHT="60">
            <Shape><Polygon POINTS="1155 1496 1160 1462 1176 1452 1197 1462 1435 1452 1433 1512 1388 1501 1343 1501 1330 1512 1315 1499 1157 1512"/></Shape>
	    <String CONTENT="(Salon de 1831.)"
                    HPOS="1155"
                    VPOS="1452"
                    WIDTH="280"
                    HEIGHT="60"></String>
          </TextLine>

          
          
          <TextLine ID="tl_25"
                    TAGREFS="LT96"
                    BASELINE="230 1572 314 1572 511 1571 583 1572 778 1570" 
                    HPOS="230"
                    VPOS="1536"
                    WIDTH="548"
                    HEIGHT="48">
            <Shape><Polygon POINTS="230 1536 778 1536 778 1584 230 1584"/></Shape>
	    <String CONTENT="182. Raphaël au Vatican."
                    HPOS="230"
                    VPOS="1536"
                    WIDTH="548"
                    HEIGHT="48"></String>
          </TextLine>

          
          
          <TextLine ID="tl_26"
                    TAGREFS="LT96"
                    BASELINE="395 1641 639 1641 882 1638 1054 1638 1158 1638 1215 1639 1387 1638 1485 1640" 
                    HPOS="395"
                    VPOS="1606"
                    WIDTH="1090"
                    HEIGHT="42">
            <Shape><Polygon POINTS="395 1606 1485 1606 1485 1648 395 1648"/></Shape>
	    <String CONTENT="Michel-Ange rencontrant Raphaël dans le Vatican avec"
                    HPOS="395"
                    VPOS="1606"
                    WIDTH="1090"
                    HEIGHT="42"></String>
          </TextLine>

          
          
          <TextLine ID="tl_27"
                    TAGREFS="LT96"
                    BASELINE="354 1682 404 1682 559 1682 638 1682 715 1680 746 1681 796 1680 905 1680 1082 1680 1245 1680 1372 1681 1485 1681" 
                    HPOS="353"
                    VPOS="1643"
                    WIDTH="1129"
                    HEIGHT="47">
            <Shape><Polygon POINTS="353 1679 358 1648 437 1643 516 1653 571 1653 586 1643 599 1653 628 1643 644 1653 673 1643 715 1653 806 1643 859 1653 885 1643 906 1653 958 1653 971 1643 1074 1643 1084 1653 1320 1643 1388 1653 1446 1643 1472 1645 1482 1679 1430 1690 358 1687"/></Shape>
	    <String CONTENT="ses élèves, lui dit : « Vous marchez entouré d’une suite"
                    HPOS="353"
                    VPOS="1643"
                    WIDTH="1129"
                    HEIGHT="47"></String>
          </TextLine>

          
          
          <TextLine ID="tl_28"
                    TAGREFS="LT96"
                    BASELINE="356 1723 555 1724 667 1722 798 1722 1007 1720 1069 1721 1169 1721 1296 1728 1484 1721" 
                    HPOS="353"
                    VPOS="1682"
                    WIDTH="1129"
                    HEIGHT="50">
            <Shape><Polygon POINTS="353 1721 356 1685 796 1692 851 1682 1464 1682 1482 1719 1247 1729 801 1721 791 1732 356 1724"/></Shape>
	    <String CONTENT="nombreuse ainsi qu’un général.» — «Et vous, répondit"
                    HPOS="353"
                    VPOS="1682"
                    WIDTH="1129"
                    HEIGHT="50"></String>
          </TextLine>

          
          
          <TextLine ID="tl_29"
                    TAGREFS="LT96"
                    BASELINE="356 1765 504 1765 575 1764 728 1764 801 1764 1009 1763 1187 1765 1290 1764 1390 1763 1483 1763" 
                    HPOS="353"
                    VPOS="1724"
                    WIDTH="1129"
                    HEIGHT="47">
            <Shape><Polygon POINTS="353 1763 356 1724 1474 1726 1482 1761 1472 1771 356 1771"/></Shape>
	    <String CONTENT="Raphaël au peintre du Jugement dernier, vous allez seul"
                    HPOS="353"
                    VPOS="1724"
                    WIDTH="1129"
                    HEIGHT="47"></String>
          </TextLine>

          
          
          <TextLine ID="tl_30"
                    TAGREFS="LT96"
                    BASELINE="352 1806 480 1807 532 1807 738 1806 771 1806 875 1806 934 1806 981 1805 1220 1806 1256 1808 1485 1812" 
                    HPOS="351"
                    VPOS="1763"
                    WIDTH="1131"
                    HEIGHT="60">
            <Shape><Polygon POINTS="351 1805 361 1768 783 1774 843 1763 930 1776 958 1766 982 1776 1076 1766 1144 1776 1160 1766 1218 1779 1228 1768 1270 1768 1281 1779 1302 1768 1446 1768 1474 1776 1482 1810 1464 1821 1385 1813 1364 1823 1233 1823 1189 1810 1163 1821 1136 1810 1123 1821 1095 1810 1076 1821 1055 1810 998 1821 987 1810 888 1808 804 1818 547 1805 526 1815 353 1813"/></Shape>
	    <String CONTENT="comme le bourreau. » (Vie de Raphaël, par M. QUATRE¬"
                    HPOS="351"
                    VPOS="1763"
                    WIDTH="1131"
                    HEIGHT="60"></String>
          </TextLine>

          
          
          <TextLine ID="tl_31"
                    TAGREFS="LT96"
                    BASELINE="354 1849 454 1848 518 1848 706 1850" 
                    HPOS="353"
                    VPOS="1808"
                    WIDTH="351"
                    HEIGHT="52">
            <Shape><Polygon POINTS="353 1847 356 1810 696 1808 704 1849 696 1860 356 1852"/></Shape>
	    <String CONTENT="MÈRE DE QUINCY.)"
                    HPOS="353"
                    VPOS="1808"
                    WIDTH="351"
                    HEIGHT="52"></String>
          </TextLine>

          
          
          <TextLine ID="tl_32"
                    TAGREFS="LT96"
                    BASELINE="440 1899 478 1899 519 1905 582 1899 682 1899 724 1905 786 1899 914 1898 974 1898 1053 1898" 
                    HPOS="437"
                    VPOS="1852"
                    WIDTH="613"
                    HEIGHT="55">
            <Shape><Polygon POINTS="437 1897 440 1855 497 1857 508 1868 539 1857 636 1868 649 1855 662 1868 723 1855 822 1868 843 1855 906 1865 924 1852 958 1865 1034 1852 1050 1897 1037 1907 440 1907"/></Shape>
	    <String CONTENT="H. 3, 92. — L. 3, 00. — Fig. gr. nat."
                    HPOS="437"
                    VPOS="1852"
                    WIDTH="613"
                    HEIGHT="55"></String>
          </TextLine>

          
          
          <TextLine ID="tl_33"
                    TAGREFS="LT96"
                    BASELINE="1159 1937 1259 1935 1313 1935 1447 1937" 
                    HPOS="1157"
                    VPOS="1883"
                    WIDTH="289"
                    HEIGHT="53">
            <Shape><Polygon POINTS="1157 1936 1160 1889 1173 1883 1218 1902 1317 1902 1370 1883 1438 1883 1446 1936"/></Shape>
	    <String CONTENT="(Salon de 1833.)"
                    HPOS="1157"
                    VPOS="1883"
                    WIDTH="289"
                    HEIGHT="53"></String>
          </TextLine>

          
          
          <TextLine ID="tl_34"
                    TAGREFS="LT96"
                    BASELINE="226 2043 252 2043 692 2040 1080 2042 1116 2042 1267 2042 1306 2041 1480 2046" 
                    HPOS="226"
                    VPOS="2001"
                    WIDTH="1254"
                    HEIGHT="54">
            <Shape><Polygon POINTS="226 2001 1480 2001 1480 2055 226 2055"/></Shape>
	    <String CONTENT="VINCHON (JEAN-BAPTISTE-AUGUSTE), né à Paris en 1787,"
                    HPOS="226"
                    VPOS="2001"
                    WIDTH="1254"
                    HEIGHT="54"></String>
          </TextLine>

          
          
          <TextLine ID="tl_35"
                    TAGREFS="LT96"
                    BASELINE="280 2095 378 2094 461 2096 705 2095 734 2095 948 2096 1111 2096 1250 2096 1329 2097 1483 2097" 
                    HPOS="277"
                    VPOS="2046"
                    WIDTH="1205"
                    HEIGHT="52">
            <Shape><Polygon POINTS="277 2093 280 2054 290 2046 369 2059 411 2059 424 2046 445 2059 489 2059 503 2046 581 2059 652 2056 665 2046 733 2059 872 2059 888 2046 932 2059 1006 2059 1019 2046 1050 2059 1092 2046 1150 2046 1181 2059 1207 2046 1228 2059 1254 2048 1357 2059 1370 2046 1393 2046 1409 2059 1474 2056 1482 2095 280 2098"/></Shape>
	    <String CONTENT="élève de Serangeli; premier grand prix de Rome"
                    HPOS="277"
                    VPOS="2046"
                    WIDTH="1205"
                    HEIGHT="52"></String>
          </TextLine>

          
          
          <TextLine ID="tl_36"
                    TAGREFS="LT96"
                    BASELINE="277 2147 416 2150 533 2150 598 2149 916 2150 987 2151 1058 2149 1484 2151" 
                    HPOS="275"
                    VPOS="2098"
                    WIDTH="1207"
                    HEIGHT="68">
            <Shape><Polygon POINTS="275 2145 277 2101 314 2098 366 2111 463 2111 474 2101 503 2111 571 2111 581 2101 618 2101 628 2111 644 2101 686 2111 733 2111 744 2101 822 2111 864 2101 916 2114 948 2103 974 2114 1016 2103 1055 2114 1068 2103 1105 2114 1152 2114 1165 2103 1194 2114 1241 2114 1252 2103 1456 2114 1469 2103 1482 2150 1433 2166 1375 2153 1343 2166 1312 2153 1262 2153 1249 2166 1118 2166 1102 2156 987 2166 864 2150 702 2150 662 2163 369 2153 277 2161"/></Shape>
	    <String CONTENT="(Histoire) en 1814, chevalier de la Légion-d&#39;Honneur"
                    HPOS="275"
                    VPOS="2098"
                    WIDTH="1207"
                    HEIGHT="68"></String>
          </TextLine>

          
          
          <TextLine ID="tl_37"
                    TAGREFS="LT96"
                    BASELINE="281 2204 297 2204 363 2205 592 2205 629 2204 801 2206" 
                    HPOS="281"
                    VPOS="2165"
                    WIDTH="520"
                    HEIGHT="50">
            <Shape><Polygon POINTS="281 2165 801 2165 801 2215 281 2215"/></Shape>
	    <String CONTENT="en 1828, mort en 1855."
                    HPOS="281"
                    VPOS="2165"
                    WIDTH="520"
                    HEIGHT="50"></String>
          </TextLine>

          
          
          <TextLine ID="tl_38"
                    TAGREFS="LT96"
                    BASELINE="229 2281 311 2281 504 2283 566 2282 773 2283 837 2283 1007 2284" 
                    HPOS="229"
                    VPOS="2238"
                    WIDTH="778"
                    HEIGHT="55">
            <Shape><Polygon POINTS="229 2238 1007 2238 1007 2293 229 2293"/></Shape>
	    <String CONTENT="183. Épisode de l’Histoire de Venise."
                    HPOS="229"
                    VPOS="2238"
                    WIDTH="778"
                    HEIGHT="55"></String>
          </TextLine>

          
          
          <TextLine ID="tl_39"
                    TAGREFS="LT96"
                    BASELINE="391 2348 464 2349 580 2350 666 2349 910 2355 1015 2351 1061 2351 1110 2351 1238 2351 1482 2351" 
                    HPOS="390"
                    VPOS="2294"
                    WIDTH="1090"
                    HEIGHT="66">
            <Shape><Polygon POINTS="390 2347 395 2297 424 2307 482 2300 571 2310 589 2294 639 2297 649 2307 691 2307 704 2294 738 2305 751 2294 835 2294 898 2313 998 2313 1021 2297 1063 2310 1076 2297 1110 2297 1163 2315 1233 2315 1275 2300 1330 2315 1456 2307 1474 2315 1480 2349 1472 2360 392 2352"/></Shape>
	    <String CONTENT="Une jeune fille patricienne, dont le fiancé est soupçonné"
                    HPOS="390"
                    VPOS="2294"
                    WIDTH="1090"
                    HEIGHT="66"></String>
          </TextLine>

          
          
          <TextLine ID="tl_40"
                    TAGREFS="LT96"
                    BASELINE="351 2389 479 2390 567 2390 661 2390 704 2391 772 2392 947 2392 1090 2393 1141 2393 1248 2392 1313 2393 1481 2397" 
                    HPOS="351"
                    VPOS="2358"
                    WIDTH="1130"
                    HEIGHT="43">
            <Shape><Polygon POINTS="351 2358 1481 2358 1481 2401 351 2401"/></Shape>
	    <String CONTENT="d’avoir pris part à un complot contre le Doge de Venise,"
                    HPOS="351"
                    VPOS="2358"
                    WIDTH="1130"
                    HEIGHT="43"></String>
          </TextLine>

          
          
          <TextLine ID="tl_41"
                    TAGREFS="LT96"
                    BASELINE="350 2430 398 2431 547 2432 595 2432 711 2433 766 2434 830 2434 960 2434 1012 2434 1161 2434 1196 2434 1291 2434 1482 2435" 
                    HPOS="348"
                    VPOS="2394"
                    WIDTH="1132"
                    HEIGHT="52">
            <Shape><Polygon POINTS="348 2428 353 2396 385 2394 1283 2394 1459 2396 1472 2402 1480 2433 1440 2446 1380 2436 1270 2446 1160 2446 1139 2436 1102 2446 987 2446 971 2436 950 2446 903 2436 885 2446 822 2436 767 2436 751 2446 681 2436 351 2436"/></Shape>
	    <String CONTENT="est enlevée la veille de ses noces, et traînée dans les cachots"
                    HPOS="348"
                    VPOS="2394"
                    WIDTH="1132"
                    HEIGHT="52"></String>
          </TextLine>

          
          
          <TextLine ID="tl_42"
                    TAGREFS="LT96"
                    BASELINE="349 2472 396 2472 565 2473 636 2473 722 2474" 
                    HPOS="349"
                    VPOS="2441"
                    WIDTH="373"
                    HEIGHT="33">
            <Shape><Polygon POINTS="349 2441 722 2441 722 2474 349 2474"/></Shape>
	    <String CONTENT="du tribunal des Dix."
                    HPOS="349"
                    VPOS="2441"
                    WIDTH="373"
                    HEIGHT="33"></String>
          </TextLine>

          
          
          <TextLine ID="tl_43"
                    TAGREFS="LT96"
                    BASELINE="391 2513 501 2514 610 2514 676 2517 882 2516 935 2518 1000 2517 1203 2515 1248 2516 1389 2518 1482 2517" 
                    HPOS="391"
                    VPOS="2483"
                    WIDTH="1091"
                    HEIGHT="41">
            <Shape><Polygon POINTS="391 2483 1482 2483 1482 2524 391 2524"/></Shape>
	    <String CONTENT="Après avoir été dépouillée de ses vêtements et couverte de"
                    HPOS="391"
                    VPOS="2483"
                    WIDTH="1091"
                    HEIGHT="41"></String>
          </TextLine>

          
        </TextBlock>
        

        
      </PrintSpace>
    </Page>
  </Layout>
</alto>
