2093 3429
1095.0 332.0 209.0 42.0 — 8 —

484 437 1255 64 75. Portrait d'une jeune femme, étude faite en 1844.

483 515 1074 49 76. La chute d'eau. Souvenir du Jura Suisse.

481 591 1364 66 77. Vue prise sur la Birse, dans le grand duché de Bade.

482 671 637 59 78. Effet du soir. Paysage.

484 745 937 63 79. Tête de Vierge. Fantaisie au pastel.

484 822 1208 63 80. Tête de jeune femme; costume Louis XV, idem.

1081 937 237 46 LEBOEUF.

489 1044 657 61 81. Portrait du pape Pie IX.

491 1121 628 62 82. Un Capucin, (étude).

1017 1232 355 47 LEFORESTIER.

491 1339 1094 63 82. Trois cadres de dessins, (même numéro).

534 1436 1334 79 LÉVY (Gustave), graveur, rue St-Antoine, 32, à Paris.

490 1546 923 61 83. Le roi des Belges, gravé sur acier.

492 1623 378 46 84. Rembrandt.

494 1699 898 61 85. Edelinck, graveur sous Louis XIV.

728 1813 955 73 MÉNESSIER (Auguste), peintre à Metz.

496 1933 618 48 86. Effet de clair de lune.

496 2008 411 47 87. Effet du soir.

498 2084 1330 63 88. Souvenir d’une chapelle, sur les bords de la Moselle.

500 2162 1055 63 89. Cadre de cinq dessins, (manière noire).

500 2239 1179 63 90. Trois autres cadres, idem, (même numéro).

502 2315 616 60 91. Cadre de deux sépias.

1125 2426 183 47 MOYSE.

508 2528 657 59 92. Étude de vieille femme.

509 2619 529 47 93. Portrait de M. ***.

509 2697 591 47 94. Id. de Mme. ***.

511 2773 350 45 95. Id. de
