1062 2361
37 97 318 40 ROUMANIE

100 2299 44 26 112

110 225 850 51 lorsque dans nos villages errent les troupes

108 266 852 51 d’acteurs-enfants jouant l’épisode des Rois mages

106 299 853 53 — véritable drame avec masques, semblable aux

108 342 851 51 Mystères du Moyen Age — deviennent la matière

106 387 853 49 d’une peinture narrative, qui évoque les merveil¬

109 434 851 44 leuses fresques extérieures des monastères du

109 477 388 33 nord de la Moldavie.

163 521 798 51 Chez Ethel Lucaci-Baias, cette aspiration finit

107 573 854 47 par transfigurer la réalité de laquelle elle part.

108 607 853 48 Frémissant de vie, le contenu de son graphisme

106 651 855 51 demeure diaphane, rempli de poésie à la manière

106 700 857 43 des messes que chantent journellement à la

108 742 855 39 lumière du soleil les oiseaux des deux et les

106 783 858 44 êtres marins près desquels elle vit depuis des

106 826 133 32 années.

163 869 800 47 Quant à la sculpture de Silvia Radu, elle est

106 916 859 42 pesanteur et volume, architecture intérieure et

109 964 858 43 inertie. Elle s’impose géométriquement et témoi¬

104 999 861 49 gne de sa volonté de saisir, à travers les fibres

106 1047 860 44 de la matière disposée de manière centripète,

104 1084 861 39 autour d’axes et de noyaux, le flux de l'existence.

167 1131 800 44 Pour les pays où le folklore est significatif de

106 1166 859 40 l’art vivant, les références à un monde mythique

108 1213 860 46 ne peuvent qu’ajouter un élément de poésie et

107 1257 651 41 d’unité à toute création artistique.

758 1339 209 33 Ion Frunzetti.

459 1719 191 31 PEINTURE

151 1774 822 55 Dimitrie GAVRILEAN, né en 1942 à Güra Humorului

152 1823 174 31 (Roumanie).

118 1853 693 49 1 La danse de la vie, 1969 (huile, 137 x 117).

118 1888 522 46 2 Le temps, 1969 (huile 70 x 70). ,

118 1922 857 49 3 La fête de ta nouvelle année, 1969 (huile, 110 x 170).

437 2037 228 32 SCULPTURE

148 2102 765 42 Silvia RAOU, née en 1935 à Pietroaia (Roumanie).

114 2132 613 55 4 Colonne, 1969 (pierre, 148 x 43 x 43).

115 2182 649 37 5 Maternité, 1969 (bronze, 155 x 32 x 40).

115 2215 615 37 6 Etendards, 1969 (acier, 61 x 60 x 60).
