1563 2700
801 177 163 66 ( 26 )

360 276 1083 59 Ce tableau, peint en 1784, est la répétition d’un

301 333 1142 76 plus grand. Le peintre a fait dans celui-ci d'heu¬

302 416 425 54 reux changements.

394 616 950 72 DEMARNE (Jean-Louis), né à Bruxelles.

302 719 1135 65 23. Le départ pour une noce de village.

461 814 978 74 Des hommes, des femmes, et des enfants,

406 900 1032 53 montés sur une voiture à quatre chevaux,

405 956 1031 70 partent pour la noce; un ménétrier fait partie

406 1037 1032 54 de ce joyeux équipage. Une femme qui garde

405 1106 1033 54 ses bestiaux indique à ces voyageurs la route

407 1163 471 65 qu'ils doivent suivre.

461 1230 975 63 Cette scène se passe au soleil levant, sur un

405 1300 1034 68 chemin au bord d’une haie, dans une campa¬

400 1370 1039 61 gne pittoresque de Franche-Comté, enrichie

407 1440 1032 63 d’arbres et de montagnes, dont plusieurs se

410 1518 545 39 détachent sur l’horizon.

299 1773 1137 72 DROLLING, né à Paris, ancien pensionnaire de

693 1857 365 40 France à Rome.

305 1970 861 67 24. Orphée perdant Eurydice.

299 2054 1110 90 Presque aux portes du jour, trouble, hors de lui-même,

297 2135 898 61 Il s’arrête, il se tourne, il revoit ce qu’il aime.

297 2198 988 74 C’en est fait, un coup-d’œil a détruit son bonheur.
