2550 3299
1098.0 404.0 206.0 41.0 — 81 —

1775.0 419.0 106.0 28.0 SALA

631 501 1113 56 Coleman Enrico. — N. a Roma il 21 giu¬

545 569 1200 55 gno 1846. Suo padre era un valente pittore, in¬

542 635 1204 56 glese di nascita, il quale venuto a Roma per stu¬

543 703 1200 56 diarne le gallerie artistiche, s’innamorò talmente

547 772 1196 55 della campagna romana che pose stanza nella

542 838 1200 55 grande città e vi rimase fino alla morte. Il Coleman

547 908 1195 55 non ebbe bisogno di inscriversi in una Accademia;

541 974 1201 58 diventò pittore frequentando lo studio paterno.

554 1043 1189 56 «Quel tanto che faccio — egli scrive argutamente

540 1107 1202 59 — è il frutto spontaneo di ciò che credo una

546 1179 538 44 malattia ereditaria».

629 1309 1225 55 67 Sul gran Sasso d’Italia (Settembre). F

626 1524 1117 67 Collier John. — N. a Londra nel 1850. È il

539 1604 1200 56 secondogenito d' un lord, che tenne in Inghil¬

541 1672 1199 52 terra uffici eminenti. Gli fu maestro, nella sua

543 1738 1199 56 adolescenza, il Poynter, e, quando si recò al¬

540 1806 1201 55 l'estero a scopo di perfezionamento, studiò a Pari¬

543 1872 1198 60 gi sotto la guida di Jean Paul Laurens. Più tardi

547 1939 1198 58 fu discepolo di Alma Tadema. Cominciò ad espor¬

540 2008 1202 55 re nel 1876 al Salon parigino un suo quadro

551 2075 1188 56 «Andrea dal Castagno». Oltre ad una serie rag¬

537 2141 1205 59 guardevole di ritratti, ha condotto a termine molti

539 2210 1200 57 quadri segnalati di genere storico, come «L’ulti¬

542 2279 1200 57 mo viaggio di Enrico Hudson» «La morte

539 2345 1199 57 di Cleopatra», «Un bicchiere di vino con Ce¬

533 2416 389 55 sare Borgia».

621 2532 1221 57 68 Ninfa del bosco. A

1742 2630 24 39 6
