1062 2361
37.0 97.0 318.0 40.0 ROUMANIE

459.0 1719.0 191.0 31.0 PEINTURE

153.0 1782.0 822.0 45.0 Dimitrie GAVRILEAN, né en 1942 à Güra Humorului

152.0 1823.0 174.0 31.0 (Roumanie).

120.0 1864.0 692.0 38.0 1 La danse de la vie, 1969 (huile, 137 x 117).

119.0 1897.0 852.0 42.0 2 Le temps, 1969 (huile 70 x 70). ,

119.0 1924.0 858.0 45.0 3 La fête de ta nouvelle année, 1969 (huile, 110 x 170).

437.0 2037.0 228.0 32.0 SCULPTURE

148.0 2102.0 765.0 42.0 Silvia RAOU, née en 1935 à Pietroaia (Roumanie).

115.0 2148.0 613.0 38.0 4 Colonne, 1969 (pierre, 148 x 43 x 43).

115.0 2182.0 649.0 37.0 5 Maternité, 1969 (bronze, 155 x 32 x 40).

115.0 2215.0 615.0 37.0 6 Etendards, 1969 (acier, 61 x 60 x 60).

100.0 2299.0 44.0 26.0 112

110 225 850 51 lorsque dans nos villages errent les troupes

108 266 852 51 d’acteurs-enfants jouant l’épisode des Rois mages

106 310 855 43 — véritable drame avec masques, semblable aux

109 351 852 43 Mystères du Moyen Age — deviennent la matière

107 393 854 44 d’une peinture narrative, qui évoque les merveil¬

109 434 851 44 leuses fresques extérieures des monastères du

109 477 388 33 nord de la Moldavie.

165 532 798 44 Chez Ethel Lucaci-Baias, cette aspiration finit

107 573 854 47 par transfigurer la réalité de laquelle elle part.

109 616 853 45 Frémissant de vie, le contenu de son graphisme

107 657 856 44 demeure diaphane, rempli de poésie à la manière

106 700 857 43 des messes que chantent journellement à la

108 742 855 39 lumière du soleil les oiseaux des deux et les

106 783 858 44 êtres marins près desquels elle vit depuis des

106 826 133 32 années.

164 880 801 43 Quant à la sculpture de Silvia Radu, elle est

107 922 859 43 pesanteur et volume, architecture intérieure et

109 964 858 43 inertie. Elle s’impose géométriquement et témoi¬

105 1006 862 42 gne de sa volonté de saisir, à travers les fibres

106 1047 860 44 de la matière disposée de manière centripète,

106 1090 860 43 autour d’axes et de noyaux, le flux de l'existence.

167 1131 800 44 Pour les pays où le folklore est significatif de

108 1172 860 43 l’art vivant, les références à un monde mythique

108 1213 860 46 ne peuvent qu’ajouter un élément de poésie et

107 1257 651 41 d’unité à toute création artistique.

758 1339 209 33 Ion Frunzetti.
