2057 3133
1036.0 454.0 215.0 48.0 — 78 —

727 540 984 46 SACHY (Henri DE), élève de P. Colin, A. Ca¬

779 588 862 47 banel, E. Dubof et Mazerolles, né à Paris.

772 654 549 45 Paris, Ecole des Beaux-Arts.

557 728 458 50 689 — Au printemps.

724 849 798 49 SAGE (Mlle Gabrielle LE), née à Paris.

773 909 427 48 Paris, 57, rue Pigalle.

554 987 616 49 690 — Pivoines et Aubépine.

556 1035 335 36 691 — Pensées.

725 1155 967 48 SAIN (Paul), élève de Guilbert d’Anelle et Gé

769 1204 429 47 rôme, né à Avignon.

771 1263 510 47 Paris, 33, rue du Dragon.

555 1340 1019 50 692 — Le châtaigneraie du château de Corbeville.

554 1388 859 49 693 — Le Pont Saint-Bénézet à Avignon.

553 1435 610 49 694 — Le Rhône à Avignon.

721 1556 978 49 SARAZIN (Mlle Marguerite), élève de Damas,

769 1604 367 36 née à Charleville.

770 1663 646 46 Charleville, 8, rue Victor-Cousin.

549 1734 557 56 695 — Reines-Marguerite.

556 1782 721 56 696 — Pommes et chrysanthèmes.

550 1838 600 39 697 — Giroflées et narcisses.

554 1885 467 36 698 — Fleurs de Nice.

720 2003 981 50 SCHIFF(J.-M.), élève de l’Ecole des Beaux-Arts

767 2050 931 51 de Nancy, né à Rettel-les-Siercke (Lorraine).

769 2111 582 48 Nancy, 3 bis, rue de La Salle.

539 2190 568 39 699 — Portrait de M. A...

551 2238 553 38 700 — id. M. M...

548 2286 584 44 701 — id. Mme H...

552 2334 583 45 702 — id. MlIe D...

551 2382 297 42 703 — Etude.
