1424 2299
95 200 1145 38 21 Bertier de Sauvigny (L.-B.-F.), intendant de Paris, une des

147 231 1087 60 premières victimes de la Révolution de 1789. — Let. sig., 1 p.

150 273 1091 27 in-4. 2 »

93 296 1145 58 22 Bignon, député d’Ille-et-Vilaine à la Convention. — L. a. s.,

151 343 1091 37 1 p. in-8. 4 »

95 371 1146 46 23 Blanc (Louis), historien et homme d’Etat. — L. a. s. à M. Jules

151 414 1091 37 Grévy; Paris, 3 avril 1873, 1 p. in-8. 5 »

184 451 1060 32 Curieuse lettre où il approuve les sentiments qui lui ont été exprimés

152 482 1091 32 par ses amis de l’Union républicaine, à l’occasion de la démission

151 512 959 32 de M. Jules Grévy comme Président de l’Assemblée nationale.

97 543 1149 37 24 Blucher (G-ebhard-Lebrecht), feld-maréchal, généralissime des

151 579 1095 37 armées prussiennes en 1814 et 1815, né en 1742, mort en 1819.—

149 609 1096 40 Pièce sig., 1809, 1 p. in-4 obi., cachet. Rare. 8 »

98 650 1151 37 25 Boieldieu (Adrien), l’auteur de la Dame Blanche. — L. a. s. à

151 686 1097 37 Charles Mesvil, directeur du Franc Parleur , 1824, 1 p. 1/2

154 721 1092 28 in-8. 10 >»

184 758 1064 32 Jolie lettre par laquelle il refuse de prendre des actions dans le jour¬

157 789 1090 32 nal de son ami Mesvil. Il craint de compromettre son indépendance,

156 819 1093 33 puis d’influencer les rédacteurs qui devront faire les comptes-rendus de

156 851 1093 33 ses ouvrages. « Un artiste, dit-il, doit éviter de prêter le flanc à la

157 882 750 28 méchanceté, et ce monde abonde en méchants. »

101 900 1146 52 26 Boissy d’Anglas, célèbre conventionnel, de l’Institut. —

155 949 1095 38 L. a. s. au préfet de la Loire-Inférieure; Nantes, 15 février

156 985 1093 37 1814, 1 p. in-fol. 5 »

186 1022 1062 30 Curieuse lettre écrite comme commissaire extraordinaire envoyé à

156 1053 1094 32 Nantes. Il lui mande que, dans les circonstances actuelles, il est urgent

154 1083 1095 33 d’organiser la garde urbaine de cette ville, et l’invite à prendre sans

155 1115 997 32 délai les mesures nécessaires pour en compléter les compagnies.

101 1146 1147 38 27 Bonaparte (Joseph), roi de Naples. — Let. sig. au roi Louis,

155 1182 1092 37 son frère; Florence, 30 avril 1842, 1/2 p. in-4. 4 »

188 1217 1061 33 M. Piana, qui a toute sa confiance, l’entretiendra de sa part des

159 1249 1091 32 affaires de son frère Jérôme, « afin de pouvoir les terminer sans délai

157 1280 1093 32 et d’une manière digne de nous deux. » — Pièce curieuse par la signa¬

157 1312 1090 32 ture qui est toute tremblée et qui ressemble beaucoup à celle d’un

157 1343 131 25 vieillard.

104 1374 1144 37 28 Bonaparte (Lucien), prince de Canino, frère de Napoléon I er .

157 1410 1093 37 — Let. sig. au citoyen Dubois-Thainville, commissaire fran¬

157 1445 1094 39 çais d’Alger à Alicante; Aranjuez, 28 ventôse an IX, 1 p. 1/2

159 1474 1090 36 ïn-fol. 3 »

189 1516 1061 32 Curieuse lettre relative à l’outrage commis par un officier espagnol

159 1548 1092 31 contre Dubois-Thainville. En sa qualité d’embassadeur de la Répu¬

161 1579 1089 32 blique française, il était décidé à demander prompte réparation au

159 1610 1092 33 gouvernement espagnol; mais, pour lui être agréable, il renonce à

160 1642 292 25 suivre cette affaire.

105 1672 1145 37 29 Bonifacio (Jean), célèbre historien et jurisconsulte italien du

157 1701 1094 40 xvi e siècle, né à Rovigo en 1547, mort en 1635. — L. a. s. à

160 1743 1091 38 Barthélemy Burchellato; Bergame, 9 octobre 1593, 1 p. in-fol.,

159 1780 1091 36 traces de cachet. Léger raccommodage. 4 »

108 1819 1143 38 30 Bonnat (J.-F.-L.j, célèbre peintre français contemporain,

160 1848 1091 43 auteur du Portrait de M. Thiers , élève de Sladrazo et ae Léon

160 1890 1090 37 Cogniet, né à Bayonne. — L. a. s., 1866, 1 p. in-18. 5 »

105 1921 1146 44 31 Borghèse (le prince Camille), second mari de Pauline Bona¬

160 1959 1093 48 parte. — Let. sig. à Gaudin, duc de Gaëte; Turin, 9 oc¬

160 2000 1091 32 tobre 1810, 1 p. in-4. 3 »

194 2038 1060 31 Curieuse lettre relative à la suppression, dans son gouvernement,

161 2069 1093 32 des nombreux couvents c[ui s’y trouvaient encore à cette époque; cette

162 2094 1089 68 mesure a pu s’exécuter à son entière satisfaction. Seulement, il a tou-
