1560 2653
390 201 448 235 22

762 198 1072 234 ADOLPHE.

388 302 674 353 contredire
708 321 800 368 par
837 304 924 352 des
965 305 1307 368 plaisanteries
1343 323 1438 371 que

387 409 500 449 tout
519 402 565 449 le
588 401 775 450 monde
793 401 1084 465 applaudit,
1105 401 1175 449 les
1195 403 1344 466 règles
1359 403 1440 451 di¬

387 511 543 551 rectes
567 503 723 566 qu’on
741 503 854 551 leur
870 522 898 551 a
914 504 1156 553 données.
1179 506 1267 553 Ces
1292 507 1439 570 règles

387 622 453 653 ne
468 613 582 654 sont
600 606 714 669 plus
740 607 768 653 à
793 607 928 654 leurs
953 623 1091 671 yeux
1118 625 1218 671 que
1239 607 1325 656 des
1342 609 1441 657 for¬

386 706 550 754 mules
580 708 779 756 banales
810 726 910 771 que
944 709 1081 757 leurs
1113 727 1296 773 parens
1330 719 1439 759 sont

387 825 648 857 convenus
667 811 729 857 de
745 810 858 858 leur
879 813 1076 875 répéter
1094 828 1223 875 pour
1240 811 1441 876 l’acquit

385 908 448 957 de
465 910 578 958 leur
594 911 912 976 conscience,
942 922 990 960 et
1007 913 1077 961 les
1101 912 1440 977 plaisanteries

385 1009 499 1058 leur
528 1013 775 1061 semblent
810 1014 1090 1063 renfermer
1118 1014 1165 1061 le
1202 1015 1440 1063 véritable

387 1119 543 1159 secret
559 1112 621 1160 de
638 1113 685 1160 la
710 1115 808 1163 vie.

452 1213 764 1262 Tourmenté
778 1215 929 1263 d’une
946 1218 1170 1264 émotion
1191 1234 1376 1280 vague,
1396 1218 1438 1278 je

387 1330 525 1362 veux
562 1315 666 1363 être
703 1315 864 1380 aimé,
900 1334 981 1364 me
1020 1317 1270 1381 disais-je,
1313 1325 1362 1364 et
1394 1319 1436 1379 je

386 1415 632 1478 regardais
653 1424 839 1463 autour
859 1416 921 1464 de
940 1418 1044 1465 moi
1063 1438 1075 1480 ;
1105 1419 1151 1480 je
1183 1435 1247 1465 ne
1268 1416 1438 1481 voyais

385 1533 636 1580 personne
663 1519 755 1582 qui
786 1519 1067 1583 m’inspirât
1100 1519 1162 1566 de
1194 1520 1437 1577 l’amour,

384 1635 634 1681 personne
650 1620 740 1682 qui
755 1637 835 1668 me
846 1619 995 1684 parût
1012 1621 1310 1684 susceptible
1326 1621 1434 1668 d’en

383 1720 615 1782 prendre.
652 1720 1018 1785 J’interrogeais
1055 1741 1178 1770 mon
1213 1741 1355 1772 cœur
1389 1731 1433 1770 et

384 1839 488 1868 mes
518 1821 688 1885 goûts;
729 1824 776 1885 je
826 1841 889 1871 ne
933 1842 1013 1871 me
1050 1825 1233 1873 sentais
1269 1842 1432 1873 aucun

384 1931 715 1972 mouvement
756 1924 817 1972 de
842 1925 1147 1988 préférence.
1183 1928 1239 1976 Je
1271 1925 1429 1990 m’agi¬

384 2023 475 2070 tais
501 2025 630 2072 ainsi
662 2026 1114 2091 intérieurement,
1153 2028 1354 2091 lorsque
1390 2027 1431 2086 je

380 2123 440 2172 fis
457 2126 810 2178 connaissance
829 2147 948 2180 avec
967 2130 1011 2178 le
1031 2138 1192 2179 comte
1211 2129 1271 2177 de
1287 2129 1427 2189 P***,
