2300 3643
989 485 1068 518 LES
1092 486 1281 521 FEMMES
1307 487 1368 521 DU
1394 487 1547 523 CAIRE.

610 487 654 518 LO

615 584 653 631 si
672 584 785 647 petit
805 584 1021 645 seigneur
1042 600 1133 647 que
1149 587 1257 633 moi.
1278 587 1399 635 C’est
1419 588 1444 635 à
1464 587 1769 649 Alexandrie,
1787 605 1865 637 sur
1884 590 1927 639 le

611 687 723 740 pont
741 678 805 725 du
828 678 996 725 bateau
1022 678 1048 725 à
1074 681 1249 741 vapeur
1276 681 1314 726 le
1339 680 1565 728 Léonidas
1571 717 1583 739 ,
1614 682 1727 742 qu’il
1754 683 1928 730 m’était

616 785 792 833 apparu
819 769 934 816 dans
960 775 1086 816 toute
1112 785 1161 817 sa
1187 771 1349 832 gloire.
1369 772 1401 818 Il
1420 774 1543 820 avait
1568 776 1750 821 accosté
1777 775 1816 821 le
1836 789 1926 823 na¬

612 863 712 909 vire
733 877 846 910 avec
867 878 959 909 une
983 863 1160 924 barque
1184 864 1207 910 à
1237 879 1311 910 ses
1342 864 1520 922 ordres,
1553 871 1694 927 ayant
1723 881 1783 911 un
1815 866 1925 928 petit

611 956 712 1004 noir
732 971 849 1019 pour
871 962 1021 1018 porter
1040 972 1091 1003 sa
1114 957 1282 1018 longue
1300 958 1405 1019 pipe
1422 963 1468 1004 et
1494 973 1553 1003 un
1574 958 1797 1019 drogman
1820 960 1927 1021 plus

608 1050 749 1108 jeune
785 1062 902 1109 pour
936 1048 997 1094 lui
1030 1048 1141 1094 faire
1168 1050 1372 1108 cortège.
1405 1048 1503 1094 Une
1541 1048 1707 1110 longue
1733 1050 1927 1110 tunique

612 1141 808 1186 blanche
832 1140 1041 1187 couvrait
1059 1154 1134 1185 ses
1151 1139 1304 1185 habits
1326 1146 1370 1185 et
1391 1139 1541 1185 faisait
1561 1141 1772 1187 ressortir
1787 1141 1830 1188 le
1850 1148 1927 1187 ton

612 1231 670 1278 de
695 1246 742 1277 sa
765 1231 930 1292 figure,
955 1230 1014 1278 où
1039 1231 1081 1276 le
1109 1245 1221 1291 sang
1239 1231 1411 1277 nubien
1436 1232 1624 1278 colorait
1649 1247 1713 1278 un
1736 1248 1928 1294 masque

611 1320 855 1381 emprunté
874 1333 968 1363 aux
996 1315 1112 1363 têtes
1137 1316 1195 1364 de
1221 1316 1390 1379 sphinx
1414 1317 1471 1363 de
1499 1307 1711 1381 l’Égypte
1734 1337 1748 1378 ;
1778 1319 1930 1365 c’était

611 1427 718 1458 sans
738 1411 877 1457 doute
898 1411 940 1457 le
962 1409 1148 1472 produit
1167 1409 1224 1456 de
1244 1409 1371 1456 deux
1396 1424 1525 1457 races
1548 1410 1841 1471 mélangées;
1872 1410 1930 1457 de

615 1506 763 1565 larges
790 1517 1006 1550 anneaux
1040 1503 1141 1549 d’or
1164 1504 1373 1564 pesaient
1408 1504 1432 1550 à
1459 1519 1533 1550 ses
1561 1504 1763 1563 oreilles,
1798 1510 1844 1551 et
1879 1519 1930 1550 sa

614 1597 800 1643 marche
826 1595 1061 1642 indolente
1095 1595 1211 1642 dans
1245 1611 1319 1643 ses
1347 1597 1480 1657 longs
1500 1596 1758 1644 vêtements
1785 1596 1930 1642 ache¬

614 1690 708 1735 vait
751 1689 858 1736 d’en
896 1689 1008 1735 faire
1052 1703 1172 1751 pour
1207 1690 1299 1735 moi
1339 1690 1381 1736 le
1415 1690 1606 1752 portrait
1638 1689 1760 1736 idéal
1817 1688 1930 1736 d’un

613 1780 833 1827 affranchi
859 1780 921 1828 du
945 1781 1029 1828 bas
1051 1783 1243 1844 empire.

679 1874 713 1919 Il
737 1874 816 1936 n’y
844 1875 966 1921 avait
995 1888 1077 1937 pas
1102 1874 1343 1935 d’Anglais
1375 1875 1518 1936 parmi
1564 1875 1630 1921 les
1654 1887 1895 1936 passagers
1912 1890 1924 1930 ;

615 1972 747 2014 notre
765 1967 949 2014 homme
968 1983 1030 2013 un
1046 1983 1136 2029 peu
1153 1968 1401 2027 contrarié,
1415 1967 1637 2013 s’attache
1655 1967 1679 2013 à
1699 1967 1791 2012 moi
1806 1966 1931 2011 faute

614 2057 673 2103 de
697 2057 873 2103 mieux.
901 2057 1030 2103 Nous
1063 2057 1391 2118 débarquons;
1431 2057 1462 2102 il
1488 2058 1591 2103 loue
1622 2060 1785 2117 quatre
1820 2054 1932 2101 ânes

615 2162 734 2209 pour
752 2148 846 2206 lui,
876 2162 992 2209 pour
1016 2162 1066 2193 sa
1088 2148 1206 2194 suite
1231 2156 1278 2194 et
1299 2162 1415 2209 pour
1442 2147 1553 2205 moi,
1581 2152 1626 2193 et
1647 2160 1721 2192 me
1743 2143 1933 2191 conduit

614 2246 712 2286 tout
732 2240 851 2288 droit
884 2240 910 2286 à
933 2238 1089 2285 l’hôtel
1111 2239 1454 2300 d’Angleterre,
1480 2239 1540 2286 où
1565 2239 1657 2284 l’on
1681 2242 1792 2284 veut
1823 2236 1932 2282 bien

616 2347 690 2378 me
709 2332 914 2378 recevoir
929 2336 1214 2393 moyennant
1235 2332 1449 2378 soixante
1470 2331 1664 2392 piastres
1690 2343 1773 2390 par
1791 2328 1898 2388 jour
1915 2344 1929 2383 ;

619 2427 763 2481 quant
790 2422 816 2467 à
851 2420 1110 2477 lui-même,
1148 2421 1178 2464 il
1212 2420 1393 2466 bornait
1428 2434 1502 2464 ses
1528 2419 1811 2479 prétentions
1837 2416 1863 2461 à
1889 2416 1931 2460 la

622 2513 775 2558 moitié
800 2512 858 2559 de
878 2518 996 2558 cette
1017 2526 1210 2568 somme,
1237 2526 1316 2557 sur
1337 2508 1538 2570 laquelle
1567 2509 1597 2553 il
1623 2522 1673 2553 se
1698 2505 1932 2566 chargeait

621 2604 922 2650 d’entretenir
946 2604 986 2648 le
1012 2602 1184 2648 second
1205 2602 1426 2661 drogman
1446 2606 1492 2647 et
1514 2601 1555 2646 le
1582 2599 1692 2661 petit
1712 2596 1826 2643 noir.

687 2695 836 2756 Après
866 2694 995 2739 avoir
1030 2695 1249 2755 promené
1277 2698 1373 2737 tout
1402 2692 1443 2737 le
1474 2692 1580 2750 jour
1614 2695 1732 2735 cette
1758 2692 1934 2733 escorte

621 2790 897 2851 imposante,
911 2786 958 2846 je
977 2784 1187 2832 m’avisai
1207 2783 1265 2830 de
1287 2781 1510 2829 l’inutilité
1525 2780 1587 2827 du
1605 2778 1775 2826 second
1797 2777 1933 2838 drog-
