5866 9112
2691 734 3321 866 -6-

1091 952 4968 1118 34. BONAPARTE (Létitia), Madame, mère de l’empereur

1554 1111 5025 1266 Napoléon. N. 1750. M. 1836.

1524 1259 4958 1396 1° L. aut. sig. à son fils Lucien Bonaparte. Paris, 2 germinal

1400 1385 2952 1503 an IX, une page in-4. Cachet.

1495 1501 4970 1618 Elle profite du départ du citoyen.... pour lui donner de ses nouvelles. Elle

1395 1601 4973 1722 se porte bien, et ne soupire qu'après le moment désiré où elle pourra le serrer

1389 1701 4967 1802 dans ses bras. Elisa et Charlotte vont à merveille et s’unissent à Louis

1390 1803 4760 1913 pour l’embrasser.... Elle finit en l’assurant de sa tendresse maternelle.

1520 1935 4960 2062 2° Sur la même lettre, L. aut. sig. du cardinal Fesch, à son ne¬

1393 2057 3194 2175 veu, Lucien Bonaparte. On y lit:

1491 2171 4967 2290 « Je désire bien votre retour; je pourrai alors partir de Paris sans le

1390 2271 4965 2392 « chagrin de laisser ma sœur sans personne qui lui donne des soins parti¬

1386 2371 4970 2476 « culiers.... Berthier a donné hier une belle fête, mais les ambassadeurs

1388 2473 4962 2590 « trouvent bien étrange qu’un gouvernement si puissant ait si peu de repré¬

1387 2571 4966 2690 « sentation. Ils sont obligés d’aller passer leurs soirées chez les banquiers

1387 2673 4965 2790 « ou chez les ci-devant, qui sont les ennemis du gouvernement. Pas un

1387 2771 4969 2890 « ministre ne reçoit. Le public s’aperçoit bien du vide que vous faites. Pas

1384 2869 4967 2990 « un feu d’artifice pour égayer le peuple; aussi point d’élans, point de

1388 2973 1866 3075 « joie.... »

1083 3144 4096 3301 35. BONAPARTE (Létitia), Madame, idem.

1523 3299 4945 3430 L. sig. BONAPARTE MÈRE, au citoyen Berthier, ministre de la

1392 3425 3853 3550 guerre. Paris, 4 frimaire an XII, 1 page in-4.

1490 3541 4964 3660 Pressante recommandation en faveur du citoyen Marius Clary, pour lui

1381 3639 4960 3762 faire obtenir promptement son brevet d’aide de camp près le général Sé¬

1377 3741 4957 3856 bastiani. Elle espère qu’il aura du plaisir à faire une chose qui lui sera

1381 3843 1803 3942 agréable.

1088 4036 4180 4195 36. BONAPARTE (Joseph), ex-roi d’Espagne.

3743 4197 4950 4324 N. 1768. M. 1844.

1509 4347 4959 4476 L. aut. sig. à son frère Lucien. Naples, 24 novembre 1806,

1402 4469 2445 4587 1 grande page in-4.

1490 4587 4962 4704 « .... Nous faisons toujours la guerre des Chouans; les Anglais viennent

1376 4685 4964 4804 « de nous envoyer encore quelques milliers de brigands, qui seront bientôt

1379 4783 4962 4906 « culbutés, mais qui fatigueront toujours nos troupes, et feront quelque

1379 4883 4601 5005 « mal aux habitants du pays ; ils pillent, ils volent, tuent et fuient. »

1078 5076 4957 5240 37. BONAPARTE (Julie), ex-reine d’Espagne, femme de

1546 5233 2010 5377 Joseph.

1503 5387 4955 5518 L. nul. sig. à son cher frère, le prince Lucien. Spolette, 28 mars

1403 5509 2663 5628 1808. 1 page petit in-4.

1472 5621 4949 5744 Elle arrive à l’instant et va continuer sa route pour Naples. Elle ne fera

1372 5725 4944 5840 que changer de chevaux à Rome la nuit du 29 au 30, et elle n’ose lui pro¬

1368 5825 4958 5939 poser de la venir voir incognito à Albano, où elle passera le 30, à huit

1374 5921 4948 6046 cures du matin, et s’y arrêtera une heure dans l’espérance de le voir. Il

1369 6023 4225 6145 serait bien aimable de lui procurer le plaisir de l’embrasser.

1462 6121 4951 6246 Sur la même lettre se trouve le brouillon autographe de la réponse du

1364 6223 4950 6338 prince Lucien à sa sœur; motifs de son refus de se trouver au rendez-vous

1364 6321 3586 6437 qu’elle lui indique. 2 pag. in-4°. Très-curieuse.

1063 6498 4193 6679 38. BONAPARTE (Lucien), prince de Canino.

3718 6687 4941 6804 N. 1775. M. 1840.

1488 6829 4702 6959 L. aut. sig. à M. Patorni. Londres. 4 mai 1838. 1 page in-4.

1455 6945 4944 7066 Il a reçu sa lettre, et trouve sa réponse à M. Laffite si forte de raison et

1353 7043 4945 7164 de précision, qu’il a été étonné lorsqu’il a appris l'opinion du procureur du

1359 7143 4945 7268 roi... la remise de la sentence ne lui plaît pas davantage.... « Est-ce qu’il

1348 7239 4943 7366 « n’y aurait donc pas plus de justice civile en France que de justice poli¬

1348 7345 1998 7447 « tique, etc. »
