5866 9100
2698 587 3273 705 -4-

1356 789 4899 934 lui avoir accordé son pardon;.... Protestations de fidélité et de dévouement

1353 899 2374 1015 pour son service, etc.

1061 1040 4895 1246 19. BELLIÈVRE (Pomponne de), chancelier de France.

3708 1245 4895 1368 N. 1529. M. 1607.

1501 1369 4902 1520 L. aut. sig. à M. de Villeroy Paris, 11 mai 1604. 1 page in fol.

1442 1490 4457 1622 Relative à une procédure contre les huguenots. Détails curieux.

1046 1628 4299 1807 20. BELZUNCE (Henri de), évêque de Marseille.

3677 1805 4898 1930 N. 1671. M. 1755.

1468 1934 4897 2084 L. aut. sig. au cardinal de Fleury. Ce 15 août 1739. 3 pages in-4.

1443 2050 4906 2190 Il supplie Son Eminence d’écouter favorablement la justification des deux

1338 2149 4903 2284 chanoines d’Arras qui viennent d’être exilés, étant très-innocents d’une

1339 2249 4908 2390 faute que l'esprit de parti leur a imputée ; leur punition, faisant triompher

1342 2347 3967 2479 les ennemis de l'Eglise, fait grand tort à la religion, etc.

1036 2458 4222 2662 21. BÉRANGER, notre poëte national. N. 1780.

1473 2640 4900 2790 L. aut. sig. au rédacteur du journal le Pilote. Du 14 février

1352 2763 2799 2891 1823. 2 grandes pages in-4.

1443 2878 4902 3018 Relative à sa mise en jugement en police correctionnelle, pour la saisie

1336 2977 4901 3114 d'une nouvelle contrefaçon de ses chansons, dont on le rend responsable....

1335 3077 4900 3220 « C’est-à-dire que moi, propriétaire lésé, je vais comparaître comme pré¬

1338 3179 4901 3320 « venu avec ceux que je serais en droit de poursuivre, si ce droit ne m’eût

1341 3277 3278 3391 « été interdit, etc. » Détails très curieux.

1043 3434 4899 3608 22. BERNIER (L’abbé), l’un des chefs des armées ven¬

1502 3593 4885 3766 déennes, depuis évêque d’Orléans. N. 1764. M. 1806.

1477 3742 4902 3890 L. pastorale aut. sig. au clergé et aux fidèles de son diocèse.

1352 3863 4907 4012 Datée d’Orléans, du palais épiscopal. Le 5 février 1806. 2 pages

1351 3985 1598 4076 in-4.

1039 4134 4438 4308 23. BERNOUILLI (Daniel), savant mathématicien.

3674 4317 4885 4444 N. 1700. M. 1782.

1482 4445 4899 4588 L. aut. sig. à M. de La Condamine. Bâle, 18 mars 1754. Belle

1357 4563 4900 4718 lettre toute littéraire et scientifique. 3 grandes pages in-4 ; avec

1350 4689 1711 4781 cachet.

1056 4835 4896 5012 24. BERRY (Ch.-Ford., duc de). N. 1778. Assass. en 1820.

1487 4995 4908 5142 L. aut. au comte de Damas. De Hartwell, 2 mai 1810. Détails

1362 5115 2981 5244 confidentiels. Demi-page in-4.

1066 5269 4910 5450 25. BERTHIER (Alexandre), prince de Neufchâlel et de

1521 5429 4900 5598 Wagram, maréchal de France. N. 1759. M. 1815.

1496 5583 4907 5736 L. aut. sig. au maréchal.... Munich , 13 février 1806.1 page in-4.

1463 5698 4908 5840 Comme c'est toujours le plus tard possible qu’il fait usage des choses qui

1370 5794 4917 5943 peuvent affliger ses camarades, il le prie de considérer tout ce qu’il lui a dit

1369 5894 3802 6014 concernant le général G... comme nul et non avenu.

1075 6033 4906 6226 26. BERTON (Jean-Baptiste), général de la République et

1538 6191 4907 6370 de l’Empire; entraîné dans la conspiration de Saumur,

1542 6347 4916 6521 par des agents provocateurs, il fut arrêté, livré à une

1549 6501 4910 6669 commission militaire, condamné à mort et exécuté à

1538 6651 2589 6777 Poitiers en 1822.

1514 6803 4909 6959 L. aut. sig. au duc de Feltre, ministre de la guerre. De la maison

1391 6922 4792 7077 d’arrêt de l’Abbaye, 8 mai 1816. 1 grande page et demie in-fol.

1502 7039 4911 7189 Il demande qu'on mette un terme à sa détention, qui dure depuis cinq

1382 7138 2230 7228 mois. Belle lettre.
