5866 9062
2636 587 3205 715 -3-

1009 810 4845 965 12. ANQUETIL-DUPERRON (Abraham-Hyacinthe), cé¬

1461 964 4839 1094 lèbre orientaliste. N. 1731. M. 1805.

1427 1118 4848 1242 L. aut. sig. à Monseig. Paris, 24 décembre 1782. 3 pages in-4.

1402 1234 4854 1354 « Quel changement! je lis, je relis la Gazelle ; j’ai peine à en croire mes

1310 1332 4850 1449 « yeux. La France, demander aux Anglois des possessions dans l’Inde! Il

1306 1432 4860 1547 « est donc passé ce temps désastreux où l’habitude des affronts nous tenoit

1308 1534 4756 1647 « dans un silence léthargique, etc. » Lettre d’un grand intérêt politique.

1020 1674 4859 1823 13. ARLINGTON (Henri Bennet, comte d'), ministre sous

1477 1824 4863 1970 Charles II, roi d'Angleterre. N. 1618. M. 1685.

1453 1974 4863 2098 L. aut. sig. à son Eminence... Lundi au matin, à dix heures.

1321 2101 3265 2225 Détails diplomatiques. 1 page in-fol.

1036 2246 4860 2399 14. ARNOULD (Sophie), célèb. actrice. N. 1744. M. 1803,

1452 2402 4870 2526 L. aut. sig. au citoyen Bellanger. Paris, 15 br. an X. 3 pages In-4.

1388 2516 4884 2631 Elle l’entretient de ses souffrances, de la dureté des temps, qui lui fait

1324 2618 4882 2733 crier misère, du ministre Chaplal et de l’administrateur Cellerier, desquels

1324 2716 4889 2831 elle ne peut tirer le sol « Je veux bien croire que dans le moment ils n’ont

1325 2816 4887 2933 « pas de l’argent à remuer à la pelle, mais je crois que leurs cœurs sont en¬

1329 2914 4881 3029 « core plus secs que leurs coffres-forts.... Ah! maudite espèce humaine;

1335 3014 4891 3131 « est-ce une vilaine engeance que tous ces mirmidons-là.... drôles de poli¬

1331 3112 4893 3233 « chinelles! Quand ils sont sur des tresteaux qui les élèvent un peu plus

1331 3214 4894 3331 « que les autres, je parie que ces sots-là se croyent des personnages, qu’ils

1336 3312 4898 3427 « croyent jouer un rôle quand ils ne jouent que la farce! et quelle farce

1336 3435 2124 3507 « encorre! etc. »

1052 3548 4900 3707 15. BAERLE, Barlaeus (Gaspar Van), poëte latin, profes¬

1504 3712 4899 3856 seur de philosophie et d’éloquence à l’université

1503 3856 4889 3988 d’Amsterdam. N. 1554. M. 1648.

1475 4008 4909 4136 Pièce de vers (latins), aut. sig. adressé à Const. Huygens. Datée

1353 4131 3957 4255 d’Amsterdam, 19 septembre 1640. 1 page in-fol.

1061 4268 4906 4439 16. BAUTRU (Guill. de), comte de Séran, conseiller d’État,

1522 4442 4904 4586 membre de l’Acad. française. N. 1588. M. 1665.

1504 4592 4914 4714 L. aut. sig. au card. de Richelieu. Blois, 29 novembre 1636.

1376 4719 2125 4837 3 pages in-fol.

1463 4828 4921 4946 Il rend compte au cardinal de la réception toute courtoise que lui a faite

1359 4930 4917 5051 Son Altesse Monsieur; il l’a trouvée en compagnie de dames, avec musique,

1361 5028 4915 5153 collation, et galanterie conforme à l’humeur d’un prince de son âge, et qui

1363 5133 3089 5245 n'a point de mauvaise intention, etc.

1087 5278 4926 5433 17. BELLARMIN (Le cardinal Roberlo Bellarmino), auteur

1536 5436 4924 5576 d’un grand nombre d’ouvrages sur les controverses

1534 5586 3468 5722 religieuses. N. 1542. M. 1621.

1502 5736 4921 5874 L. aut. sig. (en italien) al illo signor Marcello Cernini. Rome,

1385 5858 3505 5979 21 août 1620. 1 page in-fol ; avec sceau.

1485 5974 4925 6082 Il a entendu dire avec plaisir que son livre de l'Art de bien mourir est en

1375 6076 4931 6187 grande réputation, mais il s’étonne qu’on en ait pu mettre en vente la tra¬

1381 6172 4943 6299 duction sans l’avoir préalablement averti. Les erreurs nombreuses qui

1375 6272 4934 6399 existent dans celle traduction lui font prendre la résolution de ne jamais

1376 6374 4934 6493 laisser publier aucun de ses ouvrages en langue vulgaire sans qu’il en ait

1378 6477 3008 6583 auparavant examiné le travail, etc.

1106 6622 4938 6771 18. BELLEGARDE (Roger de), grand écuyer de France

1546 6772 4925 6912 sous Henri IV et Louis XIII. N. 1563. M. 1642.

1521 6928 4935 7060 L aut. sig. au roi. Du 1er décembre 1632. 2 pages in-fol. ; avec

1377 7057 2203 7147 cachets et soies.

1483 7166 4933 7286 il ne peut trouver de paroles assez dignes pour remercier Sa Majesté de
