5866 9133
1888 1022 4085 1280 CATALOGUE

2834 1460 3166 1574 D'UNE

2178 1778 3793 1942 BELLE COLLECTION

2942 2145 3051 2204 DE

1064 2388 4909 2723 LETTRES AUTOGRAPHES.

2064 3454 3891 3633 PREMIÈRE VACATION.

1550 3730 4388 3900 Mercredi 14 mai 1845. -Via 94.

1116 3936 3193 4157 1 ACADÉMIE FRANÇAISE.

1457 4124 4903 4314 Arrêté de Messieurs de l’Académie française, mis entre les mains

1330 4245 4900 4444 de Monseigneur le chancelier Protecteur, en date du 15 avril 1659,

1335 4363 4901 4568 pour lui témoigner le grand désir qu'ils ont de voir finir les divi¬

1335 4487 4896 4688 sions qui la troublent.... « A cet effet a été adressé le présent acte,

1342 4611 4900 4812 « signé des vingt-trois membres présents. » Suivent les signatures

1331 4731 4891 4934 de « l’abbé Tallemant, Hardoin de Péréfixe, Bautru , Chapelain,

1332 4857 4892 5048 « Desmarest, Olivier Patru, Charpentier, Lachambre, Pellisson-

1332 4971 4890 5172 « Fontanier, La Meinadière, De La Mothe, Doujat, Chaumont,

1325 5099 4885 5304 « Giry, Gombault, César d’Eslrées, Priézac, Ch. Cotin, Mézeray,

1320 5231 2256 5358 « De Metz, etc. »

1089 5368 4874 5628 2. ACADÉMIE FRANÇAISE (Membres de I’), 4 lettres.

1438 5554 4886 5758 BISSY (Claude Thiard de). Aut. sig. à M. Desmarest. 18 août

1322 5681 2706 5827 1773. 1 page in-4 ; cachet.

1441 5802 4883 6004 LANGURT DE GERGY, archev. de Sens. Aut. sig. à M. Mar¬

1320 5925 2710 6069 ville. 1 page in-4 ; cachet.

1427 6044 4869 6252 CAYLUS (de), évêque d’Auxerre. Aut. sig. à M. Grosset. 10 juin

1317 6167 2275 6303 1742. 2 page in-4.

1424 6270 4312 6477 LA TRÉMOILLE (Le duc de). Aut. sig. 15 mai 1732.

1072 6443 4859 6701 3. ACADÉMIE FRANÇAISE (Membres de l’), 4 lettres.

1426 6628 4870 6824 DE MESMES (J.-Ant., comte d’Avaux). Aut. sig. à M. l’abbé

1299 6747 3332 6907 Pucelle. 23 février 1712. 1 page in-4.

1418 6864 4863 7074 HARCOURT (Franç -Henri, duc d’). Aut. sig. au marquis de

1290 6993 3334 7151 Castries. 18 février 1783. 1 page in-4.

1409 7116 4865 7316 GUIBERT (Jacq.-Ant.-Hippol , comte de). Copie d’une lettre

1286 7237 4850 7434 de M. de Choiseuil à M. Guibert, et donnée par M. Guibert à

4184 7467 4226 7564 1
