5866 8962
1089 911 4861 1077 27. BÉRULLE (Pierre, cardinal de). N. 1575. M. 1629

1515 1091 4905 1205 L. aut. sig. à M. l’évêque de Luçon. Paris, 12 avril 1622. Relative

1377 1191 4543 1327 aux affaires de l’État, curieuse par les détails. 1 page in-fol.

1081 1375 4743 1533 28. BERZÉLIUS (Jacques), physic. et chimiste suédois.

1505 1537 4899 1653 L. aut. sig. à M. Durotayde Blainville. Stockholm, 31 mai 1833.

1395 1659 2329 1773 1 belle page in 4.

1487 1773 4919 1873 Il lui recommande avec intérêt M. Friès, intendant du cabinet de zoologie

1381 1873 4913 1975 de l’Académie de Stockholm, que l’Académie a envoyé dans l’étranger pour

1381 1971 3769 2075 prendre connaissance des musées zoologiques, etc.

1085 2105 4913 2279 29. BÉTHUNE (Philippe de), frère puîné de Sully, ambas¬

1539 2289 4897 2415 sadeur à Rome, sous Louis XIII. N. 1561. M. 1649.

1507 2415 4921 2553 L. aut. sig. à Son Éminence. Deselles, 21 juillet 1648. 1 page

1387 2561 2449 2665 in-fol. ; avec cachet.

1475 2653 4917 2777 La grâce que Son Éminence veut bien accordera son fils, le comte de

1385 2771 4915 2885 Béthune, de lui donner une charge dans la maison du duc d’Anjou, est pour

1381 2867 4917 2975 lui une grande consolation dans ses vieux jours, et servira à lui faire passer

1379 2965 4613 3073 le reste de son existence avec plus de douceur et de tranquillité, etc.

1089 3121 4901 3279 30. BITAUBÉ (Paul-Jérémie), littérat. N. 1732. M. 1808.

1509 3289 4909 3407 L. aut. sig. au citoyen Président.... Paris, 17 vendémiaire an VI

1387 3415 3031 3529 de la République. 1 page in-4.

1491 3527 4909 3631 Il lui adresse ses remerciments pour les divers ouvrages dont il a bien

1385 3625 4903 3735 voulu le gratifier, et le prie d’agréer, non comme retour, mais comme un

1385 3723 4709 3829 léger témoignage de sa reconnaissance, ses Bataves et son Joseph, etc.

1087 3867 4921 4021 31. BOILEAU-DESPRÉAUX. N. 1636. M. 1711.

1509 4051 2897 4167 L. aut. sig. à Jean Racine.

1475 4163 4913 4275 Cette lettre, de cinq pages, en prose et en vers, est sans contredit une des

1377 4259 4909 4377 plus importantes qui aient été écrites par le grand satirique. Elle traite

1379 4355 4913 4467 d'une entrevue qu’il vient d’avoir avec le révérend père jésuite de La Chaise,

1379 4457 4917 4565 auquel il a lu sa célèbre épître sur l’Amour de Dieu. Cette épître, qui cou¬

1383 4555 4905 4671 rait en manuscrit, avait soulevé la société des jésuites, qui la proclamait

1385 4655 4909 4761 écrite contre elle. On se disputait avec acharnement, à ce propos, sur

1387 4751 4901 4851 l’Amour affectif et l’Amour effectif, sur l’Attrition et la Contrition; le feu

1381 4851 4911 4951 était allumé entre la société et Messieurs de Port-Royal. Boileau a lu avec

1379 4949 4905 5059 adresse au jésuite l'épître coupable ; il s’est concilié le père de La Chaise :

1387 5057 2255 5155 I'épître est sauvée.

1087 5203 3635 5367 32. BOILEAU-DESPRÉAUX, idem.

1523 5373 4905 5497 Pièce de vers, (aut. sig.) à mettre au bas du portrait de made¬

1395 5493 3531 5615 moiselle de Lamoignon, huit vers, in-4.

1741 5625 3783 5725 Aux sublimes vertus nourrie en sa famille,

1933 5727 3311 5811 Cette admirable et sainte fille

1723 5827 3679 5931 En tous lieux signala son humble piété....

1089 6003 4891 6145 33. BONAPARTE (Napoléon). N. 1769. M. 1821.

1515 6155 4901 6271 1° Sa sig. BUONAPARTE, comme général en chef de l’armée d’Italie,

1393 6275 4127 6387 sur une lettre datée d’Oneille, le 25 pluviôse an III ;

1515 6397 4901 6515 2° Sa sig. BONAPARTE, comme Premier Consul, sur une lettre au

1395 6519 4543 6633 ministre de la guerre datée de Paris, le 1er pluviôse an VIII ;

1519 6639 4903 6759 3° Sa sig. NAP. sur une lettre au général Pajol, datée de Troyes,

1395 6757 4547 6867 le 3 février 1814. Lettre très-curieuse. Ordre de bataille;

1513 6881 4907 6995 4° Apostille de deux lignes autog. et sig. sur un rapport du

1387 7001 4399 7109 ministre Berthier, daté de Smolensk, 11 novembre 1812;

1521 7121 4911 7237 5° Apostille de deux lignes aut. sur un rapport autog. du duc de

1403 7241 3879 7351 Feltre, datée de Saint Cloud, le 10 avril 1813.
