5866 9033
2749 667 3270 774 — 2 —

1400 884 4931 1025 M. de Belzunce. Aut. sig. de M. Guibert, en date du 30 juillet

1411 1018 2402 1142 1795. 2 pages in-4.

1510 1105 4925 1268 QUÉLEN (Hyacinthe de), archev. de Paris. Aut. sig. à M. Auger.

1393 1256 3061 1387 2 juillet 1827. 1 page petit in-4.

1163 1415 4376 1599 4. ACADÉMIE FRANÇAISE, 7 pièces signées.

1523 1580 4081 1720 BARO (Ballhazar) Pièce sig. 15 décembre 1648

1521 1704 4018 1840 HABERT (Philippe). Pièce sig. 6 octobre 1626.

1522 1822 4439 1962 HAY (Paul), sieur de Châtelet. Pièce sig. 3 juin 1625.

1529 1936 4024 2078 PAVILLON (Étienne). Pièce sig. 11 avril 1692.

1524 2058 4928 2200 ARGENSON (Le marquis d'). L. sig. et 7 lig. aut. 30 janv. 1716.

1517 2188 3999 2322 LA FORCE (Le duc de). L. sig. 28 mars 1718.

1519 2303 4486 2446 NICOLAY (M. de). L. sig. 20 avril 1779. 4 page in-fol.

1174 2490 4929 2650 5. ADANSON (Michel), botaniste. N. 1727. M. 1806.

1515 2640 4940 2774 L. aut. sig. à M. datée du Sénégal, 1er août 1750. Belle et

1398 2760 4941 2897 intéressante lettre toute scientifique, sur l’histoire naturelle du

1399 2901 2544 3021 Sénégal. 2 pages in-4.

1172 3066 4945 3236 6. ALBE ( Fern. Alvarez de Tolède, duc d'), général et

1561 3219 4940 3386 minisire d’État sous Charles-Quint, et Philippe II.

3726 3374 4937 3494 N. 1508. M. 1582.

1527 3518 4942 3662 2 lignes aut. et sa signature au bas d’une lettre (en italien) au

1414 3644 4940 3786 grand duc de Florence, datée de Bruxelles, le 28 février 1558.

1422 3778 2397 3902 1 belle page in-fol.

1186 3956 4938 4118 7. ALBITTE (Ant.-Louis), convention. N. 1760. M. 1812.

1539 4108 4943 4242 L. aut. sig. au ministre. Paris, 18 octobre 1792, l'an I de la

1417 4242 3134 4366 répub. 2 pages in-4. Belle lettre.

1508 4342 4949 4468 Il demande justice et récompense pour l’adjudant général Cartaux. La

1413 4440 4947 4569 conduite qu’a tenue cet officier, dans la journée du 10 août, lui donne lieu

1413 4540 4954 4671 de penser qu’il doit obtenir de la Convention nationale le prix de l’impor¬

1424 4645 3850 4766 tant service qu’il a rendu à la chose publique, etc.

1185 4813 3594 4972 8. AMIRAUX ANGLAIS, 2 lettres.

1540 4958 4713 5098 COCHRANE ( Lord ). L. aut. sig. (en anglais). 1 page in-4.

1549 5076 4947 5214 SMITH (SirWill. Sidney ). L. aut. à M. de Montmorency. 15

1425 5216 2810 5338 janvier 1822. 4 page in-4.

1204 5364 4953 5528 9. ANDRIEUX (Franç.-Guill.-Jean-Stan. ), littérateur,

1599 5518 4956 5675 membre de l'Académie française. N. 1759. M. 1829.

1574 5668 4957 5806 L. aut. sig. à mad. de St-Pierre. Paris, 8 juillet 1814. 1 p. in-4.

1535 5782 4966 5910 Il la rassure sur la crainte qu’éprouve M. Bernardin de Saint-Pierre pour

1442 5900 2724 6014 le paiement de sa pension.

1149 6014 4967 6200 10. ANGOULÊME (Charles de Valois, duc d'), fils de

1594 6192 4956 6329 Charles IX et de Marie Touchet. N. 1573. M. 1650.

1581 6342 4967 6481 L. aut. sig. à M. de Chavigny, du 16 octobre 1636. Détails mili¬

1449 6481 2906 6606 taires. 1 grande page in-fol.

1160 6616 4959 6786 11. ANQUETIL (L. Pierre), historien. N. 1723. M. 1808.

1569 6768 4644 6912 L. aut sig. au ministre de l’intérieur Paris, 7 août 1806.

1536 6878 4975 7018 Sa Majesté l’Empereur l’ayant gratifié d’une pension de six mille livres,

1439 6980 4979 7118 et l'ayant appelé, en présence de l’Institut, l'historien de France, il de¬

1441 7076 4976 7216 mande à porter, par un décret de Sa Majesté, le titre d'historiographe de

1448 7206 2714 7314 France. Détails à ce sujet.
