4267 7242
1938 673 2376 764 -22-

835 848 3581 956 avec le mot bon de la main du roi en marge. 1 p. in-4; — 3°

831 942 3576 1052 mémoire en faveur de son petit-fils. 3 p. in-fol. 5 »

734 1034 3578 1151 215. Choiseul Beaupré (Antoine-Clériadec de), archevêque de

836 1134 3573 1248 Besançon. L. aut. sig., au duc de Bouillon. Besançon. 29 déc. 1759.

831 1230 3577 1344 2 p. in-4. 3 »

739 1324 3580 1437 216. Chompré (Nicolas-Maurice), fils de l'auteur des dictionnaires

836 1420 3578 1528 de la Fable et de la Bible, un des principaux rédacteurs de la

834 1510 3567 1616 collection des mémoires sur les Chinois, en 14 vol. in-4, mathé-

837 1608 3575 1722 maticien. b. aut. sig., à M. de Frémonville. Paris, 14 août 1809.

835 1708 3578 1820 3 p. pl. in-4. 3 »

740 1798 3576 1909 217. Choron (Alex.-El.), compositeur de musique. Né à Caen.

836 1892 3581 2012 L. aut. sig., à MM. les administrateurs de l'Athénée royal. Paris,

835 1984 3577 2106 26 août 1815. 2 gr. p. in-fol. belle lettre. 6 »

935 2084 3474 2188 Lettre intéressante au sujet du son cours de théorie musicale.

738 2180 3586 2283 218. Clarke, duc de Feltre, maréchal de France. Né à Lan¬

840 2274 3577 2386 drecies (Nord). L. aut. sig., au premier consul. Bruxelles, 20 fri¬

839 2374 3583 2482 maire an v. 1 p. in-4. 2 50

741 2468 3578 2579 219. Clausel de Montals, évêque de Chartres. L. aut. sig., au

840 2566 3578 2680 vicomte de Montmorency. Samedi 21. 1 p. in-4. 3 »

742 2658 3581 2771 220. Clauzel, maréchal de France. L. aut. sig. Auterive, 18 mai

849 2756 3583 2864 1841.1 p. pl. in-4. 2 50

741 2848 3580 2959 221. Clermont-Tonnerre (le cardinal, duc de), archevêque de

840 2944 3580 3058 Toulouse. L. aut. sig., à M. Moulins. 23 sept. 1806. 2p. in-4. 3 »

744 3040 3585 3155 222. Comité de salut public de la Convention (Arrêté

841 3122 3579 3248 du), signé Cambacérès, Doulcet, Tallien, Défermon et Maree, au

839 3230 3588 3347 sujet du citoyen Becquemont, procureur-syndic du district de Pont-

844 3326 3580 3436 l'Evêque. Paris, 14 thermidor an III. Demi-page in-fol. 4 »

742 3422 3577 3535 223. Comité de sureté générale de la Convention

839 3516 3570 3632 (Arrêté du). Signé Ingrand et Alquier, avec trois lignes aut. sig.

843 3592 3582 3720 de Lavicomlterie. Paris, 27 août 1793. 1 p. in-fol. Cachet. 5  »

938 3706 3221 3818 Ordre de translation d'un prisonnier détenu à la force.

744 3794 3579 3913 224. Condé (Louis-Henri de Bourbon, prince de). N. 1692. M. 1740.

843 3896 3582 4010 L. aut. sig. sans date. 1 p. pl. et demie in-4. 7 50

940 3990 3584 4104 Il désire savoir des nouvelles de la négociation S... « Je travaille

840 4086 3583 4199 « de mon côté pour parvenir au but que vous sçavez, et sans lequel

843 4178 3581 4294 « je croi l'élat perdu, ne pouvant être rétabli que par d'habiles gens,

839 4288 2068 4387 « et non par des imbéciles...»

742 4370 3586 4485 225. Consalvi (Hercule), cardinal, ministre. L. aut, sig., à la

836 4466 3585 4579 princesse.... Rome, 13 déc. 1820. 1 p. pl. in-4. 2 75

743 4560 3583 4671 220. Constant de Rebecque (Benjamin), député, orateur,

841 4656 3586 4773 publiciste. L. aut sig., à M. Alisse. 27 mars 1823, 1 p. in-4. 2 50

744 4730 3584 4863 227. Convention nationale (Passeport délivré par les prési¬

838 4848 3585 4961 dents et secrétaires de la); sig. Barère, Jeanbon St-André, Treil¬

839 4940 3585 5057 hard et St-Just, au citoyen du Poncel, en qualité de courrier des

837 5036 3580 5151 commissaires envoyés par la Convention. Paris, 4 décembre 1792.

846 5134 3582 5245 1 p. pl. in-fol. Sceau. 7 50

742 5228 3579 5343 228. Coquerel (Athanase), pasteur de l'Eglise réformée de Paris,

839 5324 3579 5437 représentant du peuple à l’Assemblée constituante de 1848. L. aut.

833 5420 3584 5533 sig., à M. Paul Lacroix. 2 p. pl. in-8. 2 50

740 5512 3586 5623 220. Corvisart. Premier médecin de Napoléon 1er. Né à Dricourt

834 5608 3581 5725 (Ardennes). L. aut. sig. 6 juillet. 2 gr. p. pl. in-4. 6 »

929 5702 3585 5816 M. Philippe et lui ont indiqué au malade qu'ils traitent l'élec¬

837 5800 3584 5909 tricité, comme ils prescrivent tous, les jours des remèdes à l'effi¬

838 5896 3582 6007 cacité desquels ils ne croyent pas; mais, dans les cas désespérés,

832 5990 3583 6103 ils doivent encore abuser les malades: « Cette ressource est prise
