4267 7242
1870 659 2305 751 - 20 -

809 832 3541 942 porcelaine de Sèvres, membre de l’Académie des Sciences. L. a. s.,

807 928 3538 1044 à M. le baron d’Acher. Sèvres, 9 juillet 1829. 3 gr. p. in-4. 6 »

908 1022 3538 1137 Lettre intéressante au sujet des portraits et bustes des membres

811 1116 3533 1238 de la famille royale, que Mgr le dauphin désire avoir. Le roi,

813 1208 3544 1326 M. le duc de Bordeaux, Mademoiselle... « Il est presque impossible

812 1306 3542 1420 « d’avoir un bon buste de S. A. R. Madame la Dauphine, cette prin-

812 1402 3547 1518 « cesse ne paraissant pas disposée à donner les séances nécessaires

815 1498 3542 1612 « à ce genre de portrait, et aucun de ceux qui ont été faits ne

814 1600 2246 1706 « m’ayant paru satisfaisant.....»

728 1684 3541 1798 185. Brune (le maréchal). Né à Brives (Corrèze), assassiné en 1815.

821 1780 3543 1896 L.aut. sig., Boulogne, 15 mai 1806. 1 p. in-12. 3 »

722 1874 3548 1988 186. Buache (Jean-Nicolas), 1er géographe du roi, membre de

818 1970 3543 2080 l’Académie des sciences. Né à La-Neuville-au-Pont (Haute-Marne).

823 2064 3551 2182 L. aut. sig. Paris, 20 juin 1791. 1 p. pl. in-4. 2 75

721 2160 3552 2272 187. Bulow, ministre plénipotentiaire de la Russie au Congrès de

822 2254 3549 2364 Paris. L a. s., Londres, 8 novembre 1832. 1 p. pl. in-8. 4 50

733 2348 3537 2462 188 Bugeaud (le maréchal), duc d'Isly. Né à Limoges. L. aut.

819 2442 3548 2564 sig., Paris, 13 février 1815. 2 p. pl. in-4. Curieuse. 4 »

732 2536 3558 2654 189. Bussy-Rabutin (le comte Roger de), auteur de l'Histoire

819 2630 3551 2752 amoureuse des Gaules, etc. L. aut. sig., au prince de Condé

821 2726 3548 2842 (Louis II, de Bourbon, dit le Grand). Chaseu, 9 nov. 1668. 11 gr.p.

826 2822 3552 2938 pl. in-4. Superbe et précieuse lettre, parfaite conservation. 5 25 »

922 2914 3561 3031 Il se justifie envers lui d’un faux manuscrit qu’on avait fait

823 3008 3556 3126 courir sous son nom. Le vrai qu’il a soumis au roi est tout diffé¬

832 3106 3548 3220 rent de celui qu’on lui attribue. Persécutions qu’on lui a fait subir

834 3209 2509 3316 à ce sujet. Longs et intéressants détails.

749 3294 3561 3406 190. Cadet (Louis-Charles), chimiste, membre de l’Académie des

832 3388 3560 3506 sciences. L. aut. sig., 31 mai 1785. 1 p. pl. in-4. 3 50

740 3484 3561 3594 191. Cadet-de-Gassicourt (Charles-Louis), pharmacien de

835 3578 3565 3694 l’Empereur, poète, membre du Caveau Moderne. L. aut. sig., à

833 3670 3568 3782 M. Barbier. Paris, 23 novembre 1813. 2 p. pl. in-4. 3 50

750 3766 3563 3880 192. Cadet-de-Vaux (Antoine-Alexis), agronome, économiste,

835 3860 3551 3976 membre de la Société d’agriculture, de l’Académie de médecine.

841 3954 3554 4072 L. aut. sig., Paris, 16 brumaire an VII. 1 p. pl. et demie in-4.

836 4049 3570 4146 Intéressante. 3 50

745 4141 3575 4258 193. Cadet-de-Vaux (le même). L. sig., à M. le duc d’Angou-

843 4232 3570 4350 lème. Paris, 9 décembre 1822. 2 p. in-4. 5 »

934 4330 3562 4427 Son âme aura été déchirée en lisant dans le Constitutionnel du

842 4425 3577 4544 5 la lettre de M. Cochin, maire du 12e arrondissement, faubourg

843 4521 3572 4640 Saint-Marceau.... « 7000 ménages, ce qui constitue une population

848 4615 3578 4724 « de 28 à 30'000 individus, MANQUANT DE TOUT; arrêt inscrit dans la

848 4709 3577 4824 « lettre. Eh ! il y a ONZE autres municipalités. C’est le quart de la po¬

853 4791 3584 4923 « pulation de la capitale sans existence physique, nudité absolue, et

848 4901 3582 5018 « contre les rigueurs de la saison, la plus mince litière de paille. Pour

854 4995 3579 5111 « combattre, ou plutôt pour aiguiser la faim, UNE ONCE DE PAIN... »

765 5091 3579 5208 194. Cadoudal (Sépulture de Georges). L. aut. sig., du sieur

857 5185 3580 5299 Allard, concierge du cimetière Sainte-Catherine, qui atteste que

858 5279 3581 5395 les restes de Georges Cadoudal ont été inhumés, et sont encore

859 5373 3575 5489 dans le cimetière dont il est gardien. Paris, 29 juin 1814. 1p.

859 5469 3580 5563 in-4. Curieux document. 6 »

766 5555 3583 5676 195. Caillaud (Frédéric), voyageur dans la Haute-Egypte. Né à

859 5653 3585 5771 Nantes. L. aut. sig., à M. Hardouin-Michelin. Nantes, 14 décembre

859 5751 3582 5863 1828. 1 p. pl. in-4. 3 »

766 5845 3584 5960 196. Calmet (Dom Augustin), abbé de Sénoncs. L. aut. sig., à

858 5939 3585 6051 Titon Du Tillet. 8 août 1742. 3 p. in-4. Intéressante. 16 50
