1544 3051
676 111 880 164 -5-

55 200 1490 253 21. BOURBOTTE (N.), député de la Meurthe à la Convention,

212 256 581 307 décapité en 1796.

260 305 1492 348 Sa défense devant la commission militaire. Belle pièce aut. sig.

215 347 1454 390 avec ratures et corrections. 32 p. 1/2 in-f. Document important.

54 399 1369 452 22. BRUCE (Jacques), célèbre voyageur aux sources du Nil.

257 450 1496 493 L. aut sig. en français. Edimbourg, 1790. 1 p. pl. in- 4. Cachet.

54 495 1498 552 23. BRUSLÉ et MALLET, commissaires nommés pour établir

209 557 636 598 le culte de la Raison.

257 607 1498 650 Lettre à A. Dumont, écrite par Bruslé et signée des deux. Mon¬

214 649 1142 693 tagne-sur-Somme, 4 pluviôse an II. 3 p. pl. in-f.

244 698 1427 736 Document extrêmement curieux comme échantillon de style démagogique.

242 734 1500 774 Ils accusent réception de l’arrêté pris par A. Dumont pour la conversion du

208 771 1501 810 ci-devant temple de l’imposture de Montagne-sur-Somme (Saint-Valery-sur-

210 806 1501 845 Somme), en halle au bleds.... Nous avions fait commencer le déménagement

208 842 1501 881 du ci-devant temple ; déjà le vieux saint Pierre, le gros saint Christophe, saint

208 878 1500 918 Georges le bien monté, le bien coiffé saint Roch, le bien accompagné saint Antoine,

205 914 1500 951 la bien amoureuse sainte Thérèse, le gros cœur du sieur Jésus, ci-devant Christ,

210 949 1503 994 les vierges et leurs enfants, etc., avaient été envoyés au bûcher, après avoir

209 986 1502 1026 reçu maintes croquignoles, maintes orions qui les rendaient un peu méconnais¬

211 1017 1502 1060 sables , à l'égard des autres messieurs et dames peints sur toile, sur bois, sur

209 1057 1502 1097 papier; moulés, sculptés, etc., ainsi que des os pourris, cariés, révérés sous le

210 1093 1502 1132 nom de reliques, il en a été fait un vilain autodafé.... Les os que contenait

210 1129 1502 1167 l’une des chasses étaient enveloppés dans une chemise de femme et parmi ces os

209 1165 1502 1202 était une mâchoire d’âne dont le citoyen Baillet, chirurgien et juge de paix de

207 1201 1503 1240 cette ville, est porteur, pour la montrer à tout le monde comme un échantillon de

208 1237 1503 1275 la vénération que méritaient de pareilles reliques.... Ils annoncent ensuite que

210 1273 1237 1311 les bancs de l'église ont été portes dans le Temple de la Raison.

53 1317 1300 1370 24. BUONAPARTE (Charles de), père de Napoléon Ier.

256 1371 1501 1413 L. aut. sig. Charles de Buonaparte à M. de Boucheporn, intendant

217 1413 1025 1454 de l’île de Corse. S. d. 1 p. in-4. Très-rare.

53 1464 1502 1516 25. BUSSY RABUTIN (le comte Roger de), de l'Acad, fr., au¬

212 1516 1099 1559 teur de l'Histoire amoureuse des Gaules.

265 1570 1503 1612 L. aut. au père Bouhours. Bussy, 23 novembre. 1 p. 1/2 in-4. Il

217 1612 1350 1654 est question du père de La Chaise, de Mlle de Scudéry, etc.

54 1655 441 1708 26. LE MÊME.

259 1718 1251 1758 L. aut. au même. Chaseu, 29 octobre 1675. 4 p. in-8.

248 1759 1061 1795 Très-jolie lettre de félicitations sur ses Remarques.

54 1798 446 1848 27. LE MÊME.

257 1858 1500 1899 L. aut. sig. (au père La Chaise). Chaseu, 23 mars 1691. 1 p. pl.

216 1901 298 1933 in-4.

245 1940 1042 1977 Envoi d’un discours qu’il le prie remettre au roi.

53 1986 1347 2037 28. CAVAIGIVAC (J. B.), député du Lot à la Convention.

262 2039 1459 2080 L. aut. sig. au ministre Carnot. Paris, 27 mai 1815. 1 p. in-4.

246 2079 1501 2116 Il le prie de vouloir bien le présenter à l’Empereur pour une préfecture, en

211 2116 1500 2153 marge de la main de Carnot : Recommandé pour une préfecture de second ordre,

209 2153 825 2188 il est question de l’ancien représentant.

53 2198 1497 2250 29. CHAROLAIS (Charles de Bourbon-Condé, comte de), connu

214 2252 854 2303 par son caractère dur et cruel.

260 2304 1501 2347 L. aut. sig. au maréchal de Saxe. Paris, 25 août 1745.1 p. 3/4

215 2346 754 2380 in-4. Cachet bien conservé.

56 2398 1496 2447 30. CHATEAUBRIAND (le vicomte de), membre de l’Aca¬

212 2452 403 2491 démie fr.

261 2503 1435 2545 L. aut. sig. Rome, 31 janvier 1829. 1 p. 3/4 in-8. Jolie lettre.

251 2544 1498 2581 ..... La Bretagne n’a rien à envier aux autres provinces de France, on a

212 2580 1499 2623 beau calomnier ses bruyêres, la terre qui a porté Duguesclin, Clisson, Jacques

214 2616 1500 2653 Cartier, Du Guay-Trouin, La Motte-Piquet, Du Couédic, Georges Cadoudal et

215 2652 656 2689 Moreau n’est pas stérile....

56 2696 445 2737 31. LE MEME.

265 2749 1495 2791 1° 2 lettres aut. sig. de Ch. à M. Beuchot. 1809. 2 p. 1/2 in 4.

222 2792 932 2833 Demande de divers voyages en Grèce.

260 2834 1498 2877 2° Not. aut. Demande de divers ouvrages sur Jérusalem. 3/4 de

224 2874 359 2917 p. in-f.
