1565 3161
678 95 874 134 - 4-

48 171 1497 226 9. BAUDOT (Marc-Ant.), député de Saône-et-Loire à la Con¬

50 227 216 267 vention.

258 279 1497 323 L. aut. sig. aux éditeurs de la nouvelle Biographie des hommes

216 320 975 364 vivants. Liège, 2 juillet 1820. 3 p. in-4.

243 361 1500 402 Belle lettre dans laquelle il relève les erreurs commises, par l’auteur de sa

207 397 976 436 biographie, et indique les changements à faire.

49 443 1501 497 10. BEAUVILLIER (Paul duc de), gouverneur du duc de Bour¬

207 499 648 547 gogne, ministre, etc.

255 551 1129 594 L. aut. sig. à l’évêque d’Alet. 1699. 3 p. in-4.

47 591 1349 656 11. BÉRANGER (P. J. de), poëte et chansonnier célèbre.

256 657 1396 700 L. aut. sig. à Amault. Paris, 25 vendémiaire. 2 p. 1/2 in-4.

239 698 1504 742 Belle et intéressante lettre dans laquelle il lui fait part qu’il a recherché la

203 734 1503 771 protection de M. Lucien Bonaparte..... Il connut differents essais de ma faible

204 772 1499 807 muse, entre autres un poëme du Déluge et un du Rétablissement du Culte.....

203 806 1504 847 Il m’engagea à beaucoup travailler, et comme je n’ai personne pour diriger

201 842 1504 883 ma jeunesse, me promit des conseils que dès-lors ses voyages l'empêchèrent

202 878 1505 919 de me donner. A son retour à Paris, il y a sis mois, je lui remis un poëme de

202 913 1504 954 la Mort de Néron, dont je lui devais le sujet, il me donna des marques de son

202 951 1506 991 contentement, m’engagea de nouveau à lui faire parvenir mes ouvrages, et par

201 985 1505 1024 malheur s’éloigna encore. J’ai besoin d'avoir un guide éclairé avant de me

200 1021 1501 1062 lancer dans la carrière des lettres, vous êtes intimement lié avec M. Lucien,

201 1057 1504 1098 j’ose vous prier de m’en servir, à cet effet je joins à la présente le petit poëme

201 1093 1502 1134 de Néron, et une ode que j’ai envoyée il y a quelques mois, à celui pour qui

200 1129 1504 1168 j’ai conçu la plus vive reconnaissance..... Il ajoute qu’il a dédaigné la voie de

202 1165 1504 1204 l’adulation pour réussir auprès de M. Lucien, et qu’il veut en agir de même

202 1201 1505 1240 avec lui..... De quoi me serviraient d’ailleurs les éloges que je pourrais donner

201 1236 1506 1279 à l’auteur de Marius? Lorsque la voix du public s’est fait entendre en pareil

200 1273 1504 1310 cas, celle des particuliers ne peut que paraître bien faible et même bien

203 1316 416 1345 ennuyeuse...

44 1345 437 1395 12. LE MÊME.

251 1406 753 1448 L. aut. sig. 3/4 de p. in-8.

44 1448 1007 1502 13. BERGASSE (N.), avocat et publiciste.

251 1502 1500 1546 L. aut. sig. aux auteurs de la Biographie des contemporains.

207 1544 696 1585 Paris, 1823, 1 p. 1/2 in-8.

237 1585 1502 1623 Belle lettre dans laquelle il défend énergiquement Claude Lucet, homme de

203 1622 1502 1660 lettres, né à Pont-de-Vesle, contre les attaques dirigées contre lui dans la Bio¬

202 1658 330 1693 graphie.

43 1694 1501 1747 14. BERRY (Charles-Ferdinand, duc de), fils de France, assas¬

200 1748 732 1798 siné par Louvel en 1820.

248 1802 1353 1843 L. aut. sig. Hanau, 11 mars 1793. 1 p. in-4. Belle lettre.

240 1842 1501 1879 ... Je n’ai pu plus tôt répondre à la lettre que vous m’avez écrite sur la mort

201 1878 1505 1916 de notre infortuné monarque, vous me disiez qu’il ne fallait plus être un prince

199 1914 1500 1953 médiocre, non cela ne nous est plus permis et j’en sais trop la vérité pour ne

199 1949 1376 1988 pas tâcher à m’acquérir toutes les vertus qui font un grand prince.

43 1984 1219 2046 15. BERTEZÈNE, député du Gard à la Convention.

248 2048 1498 2092 Réfutation aut. sig. de l’article qui le concerne dans la Biogra¬

209 2090 1499 2133 phie des contemporains, portant principalement sur son vote dans

209 2132 914 2175 le procès de Louis XVI. 1 p. pl. in-4.

43 2174 1084 2226 16. BIBLIOGRAPHES. Huit lettres aut. sig.

247 2229 1495 2272 BARBIER. 1 p. in-8. — BEUCHOT, 1826. 2 p. in-4. — CAMUS. 1 p.

209 2269 1495 2313 in-8. — DEBURE, l’aîné, 1795.1 p. in-4. — DES AULNAY 1787. 1 p.

206 2312 1496 2355 1/2 in-4. — GAUDIN (l’abbé). Lyon. 1779. 4 p. in-4. — TERSAN

208 2353 1494 2397 (l’abbé de). 1 p. in-12.— MORELLI (l’abbé). En Italien. Venise,

209 2397 494 2436 1808. 2 p. in-4.

42 2437 1024 2492 17. BONAPARTE (Joseph), roi d’Espagne.

254 2492 1494 2534 L. aut. sig. au baron de Meneval. Pointe-Bruge, 16 décembre

211 2535 498 2575 1830. 1 p. in-4.

44 2571 1141 2627 18. BONAPARTE (Jérôme), roi de Westphalie.

251 2630 1237 2672 L. aut. sig. Stutgart, 28 novembre 1835. 1 p. in-8.

46 2675 1112 2731 19. BONAPARTE (Caroline), reine de Naples.

255 2729 1490 2772 L. aut. sig. au baron de Meneval. 4 janvier 1838. 1 p. pl. in-8 Jo¬

211 2771 388 2808 lie lettre.

45 2815 1386 2868 20. BOULAY de la Meurthe (le comte), député et littérateur.

252 2866 1429 2910 Sa biographie aut. avec ratures et corrections. 12 p. pl. in-4.
