1523 3029
666 87 856 137 -8-

33 177 1481 231 57. FLEURY (A. H., cardinal de), précepteur de Louis XV, de

191 231 402 271 l’Acad. fr.

237 294 1478 337 Tableau de l’Histoire ancienne. Manuscrit aut. de 80 p. pet. in-8.

197 337 1211 378 pl. rel. maroq. roug. tr. dor. aux armes du Dauphin.

33 387 1196 441 58. FOUQUET (Nicolas), surintendant des finances.

240 449 1076 489 1° Jolie l. aut. à Mlle .... 1661. 2 p. in-12.

236 491 1099 533 2° Reconnaissance aut. sig. 1661.1/2 p. in-4.

32 543 1484 595 59. FOUQUIER-TINVILLE (A. Q.), accusateur public au tri¬

189 597 1090 648 bunal révolutionnaire, décapité en l’an III.

237 659 1483 701 L. aut. sig. FOUQUIER DE TINVILLE à son frère. Paris, le 8 oc¬

199 701 762 744 tobre 1777. 1 p. in-4. Cachet.

32 752 1386 806 60. GALLONDE (Ph. Ch.), habile calligraphe, né à la Fère.

235 813 1487 856 Prière aut. sig. sur vél., présentée à Madame Louise, avec dessins

193 857 888 898 à la plume. 1765. Jolie petite pièce.

33 899 903 961 61. GÉNÉRAUX. Dix lettres aut. sig.

236 971 1487 1015 BERTRAND (maréchal). 1 p. in-4. — DUVIVIER. 1841. 1 p. in-4. —

196 1012 1461 1057 HAXO. 1 p. in-8. — HUGO. 1 p. in-4. — ROBIN. 2 p. 1/2 in-f., etc.

31 1068 1028 1120 62. GRESSET (J. B.), poëte, de l’Acad. fr.

234 1118 1482 1163 Projet de l. aut. au roi de Prusse, sur un petit carré de papier.

196 1164 308 1205 10 lig.

228 1211 1488 1251 ..... Les lumières, les conseils dont V. M. a bien voulu m’honorer dans sa

189 1246 1487 1286 lettre sur ma comédie du Méchant, m’ont guidé dans le choix et dans l’exécution

190 1284 1489 1323 de ce nouvel ouvrage, je l’ai entièrement consacré à faire rire, si on sait rire

190 1330 377 1352 encore.....

33 1368 418 1417 63. LE MÊME.

239 1429 1048 1462 Huit vers aut. avec ratures et corrections.

32 1480 1143 1532 6A. GRIGNAN (Mme de), fille de Mme de Sévigné.

240 1540 1063 1582 Brouillon de comptes aut., 1693, 4 p. in-4.

31 1596 1488 1650 65. GUFFROY (A. B. J.), journaliste et député du Pas-de-Calais

189 1652 523 1691 à la Convention.

237 1710 1419 1753 L. aut. sig. à A. Dumont, 3 octobre 1793,1 p. in-4. Tête impr.

227 1759 1488 1798 ... Voici une pièce de gibier pour ton patriotisme, peut-être est-elle inglobée

188 1796 1449 1833 dans ton large filet, si elle ne l’est pas, capture, Guerre à mort aux scélérats...

31 1842 748 1888 66. HENRI III, roi de France.

236 1895 1479 1936 1° L. sig. au maréchal de Matignon, 18 octobre 1581, 2 p. 1/2 in-

193 1936 1363 1978 fol., contre-sig. de Neufville, avec 16 lig. aut. de ce dernier.

222 1983 1385 2021 Lettre relative aux différents négociés et à régler avec le roi de Navarre.

233 2029 1361 2071 2° L. sig. au maréchal Matignon, Blois, 1577, 1/2 p. in-fol.

29 2080 1254 2132 67. HUET (Daniel), évêque d’Avranches, de l’Acad. fr.

236 2134 1331 2176 L. aut. sig. à Aunay, le 28 septembre 1684, 1 p. 3/4. in-8.

30 2175 1269 2236 68. ISORÉ (Jacques), député de l’Oise à la Convention.

236 2238 1430 2280 L. aut. sig. à A. Dumont, Arras, 5 frimaire an II, 1 p. 1/2 in-4.

221 2288 1488 2327 Il le prie de prendre en considération ce que fera le citoyen Matherel, maire de

186 2324 1489 2367 Cassel... C’est celui qui met à la raison les environs d’Hazebrouk et qui a déjà

185 2361 1488 2398 fait marcher la guillotine sur plusieurs contre-révolutionnaires... Je suis comme

189 2396 1487 2436 toi vis-à-vis des anti-révolutionnaires : je ne veux pas qu’il en échappe un...

188 2433 1488 2470 Bientôt Douai vaudra les villes d’Arras et de Lille, quand quelques-uns de ceux

187 2468 1487 2506 qui désiraient Cobourg auront joué à main chaude, les inconnus rentreront dans

186 2505 1487 2543 leurs terriers jusqu’à ce que leur tour arrive, et la ville marchera au pas comme

185 2540 698 2577 l’a promis le sans-culotisme....

30 2576 422 2626 69. LE MÊME.

235 2639 1485 2681 Notes aut. pour sa Biographie, 4 p. pl. in-fol. avec notes en

197 2689 327 2722 marge.

221 2730 1204 2767 Document curieux en le rapprochant de la lettre qui précède.

32 2767 1478 2827 70. JOSÉPHINE BEAUHARNAIS, impératrice des Français.

238 2828 1481 2872 L aut. sig. au baron de Meneval, Plombières, 28 juin, 3/4 de p.

198 2871 851 2915 in-4. Papier à entourages gaufrés.
