1887 2850
843 382 999 424 -7-

447 454 1464 492 mis de sa main cette note en regard : « Celte pièce n’est bonne que pour

446 486 1226 521 ceux qui ont connu particulièrement celui dont on parle. »

381 522 1464 573 30. LE MÊME. Pièce de vers aut., avec fortes ratures

423 573 987 613 et corrections, 1 p. in-8 oblong.

480 619 1464 656 « Epigramme sur le buste de marbre que M. Girardon, l'illustre sculp¬

446 653 739 682 teur, a faict de moi. »

383 688 1467 736 31. LE MÊME. Pièce aut., avec nombreuses ratures et

423 738 802 775 corrections, 7 p. in-4.

477 781 1465 818 Préface de sa XIIe Satire, sur l'Equivoque, pièce fort intéressante par

445 814 1464 849 elle-même, et par les corrections, qui montrent avec quel soin Boileau tra¬

443 849 723 880 vaillait ses ouvrages.

381 885 1466 937 32. LE MÊME. Reproches de Chapelain à Boileau, poète à deux

422 935 1465 975 tranchants, dialogue, copie du temps, provenant des papiers

422 972 824 1010 de Brossette, 6 p. in-4.

381 1022 1467 1064 33. BOILEAU (Jacques), docteur de Sorbonne, auteur de

421 1063 1302 1105 l'Histoire des Flagellants, frère du grand satirique.

456 1112 1305 1151 L. a. s. (à l’abbée d’Estrées), 2 p. in-8. Jolie pièce.

476 1159 1466 1192 Relative au rang que l'usage assigne aux chevaliers de l'ordre du Saint-

445 1192 848 1223 Esprit dans les lits de justice.

378 1236 1465 1279 34. BOISTE (Pierre), lexicographe, auteur d’un Diction¬

421 1277 641 1311 naire estimé.

456 1326 940 1367 2 l. a. s., 1818, 2 p. 1/2 in-8.

380 1378 1346 1421 35. BONAPARTE (Lucien), frère de Napoléon Ier.

456 1424 1466 1463 L. s. au citoyen Bouillon; Paris, 25 fruct. an 8, 1 p. 1/2

420 1460 495 1491 in-4.

476 1502 1466 1533 Il le remercie de vouloir bien confier les armes du grand Turenne et le

442 1534 1466 1567 boulet qui l’a frappé, pour la cérémonie de la translation de sa dépouille

444 1567 746 1594 mortelle aux Invalides.

380 1612 1465 1656 36. BOUILLON (Jacques-Léopold-Charles-Godefroy, duc

418 1654 1462 1698 de), dernier prince souverain de Sedan, né le 12 janv. 1746,

419 1696 807 1737 mort le 18 pluv. an 10.

464 1740 1463 1781 1° Papiers relatifs à l’échange de Sedan avec Louis XIV,

419 1776 1461 1817 à la confiscation des droits des Bouillon par la Convention,

417 1814 1464 1854 et aux revendications des membres de cette famille; dos¬

419 1852 1460 1888 sier intéressant, offrant la matière d’un fort volume in-f.

417 1888 1461 1929 — 2° Manuscrit autog. du prince, divisé en cahiers in-f.,

418 1925 1195 1956 et formant la matière d’environ 3 volumes.

472 1967 1464 2000 Ce manuscrit, distribué par chapitres, est relatif aux mœurs du temps et

441 1997 1462 2030 aux femmes. Voici quelques-uns des titres : Sur les jolies figures des fem¬

442 2028 1462 2061 mes et sur les laideurs de celles des hommes;—Sur le coquinisme et

443 2060 1463 2093 l'honnette homme. Un des chapitres est intitulé Description de Navarre,

442 2093 957 2124 une de ses résidences, près d’Evreux.

377 2136 1463 2173 37. BOURSAULT-MALHERBE comédien et con¬

418 2177 1463 2221 ventionnel, un des thermidoriens dont la fortune rapide excita

418 2218 749 2261 le plus de scandale.

457 2263 1091 2302 L. a. s.; Rennes, 12 frim., 3 p. in-4.

377 2304 1378 2358 38. LE MÊME. 3 l. a. s., an 3, 3 p. in-f. et 4 p. in-4.

378 2369 1463 2413 39. BROFFERIO (A.), député et historien, le chef du

418 2410 958 2453 parti démocratique en Piémont.
