1818 2838
879 373 1026 404 - 8 -

491 437 1496 479 L. a. s., en français, à M. Yvan, à Bruxelles; Turin, 25

451 476 845 514 mai 1852, 2 p. pl. in-4.

507 519 1494 554 Belleletlre, tonte politique. « Chez nous, dit-il, les affaires vont assez bien,

474 547 1493 587 mais sur toutes nos frontières s'agite, la réaction... Si le ministère est faible,

474 587 1492 618 le roi est ferme, et ses bonnes intentions sont connues de tout le monde. »

408 635 1494 678 40. BROSSETTE (Claude), avocat, ami et commentateur

450 680 634 712 de Boileau.

492 726 1494 765 L. a. s. à M. Clautrier, secrétaire du contrôleur-géné¬

450 762 1259 802 ral; Lyon, 19 août 1714, 2 p. in-4, joli cachet.

506 809 1493 841 Belle lettre relative à la sédition qui a eu lieu à Lyon au commencement

472 842 1493 876 de juin, à la nomination de l'abbé de Villeroy il l’archevêché, et au séjour

471 875 988 907 de la reine de Pologne dans cette ville.

408 916 1493 963 41. LE MÊME. L. a. s. à Fabri et Barillot, libraires à

449 965 1331 1005 Genève; Lyon, 31 janv. 1724, 3 p. pl. in-4, cachet.

502 1012 1493 1046 Très intéressante épître relative à l’édition de La Fontaine que donnent

470 1044 1492 1078 ces libraires, et particulièrement à celle de Boileau qu'ils publient et dans

471 1076 1492 1110 laquelle Brossette voudrait qu'ils insèrent une réponse faite par le satirique

471 1109 979 1141 à des attaques de Leclerc et de Huet.

405 1149 1489 1198 42. LE MÊME. 1° Copie (du temps) d’une lettre adressée

447 1196 1490 1238 par lui à Boileau le 10 mars 1099, sur la légende de son

446 1233 1487 1273 portrait gravé par Brevet. — 2° L. a. s. de Fabri et Barillot,

445 1270 1491 1308 libraires à Genève, à Brossette, sur l’impression du Boi¬

446 1306 1491 1343 leau avec ses commentaires, et copie, par eux, d’une cu¬

445 1343 1488 1381 rieuse lettre de J.-B. Rousseau sur le même sujet, 1715,

444 1381 600 1420 5 p. in-4.

403 1435 1117 1475 43. BUGEAUD, maréchal de France.

487 1484 1488 1524 1° L. s., à l’occasion de son élévation à la dignité de

444 1522 1486 1562 maréchal; Alger, 22 août 1843, 1 p. in-4.—2° Pièce aut. sig.,

443 1558 1257 1596 comme ex-colonel du 14° de ligne, 1831, 1 p. in-4.

405 1610 1489 1652 44. CAMPAN (Mme), lectrice de Marie-Antoinette, auteur

440 1651 990 1693 de Mémoires sur cette princesse.

483 1701 1486 1742 L. a. s. au grand chancelier de la Légion d’honneur;

442 1738 1215 1778 Ecouen, 1er av. 1811, 4 p. pl. in-f. Belle pièce.

496 1786 1488 1822 Sur les mesures à prendre pour mieux fermer la maison impériale

464 1819 1487 1853 d’Ecouen, où un chien enragé a failli pénétrer et causer d’horribles acci¬

464 1856 541 1881 dents.

399 1904 1486 1947 45. CANCELLIERI (Fr.), savant bibliographe piémon¬

441 1945 1288 1988 tais, président de l’imprimerie de la Propagande.

480 1994 1461 2032 L. a. s., en italien, à M. Marcel; Rome, 1809, 1 p. in-4.

496 2039 1381 2071 Relative à la mort du savant Zeoga et aux ouvrages qu'il laisse.

398 2088 1488 2130 46. CHANGARNIER (le général), commandant en chef

437 2130 775 2165 de l’armée de Paris.

479 2178 1255 2219 L. a. s.; (Bruxelles), 15 janv. 1852, 2 p. in-8.

396 2237 1484 2277 47. CHARDON DE LA ROCHETTE, helléniste et

439 2278 767 2320 bibliographe érudit.

477 2326 1317 2365 4 l. a. s. à Amanton, 1810-12, 10 p. in-8 ou in-4.

492 2373 1481 2407 Intéressante correspondance relative à divers sujets d'érudition et de bi¬

459 2405 613 2436 bliographie.
