1818 2838
865 339 1024 392 -4-

402 413 1485 465 7. BASAN (P.-Fr.), graveur et célèbre expert d'estampes

441 462 699 498 du XVIIIe siècle.

477 509 1050 552 Pièce aut. sig., 1786, 1/2 p. in-4.

495 552 1485 592 Estimation de divers portefeuilles d'estampes gravées par Surugue et au¬

463 589 892 624 tres, et de dessins de Desfossés.

398 627 1485 679 8. BAUSSET (le cardinal de), évêque d’Alais, historien

440 670 1157 714 de Bossuet et de Fénelon, de l’Acad. franç.

476 718 1447 764 L. a. s. à l’abbé de Madières; Maffliers, 1821, 1 p. in-8.

496 764 1485 811 Relative à l'épitaphe en marbre blanc de M. de Jarente, évêque d’Orléans,

464 799 1291 841 que le cardinal a fait placer dans la cathédrale de cette ville.

397 844 1275 897 9. BAYLE (Pierre), illustre écrivain philosophe.

481 892 1488 938 L. aut. à M. Valhebert, bibliothécaire, chez l’abbé Bi¬

441 930 1280 980 gnon; 26 sept. 1697, 1 p. in-4. Un peu fatiguée.

494 976 1486 1017 Nouvelles littéraires, relatives à Marsolier, Gregorio Leti, Travenol, Le¬

462 1020 594 1050 clerc, etc.

402 1042 1482 1104 10. BÉJART (Armande-Cres -Cl.-Elis.), célèbre actrice,

439 1102 749 1136 femme de Molière.

476 1142 1363 1189 Quit. sig., sur vélin, 1678, in-8. Avec un portrait.

495 1187 1487 1229 Reçu dans lequel est qualifiée « veuve de J.-B. Poquelin, sieur de Mo¬

461 1225 1015 1261 lière, valet de chambre de Sa Majesté.»

398 1270 1416 1322 11. BELLAMGER (Hip.), célèbre peintre de batailles.

474 1321 1377 1366 L. a. s. à Alph. Giroux; Rouen, 1833, 1 p. 1/2 in-8.

497 1371 910 1402 Relative à un de ses tableaux.

400 1406 1487 1470 12. BÉBAMGEB (P.-J.), notre grand chansonnier na¬

441 1469 546 1501 tional.

478 1508 1484 1556 L. a. s. (à Madier de Montjeau); Sainte-Pélagie, 23 fév.

444 1552 754 1592 1822, 4 p. pl. in-4.

496 1590 1486 1636 Epître du plus grand intérêt. — La captivité a pour lui des compensa¬

465 1622 1487 1663 tions : il reçoit de tous côtés, de gens qu’il ne connaît pas même de noms,

464 1655 1488 1698 du vin, du gibier, du poisson ; les vers et les chansons pleuvent aussi. Il n’est

465 1688 1489 1731 pas sans inquiétude sur les poursuites qu’on lui intente à propos de la pu¬

465 1715 1488 1764 blication de son procès. Il en aurait pour deux ans, et comme les prison¬

465 1753 1487 1796 niers ne peuvent recevoir que leur femme, et qu’il est célibataire, on lui

464 1786 1489 1827 conseille de se marier. «Voyez, dit-il, toutes les conséquences d'une con¬

465 1818 1488 1858 damnation. » Il se console un peu en faisant des chansons, qui circulent au

466 1850 1487 1898 dehors. Une des dernières a été copiée à l’audience, pendant son procès,

464 1877 1489 1925 jusque sur le bureau des juges, au nez de Marchangy. Des avis sinistres

465 1915 1488 1956 ont été donnés à Manuel. «Je tremble toujours, dit-il, qu'un coup de poi¬

466 1947 1488 1994 gnard n'en prive la patrie. » Détails sur Mme Bérard, qui vient le visiter, et

466 1980 1277 2020 sur Cauchois-Lemaire, qui est dans la même prison que lui.

401 2028 1489 2080 13. BERRIAT-SAINT-PRIX (Jacques), juriscon¬

443 2069 1486 2117 sulte et érudit, commentateur de Boileau, de l’Acad. des Insc.,

442 2119 691 2155 né à Grenoble.

479 2165 1488 2214 3 let. aut. sig. au bibliophile Bérard; Paris, 1827-28,

443 2212 601 2252 4 p. in-8.

498 2254 1488 2296 Toutes relatives aux éditions princeps de Boileau, et particulièrement à

466 2293 863 2322 celles attribuées aux Elzévirs.

400 2338 1490 2385 14. BILLAUD-VARENNE, conventionnel, célèbre

444 2380 1036 2428 membre du Comité de salut public.
