1811 2838
857 895 978 930 AVIS

416 1040 1364 1087 Le jour de la veille il y aura exposition de 2 à 4 heures.

416 1106 1461 1152 Ou aura huit jours pour la vérification des pièces; passé ce

374 1172 1089 1213 délai, aucune réclamation ne sera admise.

414 1243 1456 1289 On percevra cinq centimes par franc eu sus des adjudications.

414 1311 1459 1361 M. GABRIEL CHARAVAY, chargé de la vente, remplira les

372 1380 1103 1424 commissions qu’on voudra bien lui confier.
