1873 2851
837 373 998 418 -5-

451 440 1451 490 L. s. au président de la section du Roi de Sicile; Paris,

418 477 1452 527 14 août 1792, 3/4 de p. in-4, tête de lettre de la Commune,

415 525 537 555 cachet.

471 559 1457 602 Pièce historique. — II l’invite à faire procéder dans le jour à l'élection

438 592 1458 636 des membres que doit fournir cette section à la cour martiale, décrétée par

438 624 1458 665 l’Assemblée nationale. «Le peuple, dit-il, attend cette institution: il la veut

438 655 1458 699 prompte. » Le conseil de la Commune a pris envers le peuple l'engagement

437 686 1458 730 que ce tribunal serait établi avant minuit. (Ce tribunal ne fut constitué que

437 718 1457 762 le 17; la lenteur de ses opérations est une des principales causes assignées

437 755 944 793 aux terribles journées de septembre.)

377 790 1454 849 15. LE MÊME. Pièce sig., sig. aussi de Collot-d’Herbois,

414 838 1455 887 Prieur, Thuriot, R. Lindet, etc.; Paris, 22 therm. an 2, 2 p. in-f.,

413 879 1004 925 tête imp. du Com. de sal. public.

468 922 1458 965 Arrêté du Comité de salut public donnant au représentant Frécine les

437 956 1459 998 pouvoirs les plus étendus pour recueillir en Belgique les subsistances, che¬

437 987 1459 1030 vaux, métaux, matières manufacturées et tous les objets susceptibles d’être

439 1022 1161 1061 importés en France pour le service de la République.

373 1065 1203 1115 16. BIXIO (A.), agronome, ministre en 1848.

452 1119 855 1161 L. a. s., 1857, 1 p. in-8.

373 1161 1456 1213 17. BOILEAU-DESPRÉAUX (Nicolas), le grand sa¬

418 1214 537 1257 tirique.

449 1248 1459 1296 L. a. s. à Brossette; Paris, 25 mars 1699, 3 p. in-8. Belle

412 1298 497 1334 pièce.

471 1328 1460 1371 Il a tardé de lui répondre il cause de la maladie de Racine, qui est en fort

438 1360 1459 1404 grand danger. (Racine mourut un mois après.) — Détails sur un livre contre

438 1394 1459 1436 Boileau que vient de publier Bonnecorse (un poète victime de la verve du

438 1426 1457 1468 satirique). Il le trouve bien hardi d’envoyer un si mauvais ouvrage à Lyon,

438 1456 1458 1500 où l’on obligeait autr efois les méchants écrivains à effacer eux-mêmes leurs

439 1483 1458 1533 écrits avec la langue. — Il refait ainsi la légende que Brossette veut mettre

439 1522 1458 1566 au bas de son portrait, et nous montre, par ces vers, que sa haine de Cha¬

439 1560 978 1598 pelain était sa principale préoccupation :

645 1600 998 1631 Ne cherchez comment s’appelle

645 1628 1032 1658 L’escrivain peint dans ce tableau :

566 1655 1073 1687 A l’air dont il regarde et montre la Pucelle,

645 1683 950 1714 Qui ne reconnoiftroit B***.

374 1711 1458 1771 18. LE MÊME. L. a. s. au même; Paris, 10 nov. 1699,

416 1768 837 1812 2 p. pet. in-f. Belle pièce.

472 1801 1458 1843 La mort de Racine lui a laissé un prodigieux accablement d’affaires. Il

440 1834 1463 1876 remercie Brossette de l'envoi du Télémaque, qu'il vient de lire avec beau¬

441 1867 1460 1913 coup d’avidité. Il souhaiterait que M. de Cambrai eût rendu son Mentor un

442 1900 1460 1945 peu moins prédicateur. Homère, qui est tout action, est plus instructif. Si

441 1932 1461 1977 l’on compare cet ouvrage aux Maximes, M. de Cambrai paraît beaucoup

442 1965 1461 2010 meilleur poète que théologien. — Celte, lettre contenant plusieurs corrections,

442 1997 1459 2039 Boileau s’en excuse, en déclarant qu’il serait fort embarrassé de la récrire.

378 2034 1460 2092 19. LE MÊME. L. a. s. au même; Paris, 8 août 1701,

418 2090 840 2132 2 p. pet. in-4. Jolie pièce.

473 2122 1462 2169 Relative à la publication de ses OEuvres par le libraire Robustel. Il y a

443 2153 1464 2197 une édition en grand et une édition en petit. On a d’abord débité la pre¬

442 2185 1463 2230 mière, qui est au moins la quarantième, et qui deviendra fort rare. — Il ne

441 2217 1463 2262 sait si les trois pistoles que Brossette a mises pour lui à la loterie ne sont pas

441 2262 648 2292 trois louis d'or.

378 2289 1463 2349 20. LE MÊME. L. a. s. au même; Paris, 9 janv. 1705,

417 2345 877 2393 2 p. in-8, trace de cachet.

475 2370 1466 2424 Relative à son portrait gravé (par Drevet), que désire Brossette. Il en

443 2412 1464 2457 donne la légende, où on lui faire dire ces choses qu'il n'a jamais pensées :
