1818 2838
855 364 1015 402 -6-

609 430 1129 462 Sans peine, à la Raison asservissent la Rime,

607 458 1071 488 Et mesme en imitant toujours original.

606 485 1198 515 J’ay sceû, dans mes escrits, docte, enjoué, sublime,

605 514 1130 541 Rassembler eu moi Perse, Horace et Juvenal.

389 546 1475 601 21. LE MÊME. L. a. s. au morne; Paris, 11 déc. 1710,

430 597 761 637 2 p. in-8. Jolie pièce.

483 641 1470 679 Tableau fort triste, de sou étal de santé : il ne marche plus qu'appuyé aux

450 671 1474 710 bras de ses valets, et aller d'un bout à l’autre de sa chambre est pour lui

451 703 1474 744 un voyage très long. Son esprit n'est point diminué : il travaille à une nou¬

450 735 1476 773 velle édition de ses œuvres, qui sera considérablement augmentée. Peut-être

449 767 1475 806 le vin de Condrieu (vin blanc estimé dans le Lyonnais) lui réjouira-t-il le

448 800 1358 838 cœur, qui est ce qu’il a de plus malade. (Il mourut six mois après.)

386 837 1474 894 22. LE MÊME. Lettre de Boileau à Racine, écrite (pour

425 886 1471 931 Brossette) de la main de J .-B. Racine, avec des corrections

425 921 1469 969 et un post-scriptum de dix lignes aut. de Boileau; Auteuil,

429 960 784 1000 19 mai, 2 p. 1/2 in-4.

480 1007 1474 1046 Epître curieuse, dans laquelle il parle de la maladie de Furetière, qui,

447 1036 1466 1078 croyant mourir, voulait envoyer quérir tous les membres de l'Académie pour

449 1071 1469 1107 leur faire amende honorable de son Factum. Le post-scriptum se termine

448 1102 1469 1141 par une épigramme contre les eaux de Bourbonne, auxquelles il avait eu

446 1134 1089 1169 vainement recours pour mie maladie du larynx.

382 1168 1411 1229 23. LE MÊME. Epitaphe de Racine, pièce aut., 1 p. in-4.

480 1230 1470 1267 Hommage touchant rendu à la mémoire d'un ami par un ami. A cette

446 1262 1467 1300 pièce est jointe la première rédaction de Boileau, écrite par l'abbé, son fère,

447 1294 1236 1330 mais corrigée par lui : elles offrent des variantes sensibles.

380 1329 1467 1388 24. LE MÊME. Les Héros de roman, manuscrit autog.,

422 1379 596 1418 23 p. in-4.

478 1426 1467 1463 Intéressant manuscrit, avec lotîtes les corrections de Boileau, mais mal¬

445 1459 1131 1496 heureusement incomplet de quelques pages à la fin.

381 1495 1185 1553 25. LE MÊME. Pièce aut., 3/4 de p. in-4.

477 1556 1467 1595 Fragment de la préface pour l'édition de scs OEuvres, de 1713. Il repousse

444 1586 1466 1627 la paternité de plusieurs satires qu'on lui attribue; mais il avoue que lui et

444 1618 1465 1660 Racine sont pour quelque chose dans la Parodie du Cid, publiée par Fu¬

445 1650 537 1677 retière.

380 1686 1464 1744 26. LE MÊME. Deux pièces de vers aut., avec ratures

421 1737 850 1778 et corrections, 1 p. in-1.

474 1780 1464 1820 Quatrain de Charpentier et dixain de Boileau sur ce mot de l'Antologie :

444 1812 1463 1852 «Ego quidem cantabam, scribebat vero divus Homerus. » Le dixain de Boi¬

443 1847 744 1881 leau finit par ce vers :

701 1889 1051 1917 Je chantois, Homère escrivoit.

377 1916 1463 1977 27. LE MÊME. Deux pièces de vers aut., avec ratures

417 1970 846 2010 et corrections, 1 p. in-4.

472 2012 1462 2050 Enigme (sur la puce) et vers pour mettre au bas du portrait de

439 2042 1313 2078 M. Racine. Ces derniers vers se terminent par le fameux II sut

647 2084 1133 2114 Surpasser Euripide et balancer Corneille.

371 2114 1462 2175 28. LE MÊME. Deux pièces de vers autog., avec ra¬

414 2164 954 2206 tures et corrections, 1 p. in-4.

468 2207 1460 2248 Relative à la légende mise par M. Le Verrier au bas du portrait de Boi¬

433 2240 1460 2279 leau gravé par Drevet. Boileau rapporte le texte de cette légende où on lui

434 2272 1312 2310 fait faire sou éloge lui-même, et y ajoute sa réponse en huit vers.

369 2310 1458 2364 29. LE MÊME. Pièce de vers de Boileau, avec une note

408 2356 794 2397 aut., 1 p. in-8 oblong.

464 2398 1456 2441 Epigramme de M. de * (Gourville). Boileau a raturé le nom, mais il a
