1884 2836
954 231 1122 268 - 2 -

315 329 1760 381 brillante qui n’a pas duré moins de deux heures. Le ministère public

312 378 1761 431 a répliqué. M. Chasles a été rappelé pour quelques explications. Comme

314 428 1759 480 il parlait des trois cents premières lettres de Galilée que Lucas lui

312 477 1761 530 avait livrées d’abord, le président a dit en passant : «C'était déjà

313 527 1755 578 beaucoup trop », ce qui a excité une hilarité générale dans la salle.

313 576 1760 627 Après une courte réplique du défenseur, le Tribunal s’est retiré dans

314 626 1759 681 la chambre des délibérations, d’où il a rapporté un verdict condam¬

313 676 1760 726 nant Vrain-Lucas à deux ans d’emprisonnement, 500 fr. d'amende et

311 725 550 774 aux dépens.

360 775 1759 825 Voilà l'affaire dans toute sa sécheresse. Il n’entre pas dans notre

310 824 1759 874 cadre d’en rendre un compte régulier, complet, donnant les faits dans

311 874 1759 926 l’ordre où ils se sont déroulés devant le Tribunal. Il nous semble plus

311 924 1759 975 instructif de rappeler les choses les plus intéressantes, en groupant les

306 973 1757 1025 détails éparpillés dans le rapport des experts, l’interrogatoire, le ré¬

307 1023 832 1073 quisitoire et la plaidoirie.

358 1080 1757 1141 Notice sur Lucas. — Il est âgé de 52 ans. Fils d’un journalier de

307 1133 1751 1184 Lanneray, près de Châteaudun, il ne reçut qu’une instruction primaire,

305 1181 1753 1233 travailla chez un avoué et au greffe des hypothèques de cette ville. Il

304 1232 1755 1283 montrait beaucoup de goût pour l’étude, et fréquentait assidûment

303 1281 1753 1333 la bibliothèque publique. Venu à Paris en 1852, il brigua un emploi

302 1331 1756 1383 à la Bibliothèque impériale ; mais il fut repoussé, faute d’un diplôme

302 1380 1752 1432 de bachelier. Son ignorance du latin lui fit également refuser un emploi

300 1430 1757 1479 dans une librairie ancienne importante. « A ce moment, lit-on dans le

300 1478 1755 1531 réquisitoire, un malheureux hasard l’a mis en rapport avec le directeur

300 1528 1753 1585 d’un cabinet généalogique d'un triste renom, le cabinet Letellier,

300 1577 1756 1628 ancien cabinet Courtois. C’est là, évidemment, que Lucas s’est perdu

301 1627 1755 1678 et qu’il est devenu ce qu’il est actuellement ^ C’est là en effet qu’il

301 1676 1752 1728 fabriqua les deux lettres de Montaigne dont il sera parlé plus loin.

303 1725 1755 1777 Lucas fréquentait les cours de MM. Damiron, Lenormand et Géruzez,

300 1774 1756 1827 et employait le reste de ses loisirs dans les bibliothèques. Lors de son

298 1824 1757 1875 arrestation, Lucas était surveillé depuis un mois par la police. Il occu¬

301 1873 1759 1926 pait un petit appartement, rue Saint-Georges, avec sa maîtresse (il était

299 1925 1756 1976 veuf et père de famille). On avait remarqué qu’il ne sortait de chez lui

300 1973 1755 2025 qu’à onze heures, déjeunait au café Riche ou dans une crémerie,

301 2023 1759 2075 allait travailler à la Bibliothèque impériale, rentrait chez lui après

302 2072 1760 2125 dîner, ne parlait à personne et n’allait que chez M. Chasles. M. le Pré¬

303 2121 1760 2174 sident lui ayant demandé ce qu’il avait fait des 140,000 fr. et plus

308 2166 1761 2223 que lui avait comptés M. Chasles, il a d’abord avoué qu’il avait mis en

305 2222 1449 2272 réserve 4 à 5,000 fr., puis il est revenu sur ses aveux.

357 2285 1760 2338 PREMIERS ACHATS DE M. CHASLES. — Voici ce que dit à ce sujet

307 2336 1760 2392 M Chasles, dans sa déposition ; « Il y a longtemps déjà, plus de huit

306 2385 1758 2436 ans, M. Lucas s’est présenté chez moi; il se disait de Châteaudun;

307 2435 1763 2487 comme je suis de Chartres, nous étions presque du même pays, je le

308 2485 1753 2536 reçus. 11 médit qu’il était chargé de placer, de la part d’un collection¬

309 2534 1762 2586 neur, une grande quantité de manuscrits et de livres d’une grande

311 2584 1762 2642 valeur, et, tout particulièrement des lettres autographes. La première

312 2632 1760 2686 pièce qu’il m’apporta fut une lettre de Molière, qu’il me fit payer
