1884 2823
921 155 1113 192 -12 -

380 235 1748 282 Bayonne. — L. a. s. à Stéphen de la Madeleine, 1 p. in-8.

376 282 1750 317 Curieuse. 1 50

314 323 1747 369 12 Batta (Alex.), célèbre violoncelliste et compositeur. — L. a. s.

377 367 1746 413 à Stéphen de la Madeleine, 12 août 1856, 1 p. 1/2 in-8. 3 »

315 412 1748 458 13 Bataille (Ch.-Amable), célèbre chanteur de l’Opéra-Comique,

377 456 1747 501 né à Nantes.— L. a. s. à Stéphen de la Madeleine, 1 p. in-8. 2 »

314 501 1747 551 14 Beaumarchais (Caron de), l’illustre auteur du Mariage de Figaro.

378 545 1747 590 — L. s., avec une correction et trois lignes autog., à M. Du

380 589 1745 634 Portail; Paris, 30 nov. 1791, 3 p. in-4. 8 »

404 634 1750 672 Curieuse lettre relative à des fusils commandés en Angleterre pour la France. Il

377 672 1751 713 signe : Caron Beaumarchais, soldat citoyen de la compagnie Taillandier,

376 711 926 743 section de la rue de Montreuil.

316 750 1749 796 15 Beauvillier (Marie de), maîtresse de Henri IV. — Quit. sig.

377 795 1748 844 sur vélin, comme Abbesse de Montmartre, 25 sept. 1635, cach. 2 »

315 838 1749 884 16 Béguillet (Edme), célèbre agronome, historien de la Bourgogne

377 882 1749 928 et de Paris. — L. a. s. à Haller fils; Dijon, 1778, 3 p. in-4,

377 927 1749 972 cachet. Relative à ses ouvrages. 7 »

316 971 1753 1016 17 Béranger, le célèbre chansonnier. — L. a. sig. B., à M. Fabre¬

378 1017 1753 1061 guettes, 1 p. in-8. 2 50

313 1059 1753 1105 18 Berlioz (Hector), illustre compositeur. — L. a. s. à Stéphen de

378 1104 1754 1151 la Madeleine; 25 août 1862, 2 p. in-8. 3 50

404 1147 1750 1189 Curieuse épître. Il le remercie d'un article élogieux, qui lui a fait grand plaisir.

380 1187 1755 1227 « Du moins, dit-il, autant que puisse me faire plaisir une preuve d’amitié, car je

377 1227 1752 1266 deviens de plus en plus indifférent à tout. Les douleurs physiques m’exténuent,

378 1266 1752 1305 l’isolement et l’ennui m’écrasent, et je n’aspire plus qu’à m'en aller vite en terre,

378 1305 1692 1344 comme Marlborough, sans même être porté comme lui par quatre-z-ofticiers. »

315 1343 1755 1388 19 Bienaimé (Paul-Emile), musicien et compositeur, professeur

377 1386 1752 1440 au Conservatoire, maître de chapelle de Notre-Dame de Paris.

377 1432 1755 1478 — L. a. s. à Stéphen de la Madeleine, 1829, 1 p. 1/2 in-8. 1 50

311 1475 1754 1521 20 Bitaubé (P.-J.), célèbre helléniste, traducteur estimé d’Homère,

378 1520 1754 1564 de l’Institut. — L. a. s. à Treuttel et Wurtz; Paris, 3 vent,

380 1566 1752 1611 an XII, 1 p. in-4. 4 »

407 1610 1378 1655 Toute relative à la publication de ses Œuvres complètes.

312 1647 1754 1694 21 Bohmer, joaillier de la cour, qui vendit le fameux collier de

380 1693 1752 1738 la reine. — Pièce sig., 1777, 1 p. in-f. 5 »

406 1737 1755 1777 Ordonnance de paiement sig. du comte de Provence (Louis XVIII), de la somme

378 1776 1755 1816 de 50,000 fr pour diamants fournis au prince par Bohmer, qui a donné son

381 1816 1170 1856 acquit au dos, en signant : Bohmer et Compe.

311 1853 1755 1899 22 Boissy-d’Anglas (F.-Ant.), célèbre conventionnel, de l’Institut,

378 1899 1754 1944 né dans l’Ardèche. — L. a. s. à Treuttel et Wurtz, 1818, 1 p.

381 1944 1753 1978 in-8. 3 »

405 1987 1757 2027 Relative à la publication de son Essai sur la vie, les écrits et les opinions de

366 2027 599 2058 Malesherbes.

311 2065 1756 2111 23 Bonaparte, général en chef de l’armée d’Egvpte. — Belle

377 2109 1756 2156 pièce sig., relative à l’armement, au Caire, de deux chebeks

376 2154 1755 2200 et d’une corvette; quart.-génal du Caire, 14 fruct. an VI, 1 p.

378 2199 1755 2244 in-f., vignette. 6 »

310 2243 1758 2287 24 Bonaparte (le prince Pierre), traduit devant la Haute-Cour

376 2287 1755 2333 pour le meurtre de Victor Noir. — L. a. s., 1 p. in-8. 4 »

309 2331 1756 2378 25 Bonaparte (Marie de Solms), femme célèbre, épouse de

376 2376 1756 2422 M. Rattazzi. — L. a. s. ; Bruxelles, 25 avril, 3 p. in-8. Un peu

375 2420 1754 2466 fatiguée, mais curieuse. 2 »

309 2464 1756 2511 26 Bourbon (Charles, cardinal de), archevêque de Rouen, roi de

375 2509 1756 2555 la Ligue, sous le nom de Charles X. — Pièce sig. de lui et de

374 2553 1757 2597 Marie de Clèves, relative au vicomté de Saint-Florentin, 1572,

375 2597 1757 2641 in-f., vélin. 2 50
