1858 2898
911 176 1076 213 - 3 -

272 273 1712 322 assez cher, 500 francs ; puis une de Rabelais, une de Racine, à 200 fr.

272 321 1715 373 chaque. » Suivant la défense, Lucas aurait été amené malgré lui k

273 371 1716 420 vendre des pièces fausses à M. Chasles. Dans le commencement de leurs

272 421 1715 472 relations, il ne lui aurait remis que des autographes authentiques. Un

270 470 1717 521 jour, il aurait laissé tomber de son portefeuille une pièce qu'il cher¬

273 519 1716 560 chait à dissimuler. M. Chasles la ramassa. C’était une lettre d’un

275 569 1715 619 personnage illustre, fabriquée par Lucas. M. Chasles voulut l’acheter,

273 619 1719 669 et comme il lui fut répondu qu’elle n’était pas à vendre, il insista de

276 667 1718 718 plus belle et l’obtint. Le succès de ce manège serait le début de la

275 717 859 766 grande entreprise de Lucas.

327 767 1722 818 PROVENANCE. — M. Chasles, dans sa déposition, rapporte ainsi le

275 816 1718 867 conte que lui avait fait Lucas : « Cette collection, me disait-il, avait

275 866 1724 916 été formée par M le comte de Boisjourdain, qui, émigrant en 1791 et

279 916 1722 965 passant en Amérique, avait fait naufrage et avait péri, mais sa col¬

279 965 1727 1017 lection avait été sauvée; une partie seulement avait été endommagée

279 1014 1726 1066 par l’eau, mais pouvait encore se vendre.» Il ajoute : « M. Lucas me

278 1065 1722 1115 raconta un jour que Louis XVI, qui était aussi un collectionneur,

278 1113 1723 1167 n’ayant plus le temps de s’occuper de sa collection, avait envoyé au

279 1163 1725 1214 grand collectionneur, M. le comte de Boisjourdain, cinq ou six mille

281 1213 1722 1263 pièces fort curieuses. » C'est la première fois que le nom de Louis XVI

279 1263 1726 1315 est cité en cette affaire. M. Chasles a eu tort de ne pas le dire plus

281 1311 1727 1365 tôt ; car Louis XVI n’est pas si loin de nous que l’on naît pu s’enquérir

275 1361 1724 1411 jusqu’à quel point il était possédé du goût des autographes, et com¬

281 1411 1725 1461 ment, amateur jaloux, il avait recueilli six mille pièces curieuses sans

279 1460 1724 1512 en faire part à ses amis, sinon à ce fortuné de Boisjourdain, à qui il

279 1508 1727 1560 avait donné le bloc Non : VI. Chasles n’avait donné que les énigmes de

283 1558 1724 1612 Lucas les plus difficiles à débrouiller, à cause de l’éloignement des temps.

280 1607 1726 1659 C’était d’abord de Desmainseaux et de Blondeau de Chaînage que

281 1657 1722 1706 venait la collection, puis de Louis XIII, Louis XIV, Mmes de Maintenon

277 1706 1725 1756 et de Pompadour. Pour les pièces anciennnes, le collectionneur était

280 1756 1189 1805 maître François Rabelais : cela se comprend.

328 1805 1723 1856 LA PASSION DE M. CHASLES. — Tout ce que Lucas lui apportait, il

281 1854 1719 1906 le prenait : M. Chasles l a déclaré dans l’interrogatoire, il a ajouté :

283 1904 1727 1955 « Un jour, je me fâchai, et j’allai jusqu'à le traiter de fripon; mais

277 1954 1722 2005 lui, avec un sang-froid qui m'étonne plus encore aujourd’hui que je

279 2002 1719 2052 connais l'homme, il me répondit sérieusement, et gravement : « Si

280 2052 1725 2102 vous n’êtes pas satisfait de moi, rendez-moi mes pièces, et je vous ren¬

279 2100 1727 2151 drai vos 150,000 francs. » Cela fit l’effet qu’il attendait: à cette

280 2150 1724 2203 époque, à aucun prix, je n’aurais voulu rendre mes pièces. » Passion

281 2199 1727 2251 et foi, il y avait là ces deux choses, qui peuvent se rencontrer après

283 2254 698 2289 tout dans un savant.

331 2299 1723 2350 BESOIN DE LA CAUSE. — Ce n'était pas sans raison que M. Faugère.

282 2348 1726 2400 voyant toujours arriver de nouvelles pièces pour appuyer celles qui se

282 2396 1727 2449 trouvaient en défaut dans les débats de l’Académie, prétendait qu’on

285 2447 1728 2498 les fabriquait pour les besoins de la cause, et que M. Leverrier, s’ins¬

285 2495 1729 2556 pirant de la même pensée, demandait que M. Chasles déposât la col¬

285 2534 1728 2596 lection tout entière. Les débats du procès ont pleinement justifié ces

285 2594 1577 2648 soupçons. Voici en effet ce qu’on trouve dans le réquisitoire :
