1850 2885
277 179 431 213 No 25.

1338 179 1609 215 Mars 1870.

701 333 1167 399 REVUE

900 460 967 485 DES

218 542 1658 722 AUTOGRAPHES

402 794 1481 848 DES CURIOSITÉS DE L’HISTOIRE L DE LA BIOGRAPHIE

243 914 1634 948 PARAISSANT CHAQUE CHAQUE MOIS, SOUS LA DIRECTION DE

657 1009 1229 1043 GABRIEL CHARAVAY

330 1158 797 1193 ABONNEMENTS:

248 1222 896 1261 France, un an (12 Numéros) 3 fr.

249 1266 825 1310 Étranger .................. 4

1163 1160 1477 1187 BUREAUX:

984 1224 1632 1258 60, rue Saint-André-des-Arts,

1102 1273 1537 1305 Précédemment n° 50, à Paris.

605 1357 1281 1396 UN NUMÉRO : 25 CENTIMES

263 1507 1626 1554 Sommaire : 1. Procès des faux autographes, affaire Vrain-Lucas. —

306 1563 1623 1606 2. Collection Joseph Ajazzi.— 3. Autographes à prix marqués.

466 1686 1433 1739 PROCÈS DE FAUX AUTOGRAPHES.

665 1789 1211 1828 AFFAIRE VRAIN-LUCAS

273 1871 1666 1922 Vrain-Lucas, le faussaire, avait été arrêté le 9 septembre dernier.

227 1921 1672 1971 La masse de la collection acquise par M. Chasles, au nombre de

224 1970 1671 2023 plus de 27,000 pièces, avait été transportée à la Bibliothèque impé¬

223 2019 1668 2069 riale, et soumise à l’expertise de deux érudits distingués, M Henri

227 2066 1671 2119 Bordier, connu par ses travaux sur les autographes, et M. Mabille, em¬

225 2118 1318 2171 ployé à la Bibliothèque, département des manuscrits.

278 2168 1670 2211 L’affaire est venue, le 16 février, au tribunal correctionnel de Paris,

225 2217 1674 2268 6e chambre, présidée par M. Brunet, M. l’avocat impérial Fourchy oc¬

224 2266 1675 2318 cupant le siège du ministère public. Celte première audience a été

225 2315 1670 2366 consacrée à l’interrogatoire du prévenu, à l’audition des témoins,

227 2366 1673 2415 M. Chasles et les deux experts, et au réquisitoire de M. l’avocat im¬

226 2412 1676 2466 périal. Il y a eu remise h huitaine pour entendre la défense et lé pro¬

228 2466 628 2515 noncé du jugement.

280 2513 1675 2563 A l’audience du 23 , Me Horace Helbronner, jeune avocat stagiaire,

229 2555 1678 2614 désigné par le bâtonnier de l'ordre, a défendu Lucas dans une plaidoirie
