1876 2823
1013 165 1183 204 - 2 -

368 261 1822 312 monde plus affable, plus doux, plus parfaitement bon. Sa perte cause

365 311 1821 363 de profonds regrets à tous ses confrères, qui ont appris sa mort trop

367 360 1344 412 tard pour l’accompagner à sa dernière demeure.

417 526 1823 576 Nous avons aussi le regret d’annoncer la mort, pendant le siège de

367 576 1823 626 Paris, de deux autres amateurs d’autographes, bien connus de nos

368 624 1823 677 lecteurs: M Dumouchel, âgé de près de 90 ans, et devenu presque

362 677 1823 726 aveugle; M. Gilbert, connu par ses travaux sur Vauvenargue et

368 725 1826 774 La Rochefoucauld, lauréat de l’Académie française, et dont la belle

366 776 1695 825 collection d’autographes avait été vendue aux enchères en 1865.

543 949 1647 1011 LETTRES AUTOGRAPHES

828 1051 1352 1088 A PRIX MARQUÉS

497 1128 1691 1173 En vente chez Gabriel CHARAVAY, expert,

761 1188 1428 1231 rue Saint-André-des-Arts, 60.

408 1275 1823 1320 1 Abd-el-Kader, le célèbre émir de l’Algérie. — L. a. s., en

452 1320 1825 1365 arabe, avec son cachet, 1 p. in-8. 5 »

480 1365 1826 1404 Cette pièce, qui taisait partie de la collection de M. Genty de Bussy, ancien

453 1403 1824 1442 Intendant civil en Algérie, est accompagnée d'une lettre qui en constate l'authenticité.

406 1442 1823 1487 2 About (Edm.), célèbre littérateur contemporain, né à Dieuze.

451 1486 1824 1531 — L. a. s., 1855, 1 p. in-8. Curieuse. 2 »

407 1530 1824 1576 3 Adam (Edm.), préfet de police, puis représentant de la Seine.

455 1575 1828 1618 — L. s., 1848, 1 p. in-8. 1 25

407 1618 1827 1663 4 Affre (D.-Aug.), archev. de Paris, victime de son dévouement

454 1662 1826 1709 pendant les journées de juin 1848. — L. a. s. au libraire

453 1707 1825 1754 Méquignon; Luçon, 1822, 1 p. in-4. 3 »

408 1751 1826 1803 5 Agardh (Ch.-Ad.), le plus savant botaniste suédois de ce siècle,

453 1795 1827 1842 évêque de Carlstadt. — L. a. s.; Carlstadt, 1847, 2p. in-8. 2 50

408 1839 1828 1885 6 Aguesseau (H.-F. d’), illustre chancelier de France, né à

454 1884 1829 1930 Limoges. — L. s., 1745, 1 p. in-f. 1 25

410 1927 1826 1972 7 Adélaïde de France (Marie), tille de Louis XV, tante de

454 1971 1827 2019 Louis XVI. — Reçu sig. avec 4 lignes aut., d’une somme de

460 2016 1826 2061 1,600 liv., 1761, 1 p. in-4. 2 »

411 2060 1829 2106 8 Alard (Delphin), célèbre violoniste et compositeur, né à

456 2105 1829 2150 Bayonne. — L. a. s., 1 /2 p. in-8. 1 50

411 2148 1828 2194 9 Alary (Giulio), célèbre compositeur dramat., auteur des

459 2192 1827 2237 Tre Nozze — L. a. s., 1852, 1 p. in-8. 2 »

396 2237 1829 2281 10 Alkan aîné (Ch.-V.), célèbre pianiste et compositeur, ami et

459 2280 1827 2327 collaborateur de Chopin. — L. a. s. à une dame, 1856, 3 p. in-8.

459 2324 1830 2370 Curieuse épître. 2 50

394 2368 1829 2421 11 Alvimare (M.-P. d'), célèbre harpiste et compositeur, profes¬

460 2413 1827 2458 seur de harpe de l’impératrice Joséphine, né a Dreux.— L. a.

461 2458 1826 2503 s., 1 p. in-8. 2 »

400 2501 1827 2547 12 Amat (Léopold) , gracieux compositeur de romances et de

462 2545 1826 2591 chansonnettes, né à Toulouse. — L. a. s.; Paris, 1844, 3p. in-8.

464 2589 1829 2635 Sur son genre de composition. 1 50
