1858 2885
810 143 1004 183 - 13 -

267 243 1642 284 où il n’est rien moins question que de sonner le toscin, de battre la générale et de

267 283 1642 322 couper nombre de têtes. « Je ferais volontiers le sacrifice de la mienne, dit-il, si

267 322 1642 363 elle pouvait ramener la tranquillité; mais je crois qu’il est de votre prudence,

267 361 1644 402 comme de votre devoir, de faire mettre des troupes sur pied et de faire dissiper

267 401 1259 440 ces scélérats, qui ne sont qu’avides d'argent et de sang... »

203 439 1644 486 12 Bonaparte (Lætitia), mère de Napoléon Ier. — L. sig., avec la

266 484 1642 531 souscription autog., à son fils Lucien ; Rome, 1821,1p. in-8.

265 528 1641 574 Très-jolie pièce. 6 »

202 564 1644 620 13 Borel (Petrus), célèbre littérateur romantique, dit le Lycan¬

266 617 1642 665 thrope. — L. a. s. au dessinateur Grandville, 1 p. in-8. 4 »

308 663 1640 702 Curieuse épître d’invitation à une parodie d’une soirée d’Alexandre Dumas.

270 702 1645 747 « Il n’y aura, dit-il, ni femmes ni bourgeois. Une grande partie des conviés sera

266 739 1645 783 travestie, mais, pour la plupart, les travestissements seront des charges, vous y

267 781 1645 821 trouverez sans doute des jeunes gens de vos amis..., la grosse joie y régnera en

269 822 381 858 plein. »

202 858 1647 905 14 Bouet-Willaumez (Ed. comte), amiral, commandant de la

264 902 1644 950 flotte de la Baltique pendant la guerre avec la Prusse. — L.

267 947 1645 994 a. s. à un général; 4 août 1848, 1 p. 1/2 in-8. 4 »

307 993 1646 1033 Il demande la croix pour le citoyen Grisier, lieutenant de la garde nationale,

269 1032 1023 1072 qui a été blessé rendant les journées de juin.

204 1070 1647 1122 15 Bourbaki (Ch.), brave général en chef de l’armée de l’Est pen¬

268 1116 1647 1162 dant la dernière guerre, né à Pau le 22 avril 1816. — L. sig.;

267 1159 1646 1205 Blidah, 1852, 1 p. in-f. 4 »

204 1204 1648 1251 16 Brillat-Savarin (J.-A.), constituant, le spirituel auteur de la

267 1249 1648 1295 Physiologie du goût, né à Belley (Ain). — L. a. s. à Berthereau,

267 1293 1647 1340 son ancien collègue à l'Assemblée constituante, 1806, 1 p. in-f.

268 1339 1645 1384 Belle pièce. 4 6 »

206 1382 1649 1433 17 Buchez (P.-J.-B.), chef d’une école socialiste, président de

270 1426 1649 1471 l’Assemblée constituante de 1848, né dans les Ardennes. — L.

271 1471 1649 1517 a. s. à son collègue Degousée, 1848, 1 p. in-8. 3 »

310 1516 1653 1555 Relative à l’association démocratique des amis de la Constitution, dont il était

272 1558 434 1596 président.

206 1595 1653 1641 18 Capoul ( J. ), célèbre chanteur de l’Opéra. — L. a. s. à

268 1640 1650 1683 M. Boïeldieu, 1 p. in-8. 3 »

206 1676 1651 1739 19 Cavaignac (Godefroy), le chevaleresque chef du parti répu¬

272 1728 1652 1774 blicain sous Louis-Philippe. — L. a. s. au citoyen Bavard,

271 1772 1653 1820 (1834), 1 p. in-8, relative aux publications de la Société des

272 1819 1652 1855 droits de l’homme. 3 »

204 1862 1655 1909 20 Cham (A. de Noé, dit), le spirituel caricaturiste. — L. a. s. à

272 1907 1652 1953 M. Boïeldieu, 1864, 1 p. in-8. 3 »

205 1950 1654 1998 21 Champfleury (Jules Fleury, dit), littérateur, chef de l’école

273 1996 1653 2041 réaliste, né à Laon. — L. a. s. 1853, 1 p. in-8. 3 »

206 2040 1655 2087 22 Changarnier, célèbre général, député. — L. a. s. à M. Carlier,

274 2085 1653 2139 préfet de police, 1849, 1 p. in-8. 3 »

205 2129 1655 2177 23 Charlet (N.-T.), peintre et dessinateur célèbre. — L. a. s., au

274 2173 1654 2222 crayon, à Duchesne aîné, 1 p. in-8. 4 »

315 2219 1640 2258 Relative au dessin du Chanteur, gravé par Harrant Smith, et qu’il doit retoucher.

207 2257 1658 2303 24 Chénier (Marie-Jos.), célèbre poète et conventionnel, l’auteur

274 2301 1656 2348 du Chant du Départ. — Pièce sig. comme membre du Comité de

276 2346 1656 2395 sûreté générale, sig. aussi de Rovère, Guffroy et Courtois,

274 2391 1653 2436 5 flor. an III, sceau du Comité. 5 »

316 2435 1657 2475 Relative au désarmement des sections de Paris après le mouvement révolution¬

276 2477 548 2519 naire de prairial

208 2514 1657 2563 25 Condé (Louis de Bourbon, prince de), dit le Grand. — Belle pièce

276 2558 1656 2607 sig. sur vélin, avec son sceau ; Chantilly, 1677, in-f. 3 »

313 2604 1189 2644 Nomination à la cure de Maron, diocèse de Bourges.
