1884 2836
897 179 1089 217 - 16 -

283 277 1727 324 54 Laurent (Marie), une des actrices les plus distinguées de notre

352 322 1727 375 époque. — L. a. s. à M. Boïeldieu, 1 p. in-18. 2 »

284 367 1732 419 55 Loriquet (le Père J.-Nic.), jésuite, célébré par son Histoire de

349 412 1727 459 France. — Pièce sig. de lui et de Rusand, 1819, 2 p. in-4. 4 »

389 457 1728 497 Traité relatif à la publication de ses ouvrages, et en particulier de son Histoire

350 496 542 527 du France.

283 535 1729 582 56 Louis XV, roi de France. — Belle pièce sig. avec le mot paiés

352 579 1727 625 autog., 1762, 1 p. in-f. 4 »

393 625 1727 664 A côté de la vraie signature du roi se trouve sur cette pièce la signature de la

353 664 844 702 main, particularité assez rare.

282 702 1727 747 57 Mazarin (le cardinal Jules), illustre homme d’Etat. — L. s.,

350 747 1726 793 en italien, avec la souscription aUtog.; Aix, 13 mars 1660, 1 p.

352 791 1727 827 in-f. 15 »

283 835 1726 882 58 Moreau (J.-M.), dit le Jeune, gracieux vignettiste du XVIIIe siècle.

349 881 1725 927 — L. a. s. à Beaumarchais, 1781, 1 p. in-4. 20 »

389 924 1724 965 Très belle lettre, relative à sa collection de vignettes pour le Voltaire de Kehl.

282 964 1727 1010 59 Murger (Henri), écrivain original, auteur de la Vie de Bohème.

349 1009 1726 1054 — L. a. s. à M. Boïeldieu, 1 p. in-8. 3 »

282 1054 1727 1103 60 Napoléon Ier, empereur des Français. — L. s., comme géné¬

349 1098 1726 1145 ral en chef de l’armée d’Egypte, au générai Vial; le Caire,

347 1143 1724 1190 23 brum. an VII, 1 p. in-f. 9 »

394 1188 1728 1228 Belle lettre, écrite par Bourrienne sous la dictée de Bonaparte, relative à la cam¬

352 1228 616 1266 pagne d’Egypte.

281 1266 1726 1318 61 Orléans (L.-Ph.-Jos. d’), dit Egalité. — Belle pièce sig., 1789,

352 1311 1725 1356 1/2 p. in-i. 4 »

280 1354 1725 1400 62 Orléans (Ferd.-Ph., duc d’), fils aîné du roi Louis-Philippe.

345 1399 1725 1446 — L. a. s.; les Tuileries, 1840, 1 p. in-8. 10 »

279 1443 1725 1490 63 Palloy (le patriote), le démolisseur de la Bastille. — Circulaire

348 1489 1728 1535 imprimée, avec sa signature autog. Palloy, patriote; 12 mars

352 1533 1725 1579 1792, 1 p. in-f. 3 »

390 1578 1727 1618 Curieuse pièce relative à ses médailles fondues avec les barreaux de la Bastille.

279 1618 1724 1663 64 Le même. — Billet à ordre aut. sig. 2 »

280 1661 1772 1708 65 Pedrotti (Carlo), compositeur italien distingué, auteur de

346 1706 1726 1756 Roméa di Monfort. — L. a. s., en français, à M. Boïeldieu; Turin,

352 1745 1726 1797 1869, 2 p. in-8. 4 »

387 1795 1727 1836 Curieuse lettre relative à son opéra des Masques. Il termine ainsi : « Vous par¬

348 1836 1490 1875 donnerez aux fautes : c’est la première fois que j’écris en français. »

279 1874 1725 1921 66 Périga (Mme), célèbre actrice contemporaine. — L. a. s., 1 p.

347 1920 1722 1955 in-8. 3 »

278 1964 1724 2010 67 Porret (H.), habile et fécond graveur de vignettes. — L. a. s.

346 2009 1722 2055 à M. Delaunay, 1840, 1 p. in-8. 3 »

388 2053 1310 2096 Relative à des vignettes gravées par lui pour l'Artiste.

280 2092 1723 2144 68 Ravel (A.), le désopilant acteur comique du Palais-Royal. —

346 2137 1720 2183 L. a. s. à M. Boïeldieu, 1 p. in-18. 3 »

279 2181 1720 2233 69 Ravignan (le Père A. de), un des plus grands prédicateurs du

344 2226 1722 2272 XIXe siècle. — L. a. s. ; Saint-Acheul, 1854, 1 p. in-4. Légère

345 2274 1719 2308 cassure. 4 »

385 2316 1317 2355 Relative à son ouvrage Clément XIII et Clément XIV.

277 2355 1722 2401 70 Rouher (Eug.), premier ministre de Napoléon III. — L. a. s.,

348 2400 1720 2445 1868, 1 p. in-8. Rare. 6 »

277 2443 1720 2489 71 Saint-Pierre (Bernardin de), l’auteur de Paul et Virginie. —

344 2488 1718 2535 L. a. s. au libraire Merlin, an XII, 1 p. in-8. 12 »

383 2524 1719 2574 Belle épître, dans laquelle il est question des Études de la nature et de Paul

345 2574 549 2614 et Virginie.

566 2652 1417 2686 Rouen, J. Lecerf imp. de la Cour d'Appel et de la Mairie.
