1850 2868
824 94 1018 134 - 15 -

209 193 1648 239 40 Garibaldi (Gius.), le célèbre général et patriote italien. —

275 237 1646 284 L. 8. à son ami Trecchi ; Fino, près Côme, 1859, 1/2 p. in-8.

278 282 1646 318 Sur l’achat de revolvers. 6 »

210 326 1648 373 41 Gautier (Théophile), le brillant critique. — L. a. s. à L. Lurine,

281 372 1647 417 1/2 p. in-8. 3 »

211 415 1649 462 42 Gavarni, le spirituel dessinateur. — L. a. s. à M. Delaunay,

279 460 1649 506 direct, de l’Artiste, 1/2 p. in-8. 4 »

320 511 1653 549 Il invite Jules Janin à venir fumer sa pipe au sortir de la comédie. « Il ne serait

282 550 1572 589 pas du tout mal reçu ; personne ne lui ferait de sottise, ha ! mon Dieu non ! »

213 588 1649 635 43 Girardet (Karl), célèbre peintre et dessinateur vignettiste.

280 632 1650 679 — L. a. s. à M. Delaunay, 1840, 1 p. in-4. 4 »

320 678 1652 719 Relative à un dessin, vue prise sur le Righi, en Suisse, qu’il exécute pour son

283 717 680 749 abonnement à l’Artiste.

213 756 1651 803 44 Goncourt (Jules de), célèbre littérateur. — L. a. s., 1 p. in-8.

281 801 1651 847 Au sujet de sa pièce d’Henriette. 3 »

213 845 1655 892 45 Grévy (Jules), représentant du Jura, ex-président de l’Assem¬

282 889 1652 936 blée nationale. L. a. s., 1848,1 p. 1/2 in-8. 6 »

310 935 1657 973 Très curieuse lettre relative à son amendement de 1848. Il a été humilié que cette

284 974 1657 1014 dame ait pu lui demander comment il a voté sur la grande question de la prési¬

284 1014 1657 1053 dence de la République. « Où étiez-vous donc, dit-il, lorsque la tribune et la presse

283 1053 1657 1093 retentissaient du fameux amendement Grévy ! Vous ne savez pas que c’est le

284 1093 933 1128 plus beau fleuron de ma couronne !.. »

215 1131 1654 1183 46 Janin (Jules), le prince des critiques. — L. a. s., 1 p. in-8. 1 »

216 1175 1656 1224 47 Joséphine, impératrice des Français. L. a. s. au général

285 1213 1656 1266 Berthier; 26 frim., 1 p. in-18. 12 »

218 1269 1658 1315 48 Haussonville (le comte Jos. d’), littérateur et homme poli¬

285 1314 1657 1360 tique, de l’Acad. fr. — L. a. s., 1871, 1 p. in-8. 5 »

327 1359 1656 1399 Intéressante lettre relative à l’établissement d’une Université complète à Nancy.

289 1399 1661 1438 Il désirerait que ses collègues de l’Institut lui vinssent en aide. « Il ne s’agit de rien

288 1438 1661 1478 moins, dit-il, que de l’avenir des hautes études en France, et de la revendication

289 1478 1571 1517 pacifique, mais efficace un jour ou l’autre, de notre vieille unité territoriale.»

221 1522 1661 1573 49 Hugo (Victor), illustre écrivain. — L. a. s. à M. Loriot ;

288 1566 1660 1612 Hauteville-House, 1867, 2 p. in-8. Jolie lettre. 4 »

225 1616 1663 1661 50 Lachambeaudie (Pierre), un de nos meilleurs fabulistes mo¬

291 1655 1663 1706 dernes, né à Sarlat. — L. a. s. à M. Delarue, 3/4 de pages

293 1706 1659 1741 in-8. 4 »

338 1750 1666 1789 Il avait oublié la demande qu’on lui avait faite de l’adresse de Béranger. « Le

282 1790 1664 1828 souvenir de la captivité et le chaos de la position politique me font perdre la tête.»

227 1833 1664 1879 51 Lafontaine (Henri), un de nos plus célèbres acteurs de drames,

295 1879 1664 1924 né à Bordeaux. — L. a. s. à M. Boïeldieu, 1863, 2 p. in-8. 3 »

228 1928 1668 1978 52 Lamennais (F. de), illustre écrivain français. — L. a. s. à

304 1966 1665 2019 Mlle de La Tour-du-Pin, 1834, 2 p. in-8. 6 »

342 2018 1675 2058 Intéressante épître politique. « Ou a feint de croire, dit-il, que je haïssais le

302 2058 1669 2098 puissant, parce que je défendais le faible, que j’étais l’ennemi du riche, parce que

296 2096 1668 2138 je gémissais avec le pauvre et que je m'efforçais de le consoler par l’espérance d’un

299 2136 1670 2175 meilleur avenir. J’aime tous les hommes sans exception, et c’est parce que je les

301 2176 1670 2216 aime que je voudrais qu’ils s’aimassent davantage entre eux, et que la portion la

303 2215 1671 2257 plus nombreuse comme la plus infortunée de la grande famille n’en fût pas la plus

301 2258 539 2289 délaissée....»

233 2297 1671 2345 53 La Place (P.-Simon de), illustre géomètre, astronome et phy¬

301 2342 1669 2389 sicien, de l’Acad. fr. — L. a. s. à S. A. royale....; Paris, 18 sept.

305 2387 1669 2434 1811, 1 p. in-f. Belle pièce, mais dont un coin de la marge

302 2434 774 2479 supérieure est coupé.

348 2475 1672 2517 Hommage d’un exemplaire de son Mémoire sur les probabilités, qu’il a lu à

304 2515 1673 2557 l’Institut et qui fait partie d’un grand ouvrage qu’il doit publier bientôt sur cette

309 2558 648 2589 intéressante matière.
