1850 2885
805 150 956 181 — 7 —

208 241 1603 289 M. Alfred Sensier a succombé le 7 courant, à une cruelle

158 290 1603 342 maladie, qui le tourmentait depuis plus de dix années. Les

156 342 1604 392 arts perdent en lui un critique distingué, et le goût des auto¬

157 392 1605 442 graphes un de ses plus anciens et de ses plus passionnés

156 441 1606 492 zélateurs. Nous rappellerons, dans le prochain numéro, les

157 491 1607 542 divers titres qui recommandent sa mémoire au souvenir des

157 543 682 582 artistes et des curieux.

215 725 1569 805 AUTOGRAPHES A PRIX MARQUÉS

377 869 1390 914 En vente chez Gabriel CHARAVAY, expert,

593 969 1185 1009 8. QUAI DU LOUVRE, A PARIS.

162 1119 1610 1161 Abréviations : L. a. s. lettre autographe et signée; Acad, fr., Académie

278 1171 1495 1212 française; Sousc., compliment terminant la lettre; P., page.

212 1372 1608 1418 1 Abd-el-Kader, le célèbre émir de l’Algérie. — Quittance

253 1417 1611 1464 portant sa signature et son cachet; 25 sept. 1855, 1 p. in-8

252 1462 1612 1499 obi. 20 »

290 1507 1609 1546 Reçu de 8,333 fr. pour la pension que lui fait, à Brousse, le gouver¬

253 1545 1608 1586 nement français. Sa signature et son cachet sont certifiés par le baron

255 1585 1004 1620 Rousseau, consul de France à Brousse.

208 1624 1608 1670 2 About (Ed.), célébré littérateur et publiciste. — L. a. s. à un

253 1668 1611 1714 ami, 1861, 2 p. in-8. 4 »

292 1714 1610 1755 Curieuse lettre relative à un procès de presse qui lui est intenté par

254 1754 678 1793 le parquet de Saverne.

208 1792 1608 1839 3 Adélaïde d’Autriche, reine de Sardaigne, femme de Victor-

254 1837 1609 1883 Emmanuel. — L. a. s., en français, à sa chère Louise; Turin,

254 1876 1611 1927 20 déc. 1852, 2 p. in-8. 5 »

208 1927 1612 1973 4 Agassiz (Louis), naturaliste suisse, célèbre par ses travaux

253 1972 1610 2018 sur les glaciers. — L. a. s., 1 p. in-8. 3 »

208 2016 1611 2062 5 Aimard (Gustave), célèbre romancier. — Pièce de vers, en

253 2061 1610 2108 espagnol, aut. sig., 1 p. in-4. 3 »

208 2106 1610 2152 6 Alembert (J. Lerond d'), littérateur du XVIIIe siècle, de l’Acad.

254 2152 1612 2197 fr. — L. a. s., 1774, 1 p. in-4. 6 »

293 2196 1614 2243 Il demande qu’on lui conserve la gratification annuelle de 800 fr. sur

255 2234 1395 2275 la Gazette de France, dont il jouit depuis plusieurs années.

208 2274 1614 2321 7 Allan-Kardec (H.-L.-D. Rivail) le chef des Spirites, qui lui

253 2319 1617 2356 ont élevé un tombeau au Père Lachaise. — L. a. s. à M. d’At¬

255 2364 1615 2409 tainville, 1858, 1 p. in-8. 5 »

210 2408 1615 2454 8 Ampère (A.-M.), savant mathématicien et physicien, de l’Acad.

256 2453 1618 2500 des Sc., dont on a publié la gracieuse correspondance avec sa

258 2498 1617 2545 femme. — L. a. s. au professeur Bredin, à Lyon; 1822, 3 p.

257 2545 1617 2579 in-4. 5 »

297 2588 1618 2630 Intéressante épître relative à des expériences sur la pile. Il y parle

258 2628 1434 2668 de Ballanche, et de son fils, qui achève une pièce de théâtre.
