<?xml version="1.0" encoding="UTF-8"?>
<PcGts xmlns="http://schema.primaresearch.org/PAGE/gts/pagecontent/2013-07-15" xmlns:xsi="http://www.w3.org/2001/XMLSchema-instance" xmlns:xs="http://www.w3.org/2001/XMLSchema" xmlns:pr="http://schema.primaresearch.org/PAGE/gts/pagecontent/2013-07-15" xsi:schemaLocation="http://schema.primaresearch.org/PAGE/gts/pagecontent/2013-07-15 http://schema.primaresearch.org/PAGE/gts/pagecontent/2013-07-15/pagecontent.xsd">
  <Metadata>
        <Creator/>
        <Created>2018-09-26T17:32:42.34+02:00</Created>
        <LastChange>2018-09-27T14:57:16.017+02:00</LastChange>
        <Comments>
                Measurement unit: pixel
                PrimaryLanguage: English
                Language: FrenchStandard
                Producer: ABBYY FineReader Engine 11</Comments>
        <TranskribusMetadata docId="164161" pageId="6046082" pageNr="9" tsid="10278179" status="DONE" userId="10612" imgUrl="https://files.transkribus.eu/Get?id=RILDNCPQSFHGUIRCTGZZIDCX&amp;fileType=view" xmlUrl="https://files.transkribus.eu/Get?id=LMKPNCAAYJZLIFSDPFLFGJQH" imageId="1899196"/>
    </Metadata>
  <Page imageFilename="1877_01_RDA_N050-9.png" imageWidth="1850" imageHeight="2885">
    <PrintSpace>
            <Coords points="174,141 1621,141 1621,2672 174,2672"/>
        </PrintSpace>
    <ReadingOrder>
            <OrderedGroup id="ro_1604140897508" caption="Regions reading order">
                <RegionRefIndexed index="0" regionRef="r_1_1"/>
                <RegionRefIndexed index="1" regionRef="r_2_1"/>
                <RegionRefIndexed index="2" regionRef="r_2_2"/>
                <RegionRefIndexed index="3" regionRef="r_2_3"/>
                <RegionRefIndexed index="4" regionRef="r_2_4"/>
                <RegionRefIndexed index="5" regionRef="r_2_5"/>
                <RegionRefIndexed index="6" regionRef="r_2_6"/>
                <RegionRefIndexed index="7" regionRef="r_2_7"/>
                <RegionRefIndexed index="8" regionRef="r_2_8"/>
                <RegionRefIndexed index="9" regionRef="r_2_9"/>
                <RegionRefIndexed index="10" regionRef="r_2_10"/>
                <RegionRefIndexed index="11" regionRef="r_2_11"/>
                <RegionRefIndexed index="12" regionRef="r_2_12"/>
                <RegionRefIndexed index="13" regionRef="r_2_13"/>
                <RegionRefIndexed index="14" regionRef="r_2_14"/>
                <RegionRefIndexed index="15" regionRef="r_2_15"/>
                <RegionRefIndexed index="16" regionRef="r_3_1"/>
                <RegionRefIndexed index="17" regionRef="r_3_2"/>
                <RegionRefIndexed index="18" regionRef="r_3_3"/>
                <RegionRefIndexed index="19" regionRef="r_3_4"/>
                <RegionRefIndexed index="20" regionRef="r_3_5"/>
                <RegionRefIndexed index="21" regionRef="r_3_6"/>
                <RegionRefIndexed index="22" regionRef="r_3_7"/>
                <RegionRefIndexed index="23" regionRef="r_3_8"/>
                <RegionRefIndexed index="24" regionRef="r_3_9"/>
                <RegionRefIndexed index="25" regionRef="r_3_10"/>
                <RegionRefIndexed index="26" regionRef="r_3_11"/>
                <RegionRefIndexed index="27" regionRef="r_3_12"/>
                <RegionRefIndexed index="28" regionRef="r_3_13"/>
                <RegionRefIndexed index="29" regionRef="r_3_14"/>
                <RegionRefIndexed index="30" regionRef="r_3_15"/>
                <RegionRefIndexed index="31" regionRef="r_4_2"/>
                <RegionRefIndexed index="32" regionRef="r_4_3"/>
            </OrderedGroup>
        </ReadingOrder>
    <TextRegion type="paragraph" id="r_1_1" custom="readingOrder {index:0;}">
      <Coords points="801,147 954,147 954,181 801,181"/>
      <TextLine id="tl_1" primaryLanguage="English" custom="structure {type:default;} readingOrder {index:0;}">
        <Coords points="802,148 953,148 953,180 802,180"/>
        <Baseline points="802,170 844,170 889,180 953,170"/>
        <Word id="w_w2aab1b1b2b1b1ab1">
          <Coords points="802,148 953,148 953,180 802,180"/>
          <TextEquiv>
            <Unicode>— 9 —</Unicode>
          </TextEquiv>
          <TextStyle fontFamily="Times New Roman" fontSize="11.0"/>
        </Word>
      </TextLine>
    </TextRegion>
    <TextRegion type="paragraph" id="r_2_1" custom="readingOrder {index:1;}">
      <Coords points="181,238 1601,238 1601,296 181,296"/>
      <TextLine id="tl_2" primaryLanguage="English" custom="structure {type:default;} readingOrder {index:0;}">
        <Coords points="182,239 1600,239 1600,295 182,295"/>
        <Baseline points="182,272 202,272 285,272 658,274 753,281 942,274 1124,274 1274,275 1341,275 1600,274"/>
        <Word id="w_w2aab1b3b2b1b1ab1">
          <Coords points="182,239 1600,239 1600,295 182,295"/>
          <TextEquiv>
            <Unicode>24 Azeglio (Massimo d’), illustre homme d’Etat et littérateur</Unicode>
          </TextEquiv>
        </Word>
      </TextLine>
    </TextRegion>
    <TextRegion type="paragraph" id="r_2_2" custom="readingOrder {index:2;}">
      <Coords points="248,282 1598,282 1598,331 248,331"/>
      <TextLine id="tl_3" primaryLanguage="English" custom="structure {type:default;} readingOrder {index:0;}">
        <Coords points="249,283 1597,283 1597,330 249,330"/>
        <Baseline points="249,317 403,319 464,309 532,319 586,319 637,319 682,319 751,319 921,326 955,319 1014,319 1130,320 1534,319 1597,316"/>
        <Word id="w_w2aab1b3b2b3b1ab1">
          <Coords points="249,283 1597,283 1597,330 249,330"/>
          <TextEquiv>
            <Unicode>italien. — L. a. s. à M. Rufini, 1 p. in-4. 4 »</Unicode>
          </TextEquiv>
          <TextStyle fontFamily="Times New Roman" fontSize="11.0"/>
        </Word>
      </TextLine>
    </TextRegion>
    <TextRegion type="paragraph" id="r_2_3" custom="readingOrder {index:3;}">
      <Coords points="180,327 1599,327 1599,376 180,376"/>
      <TextLine id="tl_4" primaryLanguage="English" custom="structure {type:default;} readingOrder {index:0;}">
        <Coords points="181,328 1598,328 1598,375 181,375"/>
        <Baseline points="181,362 201,362 279,362 600,371 759,364 981,364 1041,364 1294,364 1358,354 1423,363 1477,364 1529,364 1598,364"/>
        <Word id="w_w2aab1b3b2b5b1ab1">
          <Coords points="181,328 1598,328 1598,375 181,375"/>
          <TextEquiv>
            <Unicode>25 Babinet (Jacq.), savant physicien et astronome. — L. a. s. au</Unicode>
          </TextEquiv>
        </Word>
      </TextLine>
    </TextRegion>
    <TextRegion type="paragraph" id="r_2_4" custom="readingOrder {index:4;}">
      <Coords points="247,371 1600,371 1600,454 247,454"/>
      <TextLine id="tl_5" primaryLanguage="English" custom="structure {type:default;} readingOrder {index:0;}">
        <Coords points="248,372 1599,372 1599,419 248,419"/>
        <Baseline points="248,405 415,408 481,408 721,414 809,409 1003,408 1041,408 1265,417 1379,417 1413,408 1471,409 1599,416"/>
        <Word id="w_w2aab1b3b2b7b1ab1">
          <Coords points="248,372 1599,372 1599,419 248,419"/>
          <TextEquiv>
            <Unicode>vicomte de Santarem, son collègue à l’Institut, 1855, 1 p. in-4.,</Unicode>
          </TextEquiv>
          <TextStyle fontFamily="Times New Roman" fontSize="11.0"/>
        </Word>
      </TextLine>
      <TextLine id="tl_6" primaryLanguage="English" custom="structure {type:default;} readingOrder {index:1;}">
        <Coords points="249,417 1598,417 1598,453 249,453"/>
        <Baseline points="249,451 399,453 1535,453 1598,449"/>
        <Word id="w_w2aab1b3b2b7b3ab1">
          <Coords points="249,417 1598,417 1598,453 249,453"/>
          <TextEquiv>
            <Unicode>cachet. 8 »</Unicode>
          </TextEquiv>
          <TextStyle fontFamily="Times New Roman" fontSize="11.0"/>
        </Word>
      </TextLine>
    </TextRegion>
    <TextRegion type="paragraph" id="r_2_5" custom="readingOrder {index:5;}">
      <Coords points="247,461 1602,461 1602,660 247,660"/>
      <TextLine id="tl_7" primaryLanguage="English" custom="structure {type:default;} readingOrder {index:0;}">
        <Coords points="287,462 1600,462 1600,501 287,501"/>
        <Baseline points="287,492 404,493 667,493 745,493 924,494 1115,494 1169,492 1241,493 1291,493 1477,493 1537,493 1600,493"/>
        <Word id="w_w2aab1b3b2b9b1ab1">
          <Coords points="287,462 1600,462 1600,501 287,501"/>
          <TextEquiv>
            <Unicode>Epître très-curieuse sur l’aiguille aimantée et sur la boussole. Il lui</Unicode>
          </TextEquiv>
          <TextStyle fontFamily="Times New Roman" fontSize="9.5"/>
        </Word>
      </TextLine>
      <TextLine id="tl_8" primaryLanguage="English" custom="structure {type:default;} readingOrder {index:1;}">
        <Coords points="250,501 1600,501 1600,541 250,541"/>
        <Baseline points="250,531 378,532 461,533 553,531 588,532 662,532 836,533 942,532 1003,533 1083,532 1210,532 1275,533 1379,531 1458,533 1505,533 1600,524"/>
        <Word id="w_w2aab1b3b2b9b3ab1">
          <Coords points="250,501 1600,501 1600,541 250,541"/>
          <TextEquiv>
            <Unicode>semble que tout a été organisé pour ne pas vivre. Ce n’est pas la pos¬</Unicode>
          </TextEquiv>
          <TextStyle fontFamily="Times New Roman" fontSize="9.5"/>
        </Word>
      </TextLine>
      <TextLine id="tl_9" primaryLanguage="English" custom="structure {type:default;} readingOrder {index:2;}">
        <Coords points="248,541 1599,541 1599,581 248,581"/>
        <Baseline points="248,570 381,571 455,571 491,572 564,572 712,571 751,571 938,575 1042,571 1264,572 1288,571 1440,572 1576,572 1599,571"/>
        <Word id="w_w2aab1b3b2b9b5ab1">
          <Coords points="248,541 1599,541 1599,581 248,581"/>
          <TextEquiv>
            <Unicode>session qui a été donnée à l’homme, c’est l’espérance : Viande creuse !</Unicode>
          </TextEquiv>
          <TextStyle fontFamily="Times New Roman" fontSize="9.5"/>
        </Word>
      </TextLine>
      <TextLine id="tl_10" primaryLanguage="English" custom="structure {type:default;} readingOrder {index:3;}">
        <Coords points="251,580 1601,580 1601,620 251,620"/>
        <Baseline points="251,608 265,608 339,610 508,610 596,612 631,610 676,611 902,612 958,612 1017,611 1093,612 1145,611 1281,611 1339,610 1501,611 1601,611"/>
        <Word id="w_w2aab1b3b2b9b7ab1">
          <Coords points="251,580 1601,580 1601,620 251,620"/>
          <TextEquiv>
            <Unicode>« On pourrait dire à la Providence de ne pas se mettre en dépense pour</Unicode>
          </TextEquiv>
          <TextStyle fontFamily="Times New Roman" fontSize="9.5"/>
        </Word>
      </TextLine>
      <TextLine id="tl_11" primaryLanguage="English" custom="structure {type:default;} readingOrder {index:4;}">
        <Coords points="253,620 788,620 788,659 253,659"/>
        <Baseline points="253,649 293,649 440,650 524,650 584,651 734,650 757,650 788,649"/>
        <Word id="w_w2aab1b3b2b9b9ab1">
          <Coords points="253,620 788,620 788,659 253,659"/>
          <TextEquiv>
            <Unicode>ne donner que de l’espoir ! »</Unicode>
          </TextEquiv>
          <TextStyle fontFamily="Times New Roman" fontSize="9.5"/>
        </Word>
      </TextLine>
    </TextRegion>
    <TextRegion type="paragraph" id="r_2_6" custom="readingOrder {index:6;}">
      <Coords points="182,657 1602,657 1602,704 182,704"/>
      <TextLine id="tl_12" primaryLanguage="English" custom="structure {type:default;} readingOrder {index:0;}">
        <Coords points="183,658 1601,658 1601,703 183,703"/>
        <Baseline points="183,692 203,692 281,692 578,702 754,694 1000,702 1238,693 1323,693 1601,684"/>
        <Word id="w_w2aab1b3b2c11b1ab1">
          <Coords points="183,658 1601,658 1601,703 183,703"/>
          <TextEquiv>
            <Unicode>26 Balbis (J.-B.), savant botaniste, directeur du Jardin-des-</Unicode>
          </TextEquiv>
        </Word>
      </TextLine>
    </TextRegion>
    <TextRegion type="paragraph" id="r_2_7" custom="readingOrder {index:7;}">
      <Coords points="253,702 1603,702 1603,794 253,794"/>
      <TextLine id="tl_13" primaryLanguage="English" custom="structure {type:default;} readingOrder {index:0;}">
        <Coords points="262,703 1602,703 1602,745 262,745"/>
        <Baseline points="262,737 422,738 488,738 630,745 794,738 859,738 890,739 1026,739 1067,739 1284,728 1338,738 1394,739 1458,739 1602,745"/>
        <Word id="w_w2aab1b3b2c13b1ab1">
          <Coords points="262,703 1602,703 1602,745 262,745"/>
          <TextEquiv>
            <Unicode>Plantes de Lyon, auteur de la Flore Lyonnaise.— L. a. s.: Lyon,</Unicode>
          </TextEquiv>
        </Word>
      </TextLine>
      <TextLine id="tl_14" primaryLanguage="English" custom="structure {type:default;} readingOrder {index:1;}">
        <Coords points="254,749 1599,749 1599,793 254,793"/>
        <Baseline points="254,782 349,789 390,782 444,783 529,783 642,782 1536,782 1599,778"/>
        <Word id="w_w2aab1b3b2c13b3ab1">
          <Coords points="254,749 1599,749 1599,793 254,793"/>
          <TextEquiv>
            <Unicode>1820, 3 p. 1/2 in-4. 4 »</Unicode>
          </TextEquiv>
          <TextStyle fontFamily="Times New Roman" fontSize="11.0"/>
        </Word>
      </TextLine>
    </TextRegion>
    <TextRegion type="paragraph" id="r_2_8" custom="readingOrder {index:8;}">
      <Coords points="250,791 1606,791 1606,871 250,871"/>
      <TextLine id="tl_15" primaryLanguage="English" custom="structure {type:default;} readingOrder {index:0;}">
        <Coords points="290,792 1605,792 1605,832 290,832"/>
        <Baseline points="290,822 520,824 632,824 655,823 836,824 1003,825 1056,823 1228,823 1329,823 1377,824 1605,816"/>
        <Word id="w_w2aab1b3b2c15b1ab1">
          <Coords points="290,792 1605,792 1605,832 290,832"/>
          <TextEquiv>
            <Unicode>Intéressante lettre : demande d’arbres et arbustes pour le Jardin-des-</Unicode>
          </TextEquiv>
          <TextStyle fontFamily="Times New Roman" fontSize="9.5"/>
        </Word>
      </TextLine>
      <TextLine id="tl_16" primaryLanguage="English" custom="structure {type:default;} readingOrder {index:1;}">
        <Coords points="251,830 575,830 575,870 251,870"/>
        <Baseline points="251,862 389,863 450,863 575,863"/>
        <Word id="w_w2aab1b3b2c15b3ab1">
          <Coords points="251,830 575,830 575,870 251,870"/>
          <TextEquiv>
            <Unicode>Plantes de Lyon.</Unicode>
          </TextEquiv>
          <TextStyle fontFamily="Times New Roman" fontSize="9.5"/>
        </Word>
      </TextLine>
    </TextRegion>
    <TextRegion type="paragraph" id="r_2_9" custom="readingOrder {index:9;}">
      <Coords points="182,870 1606,870 1606,917 182,917"/>
      <TextLine id="tl_17" primaryLanguage="English" custom="structure {type:default;} readingOrder {index:0;}">
        <Coords points="183,871 1605,871 1605,916 183,916"/>
        <Baseline points="183,905 203,905 281,904 594,906 689,913 745,906 894,907 1136,907 1333,907 1394,897 1456,906 1511,906 1560,907 1605,905"/>
        <Word id="w_w2aab1b3b2c17b1ab1">
          <Coords points="183,871 1605,871 1605,916 183,916"/>
          <TextEquiv>
            <Unicode>27 Balzac (Honoré de), le grand romancier réaliste. — L. a. s. à</Unicode>
          </TextEquiv>
        </Word>
      </TextLine>
    </TextRegion>
    <TextRegion type="paragraph" id="r_2_10" custom="readingOrder {index:10;}">
      <Coords points="262,913 1604,913 1604,963 262,963"/>
      <TextLine id="tl_18" primaryLanguage="English" custom="structure {type:default;} readingOrder {index:0;}">
        <Coords points="263,914 1603,914 1603,962 263,962"/>
        <Baseline points="263,950 529,958 648,958 686,951 744,951 855,952 1537,951 1603,947"/>
        <Word id="w_w2aab1b3b2c19b1ab1">
          <Coords points="263,914 1603,914 1603,962 263,962"/>
          <TextEquiv>
            <Unicode>Schlésinger, 1837, 1 p. in-8. 7 »</Unicode>
          </TextEquiv>
          <TextStyle fontFamily="Times New Roman" fontSize="11.0"/>
        </Word>
      </TextLine>
    </TextRegion>
    <TextRegion type="paragraph" id="r_2_11" custom="readingOrder {index:11;}">
      <Coords points="185,959 1605,959 1605,1007 185,1007"/>
      <TextLine id="tl_19" primaryLanguage="English" custom="structure {type:default;} readingOrder {index:0;}">
        <Coords points="186,960 1604,960 1604,1006 186,1006"/>
        <Baseline points="186,993 207,993 284,993 605,995 779,995 850,996 920,996 1087,996 1147,996 1211,995 1604,994"/>
        <Word id="w_w2aab1b3b2c21b1ab1">
          <Coords points="186,960 1604,960 1604,1006 186,1006"/>
          <TextEquiv>
            <Unicode>28 Bancel, célèbre député de la Drôme et de Paris.—Sentence</Unicode>
          </TextEquiv>
        </Word>
      </TextLine>
    </TextRegion>
    <TextRegion type="paragraph" id="r_2_12" custom="readingOrder {index:12;}">
      <Coords points="251,1003 1605,1003 1605,1097 251,1097"/>
      <TextLine id="tl_20" primaryLanguage="English" custom="structure {type:default;} readingOrder {index:0;}">
        <Coords points="252,1004 1604,1004 1604,1056 252,1056"/>
        <Baseline points="252,1049 551,1040 657,1041 757,1041 780,1048 924,1050 966,1041 1093,1041 1215,1048 1304,1041 1358,1041 1491,1049 1604,1039"/>
        <Word id="w_w2aab1b3b2c23b1ab1">
          <Coords points="252,1004 1604,1004 1604,1056 252,1056"/>
          <TextEquiv>
            <Unicode>philosophique aut. sig. ; Gand, 2 mars 1860, 1/2 p. in-4., avec</Unicode>
          </TextEquiv>
          <TextStyle fontFamily="Times New Roman" fontSize="11.0"/>
        </Word>
      </TextLine>
      <TextLine id="tl_21" primaryLanguage="English" custom="structure {type:default;} readingOrder {index:1;}">
        <Coords points="253,1050 1604,1050 1604,1096 253,1096"/>
        <Baseline points="253,1083 321,1083 512,1086 831,1086 1541,1086 1604,1081"/>
        <Word id="w_w2aab1b3b2c23b3ab1">
          <Coords points="253,1050 1604,1050 1604,1096 253,1096"/>
          <TextEquiv>
            <Unicode>son portrait photographié. 3 »</Unicode>
          </TextEquiv>
          <TextStyle fontFamily="Times New Roman" fontSize="11.0"/>
        </Word>
      </TextLine>
    </TextRegion>
    <TextRegion type="paragraph" id="r_2_13" custom="readingOrder {index:13;}">
      <Coords points="185,1093 1606,1093 1606,1142 185,1142"/>
      <TextLine id="tl_22" primaryLanguage="English" custom="structure {type:default;} readingOrder {index:0;}">
        <Coords points="186,1094 1605,1094 1605,1141 186,1141"/>
        <Baseline points="186,1128 206,1128 285,1129 670,1139 844,1130 1056,1130 1114,1130 1410,1129 1470,1119 1605,1129"/>
        <Word id="w_w2aab1b3b2c25b1ab1">
          <Coords points="186,1094 1605,1094 1605,1141 186,1141"/>
          <TextEquiv>
            <Unicode>29 Banderali (David), célèbre chanteur et compositeur. — Pièce</Unicode>
          </TextEquiv>
        </Word>
      </TextLine>
    </TextRegion>
    <TextRegion type="paragraph" id="r_2_14" custom="readingOrder {index:14;}">
      <Coords points="253,1137 1606,1137 1606,1187 253,1187"/>
      <TextLine id="tl_23" primaryLanguage="English" custom="structure {type:default;} readingOrder {index:0;}">
        <Coords points="254,1138 1605,1138 1605,1186 254,1186"/>
        <Baseline points="254,1173 342,1181 462,1182 498,1175 558,1175 671,1175 1543,1174 1605,1170"/>
        <Word id="w_w2aab1b3b2c27b1ab1">
          <Coords points="254,1138 1605,1138 1605,1186 254,1186"/>
          <TextEquiv>
            <Unicode>sig., 1830, 1 p. in-4. 2 »</Unicode>
          </TextEquiv>
          <TextStyle fontFamily="Times New Roman" fontSize="11.0"/>
        </Word>
      </TextLine>
    </TextRegion>
    <TextRegion type="paragraph" id="r_2_15" custom="readingOrder {index:15;}">
      <Coords points="251,1185 1609,1183 1612,1254 254,1256"/>
      <TextLine id="tl_24" primaryLanguage="English" custom="structure {type:default;} readingOrder {index:0;}">
        <Coords points="289,1184 1608,1184 1608,1224 289,1224"/>
        <Baseline points="289,1214 384,1214 447,1216 523,1215 821,1215 979,1216 1190,1215 1257,1215 1541,1215 1608,1215"/>
        <Word id="w_w2aab1b3b2c29b1ab1">
          <Coords points="289,1184 1608,1184 1608,1224 289,1224"/>
          <TextEquiv>
            <Unicode>Reçu de ses appointements comme professeur au Conservatoire de</Unicode>
          </TextEquiv>
          <TextStyle fontFamily="Times New Roman" fontSize="9.5"/>
        </Word>
      </TextLine>
      <TextLine id="line_1537977858911_1" primaryLanguage="" custom="structure {type:default;} readingOrder {index:1;}">
        <Coords points="258,1219 360,1223 359,1257 260,1253"/>
        <Baseline points="257,1255 359,1252"/>
        <Word id="word_1537977876845_2">
          <Coords points="258,1219 360,1223 359,1257 260,1253"/>
          <TextEquiv>
            <Unicode>Paris.</Unicode>
          </TextEquiv>
        </Word>
      </TextLine>
    </TextRegion>
    <TextRegion type="paragraph" id="r_3_1" custom="readingOrder {index:16;}">
      <Coords points="186,1261 1607,1261 1607,1315 186,1315"/>
      <TextLine id="tl_25" primaryLanguage="English" custom="structure {type:default;} readingOrder {index:0;}">
        <Coords points="187,1262 1606,1262 1606,1314 187,1314"/>
        <Baseline points="187,1295 207,1295 286,1295 689,1297 783,1306 955,1298 1087,1297 1417,1297 1478,1288 1606,1297"/>
        <Word id="w_w2aab1b5b2b1b1ab1">
          <Coords points="187,1262 1606,1262 1606,1314 187,1314"/>
          <TextEquiv>
            <Unicode>30 Banville (Théodore de), célèbre poète contemporain. — Reçu</Unicode>
          </TextEquiv>
        </Word>
      </TextLine>
    </TextRegion>
    <TextRegion type="paragraph" id="r_3_2" custom="readingOrder {index:17;}">
      <Coords points="252,1300 1608,1300 1608,1353 252,1353"/>
      <TextLine id="tl_26" primaryLanguage="English" custom="structure {type:default;} readingOrder {index:0;}">
        <Coords points="253,1301 1607,1301 1607,1352 253,1352"/>
        <Baseline points="253,1341 326,1342 394,1342 482,1342 720,1343 950,1350 1069,1351 1103,1342 1163,1342 1269,1343 1542,1342 1573,1340 1607,1338"/>
        <Word id="w_w2aab1b5b2b3b1ab1">
          <Coords points="253,1301 1607,1301 1607,1352 253,1352"/>
          <TextEquiv>
            <Unicode>sig. de son indemnité littéraire, 1850, 1 p. in-f. 2 »</Unicode>
          </TextEquiv>
        </Word>
      </TextLine>
    </TextRegion>
    <TextRegion type="paragraph" id="r_3_3" custom="readingOrder {index:18;}">
      <Coords points="186,1351 1608,1351 1608,1398 186,1398"/>
      <TextLine id="tl_27" primaryLanguage="English" custom="structure {type:default;} readingOrder {index:0;}">
        <Coords points="187,1352 1607,1352 1607,1397 187,1397"/>
        <Baseline points="187,1386 224,1385 286,1385 518,1387 666,1387 765,1395 984,1387 1076,1388 1193,1387 1265,1387 1540,1388 1607,1387"/>
        <Word id="w_w2aab1b5b2b5b1ab1">
          <Coords points="187,1352 1607,1352 1607,1397 187,1397"/>
          <TextEquiv>
            <Unicode>31 Barante (le baron de), historien des ducs de Bourgogne, de</Unicode>
          </TextEquiv>
        </Word>
      </TextLine>
    </TextRegion>
    <TextRegion type="paragraph" id="r_3_4" custom="readingOrder {index:19;}">
      <Coords points="253,1395 1609,1395 1609,1444 253,1444"/>
      <TextLine id="tl_28" primaryLanguage="English" custom="structure {type:default;} readingOrder {index:0;}">
        <Coords points="254,1396 1608,1396 1608,1443 254,1443"/>
        <Baseline points="254,1430 398,1432 468,1432 530,1422 592,1433 647,1432 714,1439 833,1441 866,1432 927,1433 1044,1432 1544,1432 1608,1428"/>
        <Word id="w_w2aab1b5b2b7b1ab1">
          <Coords points="254,1396 1608,1396 1608,1443 254,1443"/>
          <TextEquiv>
            <Unicode>l’Acad. fr. — L. a. s., 1850, 1 p. in-8. 2 »</Unicode>
          </TextEquiv>
          <TextStyle fontFamily="Times New Roman" fontSize="11.0"/>
        </Word>
      </TextLine>
    </TextRegion>
    <TextRegion type="paragraph" id="r_3_5" custom="readingOrder {index:20;}">
      <Coords points="186,1439 1610,1439 1610,1488 186,1488"/>
      <TextLine id="tl_29" primaryLanguage="English" custom="structure {type:default;} readingOrder {index:0;}">
        <Coords points="187,1440 1609,1440 1609,1487 187,1487"/>
        <Baseline points="187,1475 207,1475 286,1475 569,1486 741,1477 1080,1482 1297,1477 1365,1476 1609,1476"/>
        <Word id="w_w2aab1b5b2b9b1ab1">
          <Coords points="187,1440 1609,1440 1609,1487 187,1487"/>
          <TextEquiv>
            <Unicode>32 Barras (Paul), célèbre conventionnel, président du Directoire</Unicode>
          </TextEquiv>
        </Word>
      </TextLine>
    </TextRegion>
    <TextRegion type="paragraph" id="r_3_6" custom="readingOrder {index:21;}">
      <Coords points="254,1484 1610,1484 1610,1578 254,1578"/>
      <TextLine id="tl_30" primaryLanguage="English" custom="structure {type:default;} readingOrder {index:0;}">
        <Coords points="255,1485 1609,1485 1609,1532 255,1532"/>
        <Baseline points="255,1519 442,1522 504,1512 565,1521 620,1522 671,1523 715,1522 785,1522 994,1530 1043,1521 1262,1530 1422,1530 1485,1521 1609,1522"/>
        <Word id="w_w2aab1b5b2c11b1ab1">
          <Coords points="255,1485 1609,1485 1609,1532 255,1532"/>
          <TextEquiv>
            <Unicode>exécutif. — L. a. s. à M. Guillois, à Avignon; Paris, 30 juill.</Unicode>
          </TextEquiv>
          <TextStyle fontFamily="Times New Roman" fontSize="11.0"/>
        </Word>
      </TextLine>
      <TextLine id="tl_31" primaryLanguage="English" custom="structure {type:default;} readingOrder {index:1;}">
        <Coords points="258,1532 1606,1532 1606,1577 258,1577"/>
        <Baseline points="258,1564 353,1572 388,1565 448,1567 522,1567 653,1570 826,1567 1544,1566 1606,1563"/>
        <Word id="w_w2aab1b5b2c11b3ab1">
          <Coords points="258,1532 1606,1532 1606,1577 258,1577"/>
          <TextEquiv>
            <Unicode>1815, 1 p. pl. in-4., cachet. 10 »</Unicode>
          </TextEquiv>
          <TextStyle fontFamily="Times New Roman" fontSize="11.0"/>
        </Word>
      </TextLine>
    </TextRegion>
    <TextRegion type="paragraph" id="r_3_7" custom="readingOrder {index:22;}">
      <Coords points="255,1572 1614,1572 1614,1851 255,1851"/>
      <TextLine id="tl_32" primaryLanguage="English" custom="structure {type:default;} readingOrder {index:0;}">
        <Coords points="294,1573 1612,1573 1612,1615 294,1615"/>
        <Baseline points="294,1606 549,1608 673,1607 756,1606 824,1607 1059,1607 1141,1606 1229,1605 1336,1606 1388,1607 1551,1606 1612,1607"/>
        <Word id="w_w2aab1b5b2c13b1ab1">
          <Coords points="294,1573 1612,1573 1612,1615 294,1615"/>
          <TextEquiv>
            <Unicode>Très-curieuse lettre sur les événements qui ont suivi la bataille de</Unicode>
          </TextEquiv>
          <TextStyle fontFamily="Times New Roman" fontSize="9.5"/>
        </Word>
      </TextLine>
      <TextLine id="tl_33" primaryLanguage="English" custom="structure {type:default;} readingOrder {index:1;}">
        <Coords points="256,1615 1611,1615 1611,1654 256,1654"/>
        <Baseline points="256,1645 441,1646 528,1647 767,1646 824,1645 1033,1645 1131,1646 1219,1645 1313,1645 1484,1649 1611,1646"/>
        <Word id="w_w2aab1b5b2c13b3ab1">
          <Coords points="256,1615 1611,1615 1611,1654 256,1654"/>
          <TextEquiv>
            <Unicode>Waterloo. Ces événements se succèdent avec une telle rapidité, qu’on</Unicode>
          </TextEquiv>
          <TextStyle fontFamily="Times New Roman" fontSize="9.5"/>
        </Word>
      </TextLine>
      <TextLine id="tl_34" primaryLanguage="English" custom="structure {type:default;} readingOrder {index:2;}">
        <Coords points="259,1654 1611,1654 1611,1695 259,1695"/>
        <Baseline points="259,1684 301,1685 408,1685 467,1685 543,1686 725,1685 785,1685 863,1686 1029,1685 1086,1685 1160,1683 1347,1685 1439,1685 1543,1685 1611,1685"/>
        <Word id="w_w2aab1b5b2c13b5ab1">
          <Coords points="259,1654 1611,1654 1611,1695 259,1695"/>
          <TextEquiv>
            <Unicode>ne peut ni les prévenir ni les utiliser. Il est essentiel que tous les</Unicode>
          </TextEquiv>
          <TextStyle fontFamily="Times New Roman" fontSize="9.5"/>
        </Word>
      </TextLine>
      <TextLine id="tl_35" primaryLanguage="English" custom="structure {type:default;} readingOrder {index:3;}">
        <Coords points="261,1694 1612,1694 1612,1733 261,1733"/>
        <Baseline points="261,1724 423,1725 476,1725 686,1723 735,1723 813,1725 939,1725 1004,1724 1170,1723 1337,1723 1420,1725 1612,1723"/>
        <Word id="w_w2aab1b5b2c13b7ab1">
          <Coords points="261,1694 1612,1694 1612,1733 261,1733"/>
          <TextEquiv>
            <Unicode>Français se réunissent et que toutes les nuances cessent. Les étrangers</Unicode>
          </TextEquiv>
          <TextStyle fontFamily="Times New Roman" fontSize="9.5"/>
        </Word>
      </TextLine>
      <TextLine id="tl_36" primaryLanguage="English" custom="structure {type:default;} readingOrder {index:4;}">
        <Coords points="258,1731 1612,1731 1612,1772 258,1772"/>
        <Baseline points="258,1762 350,1763 441,1765 613,1764 680,1764 837,1764 869,1763 959,1764 1067,1763 1254,1767 1329,1762 1550,1761 1612,1763"/>
        <Word id="w_w2aab1b5b2c13b9ab1">
          <Coords points="258,1731 1612,1731 1612,1772 258,1772"/>
          <TextEquiv>
            <Unicode>n’ont pas conquis la France : elle s’est soumise, et cependant la</Unicode>
          </TextEquiv>
          <TextStyle fontFamily="Times New Roman" fontSize="9.5"/>
        </Word>
      </TextLine>
      <TextLine id="tl_37" primaryLanguage="English" custom="structure {type:default;} readingOrder {index:5;}">
        <Coords points="257,1772 1613,1772 1613,1811 257,1811"/>
        <Baseline points="257,1802 421,1803 489,1802 672,1803 806,1802 843,1804 926,1808 979,1802 1115,1802 1163,1802 1300,1803 1371,1803 1505,1803 1613,1802"/>
        <Word id="w_w2aab1b5b2c13c11ab1">
          <Coords points="257,1772 1613,1772 1613,1811 257,1811"/>
          <TextEquiv>
            <Unicode>situation est affreuse. Quant à lui, il attend le retour du calme pour</Unicode>
          </TextEquiv>
          <TextStyle fontFamily="Times New Roman" fontSize="9.5"/>
        </Word>
      </TextLine>
      <TextLine id="tl_38" primaryLanguage="English" custom="structure {type:default;} readingOrder {index:6;}">
        <Coords points="256,1812 723,1812 723,1850 256,1850"/>
        <Baseline points="256,1841 340,1842 423,1842 634,1848 723,1842"/>
        <Word id="w_w2aab1b5b2c13c13ab1">
          <Coords points="256,1812 723,1812 723,1850 256,1850"/>
          <TextEquiv>
            <Unicode>aller aux Aigalades, etc.</Unicode>
          </TextEquiv>
          <TextStyle fontFamily="Times New Roman" fontSize="9.5"/>
        </Word>
      </TextLine>
    </TextRegion>
    <TextRegion type="paragraph" id="r_3_8" custom="readingOrder {index:23;}">
      <Coords points="186,1849 1609,1849 1609,1898 186,1898"/>
      <TextLine id="tl_39" primaryLanguage="English" custom="structure {type:default;} readingOrder {index:0;}">
        <Coords points="187,1850 1608,1850 1608,1897 187,1897"/>
        <Baseline points="187,1886 208,1886 286,1884 699,1895 864,1885 905,1886 982,1885 1141,1885 1255,1886 1310,1886 1360,1885 1404,1885 1475,1885 1608,1891"/>
        <Word id="w_w2aab1b5b2c15b1ab1">
          <Coords points="187,1850 1608,1850 1608,1897 187,1897"/>
          <TextEquiv>
            <Unicode>33 Barthélemy (Aug.), auteur de la Némésis.— L. a. s. à M. Plon,</Unicode>
          </TextEquiv>
        </Word>
      </TextLine>
    </TextRegion>
    <TextRegion type="paragraph" id="r_3_9" custom="readingOrder {index:24;}">
      <Coords points="257,1895 1611,1895 1611,1942 257,1942"/>
      <TextLine id="tl_40" primaryLanguage="English" custom="structure {type:default;} readingOrder {index:0;}">
        <Coords points="258,1896 1610,1896 1610,1941 258,1941"/>
        <Baseline points="258,1929 353,1936 389,1931 450,1931 569,1931 1547,1931 1610,1926"/>
        <Word id="w_w2aab1b5b2c17b1ab1">
          <Coords points="258,1896 1610,1896 1610,1941 258,1941"/>
          <TextEquiv>
            <Unicode>1836, 1 p. in-8. 3 »</Unicode>
          </TextEquiv>
          <TextStyle fontFamily="Times New Roman" fontSize="11.0"/>
        </Word>
      </TextLine>
    </TextRegion>
    <TextRegion type="paragraph" id="r_3_10" custom="readingOrder {index:25;}">
      <Coords points="296,1938 1187,1938 1187,1982 296,1982"/>
      <TextLine id="tl_41" primaryLanguage="English" custom="structure {type:default;} readingOrder {index:0;}">
        <Coords points="297,1939 1186,1939 1186,1981 297,1981"/>
        <Baseline points="297,1971 451,1972 490,1972 543,1972 587,1972 1028,1971 1186,1969"/>
        <Word id="w_w2aab1b5b2c19b1ab1">
          <Coords points="297,1939 1186,1939 1186,1981 297,1981"/>
          <TextEquiv>
            <Unicode>Relative à sa brochure l’Orthographe vengée.</Unicode>
          </TextEquiv>
        </Word>
      </TextLine>
    </TextRegion>
    <TextRegion type="paragraph" id="r_3_11" custom="readingOrder {index:26;}">
      <Coords points="188,1983 1612,1983 1612,2032 188,2032"/>
      <TextLine id="tl_42" primaryLanguage="English" custom="structure {type:default;} readingOrder {index:0;}">
        <Coords points="189,1984 1611,1984 1611,2031 189,2031"/>
        <Baseline points="189,2019 209,2019 314,2019 377,2019 550,2010 683,2020 788,2021 864,2020 937,2021 1128,2019 1369,2028 1465,2019 1546,2019 1611,2021"/>
        <Word id="w_w2aab1b5b2c21b1ab1">
          <Coords points="189,1984 1611,1984 1611,2031 189,2031"/>
          <TextEquiv>
            <Unicode>34 Le même. — Reçu sig. de sa pension littéraire, 1849, 1 p.</Unicode>
          </TextEquiv>
        </Word>
      </TextLine>
    </TextRegion>
    <TextRegion type="paragraph" id="r_3_12" custom="readingOrder {index:27;}">
      <Coords points="256,2022 1612,2022 1612,2067 256,2067"/>
      <TextLine id="tl_43" primaryLanguage="English" custom="structure {type:default;} readingOrder {index:0;}">
        <Coords points="257,2023 1611,2023 1611,2066 257,2066"/>
        <Baseline points="257,2064 340,2066 650,2063 1548,2064 1611,2062"/>
        <Word id="w_w2aab1b5b2c23b1ab1">
          <Coords points="257,2023 1611,2023 1611,2066 257,2066"/>
          <TextEquiv>
            <Unicode>in-f. 2 »</Unicode>
          </TextEquiv>
        </Word>
      </TextLine>
    </TextRegion>
    <TextRegion type="paragraph" id="r_3_13" custom="readingOrder {index:28;}">
      <Coords points="189,2072 1612,2072 1612,2122 189,2122"/>
      <TextLine id="tl_44" primaryLanguage="English" custom="structure {type:default;} readingOrder {index:0;}">
        <Coords points="190,2073 1611,2073 1611,2121 190,2121"/>
        <Baseline points="190,2109 210,2109 288,2109 679,2119 915,2110 981,2110 1153,2110 1213,2099 1276,2109 1330,2109 1397,2117 1514,2117 1551,2109 1611,2110"/>
        <Word id="w_w2aab1b5b2c25b1ab1">
          <Coords points="190,2073 1611,2073 1611,2121 190,2121"/>
          <TextEquiv>
            <Unicode>35 Baschet (Armand), l’historien de Venise. — L. a. s., 1858, 1 p.</Unicode>
          </TextEquiv>
        </Word>
      </TextLine>
    </TextRegion>
    <TextRegion type="paragraph" id="r_3_14" custom="readingOrder {index:29;}">
      <Coords points="261,2118 1610,2118 1610,2164 261,2164"/>
      <TextLine id="tl_45" primaryLanguage="English" custom="structure {type:default;} readingOrder {index:0;}">
        <Coords points="262,2119 1609,2119 1609,2163 262,2163"/>
        <Baseline points="262,2153 321,2154 433,2155 1545,2154 1609,2152"/>
        <Word id="w_w2aab1b5b2c27b1ab1">
          <Coords points="262,2119 1609,2119 1609,2163 262,2163"/>
          <TextEquiv>
            <Unicode>1/2 in-8. 2 »</Unicode>
          </TextEquiv>
          <TextStyle fontFamily="Times New Roman" fontSize="11.0"/>
        </Word>
      </TextLine>
    </TextRegion>
    <TextRegion type="paragraph" id="r_3_15" custom="readingOrder {index:30;}">
      <Coords points="190,2162 1614,2162 1616,2297 192,2297"/>
      <TextLine id="tl_46" primaryLanguage="English" custom="structure {type:default;} readingOrder {index:0;}">
        <Coords points="191,2163 1613,2163 1613,2209 191,2209"/>
        <Baseline points="191,2199 210,2199 288,2199 604,2207 940,2200 1244,2206 1428,2198 1528,2198 1613,2199"/>
        <Word id="w_w2aab1b5b2c29b1ab1">
          <Coords points="191,2163 1613,2163 1613,2209 191,2209"/>
          <TextEquiv>
            <Unicode>36 Baudot (M.-A.), conventionnel montagnard, célèbre par ses</Unicode>
          </TextEquiv>
        </Word>
      </TextLine>
      <TextLine id="tl_47" primaryLanguage="English" custom="structure {type:default;} readingOrder {index:1;}">
        <Coords points="258,2207 1612,2207 1612,2253 258,2253"/>
        <Baseline points="258,2243 440,2244 536,2244 727,2244 797,2234 869,2244 934,2245 1009,2253 1293,2251 1341,2243 1474,2252 1543,2243 1612,2252"/>
        <Word id="w_w2aab1b5b2c29b3ab1">
          <Coords points="258,2207 1612,2207 1612,2253 258,2253"/>
          <TextEquiv>
            <Unicode>missions aux armées. — L. a. s.; Montauban, 7 août, an II,</Unicode>
          </TextEquiv>
          <TextStyle fontFamily="Times New Roman" fontSize="11.0"/>
        </Word>
      </TextLine>
      <TextLine id="line_1537978185891_10" primaryLanguage="" custom="structure {type:default;} readingOrder {index:2;}">
        <Coords points="256,2245 515,2247 1614,2247 1614,2297 515,2297 256,2295"/>
        <Baseline points="256,2290 515,2292 1614,2292"/>
        <Word id="word_1537978192015_11">
          <Coords points="256,2245 515,2247 1614,2247 1614,2297 515,2297 256,2295"/>
          <TextEquiv>
            <Unicode>3 p. pl. in-f. 8 »</Unicode>
          </TextEquiv>
        </Word>
      </TextLine>
    </TextRegion>
    <TextRegion type="paragraph" id="r_4_2" custom="readingOrder {index:31;}">
      <Coords points="255,2299 1613,2299 1614,2574 256,2574"/>
      <TextLine id="line_1537978241005_17" primaryLanguage="" custom="structure {type:default;} readingOrder {index:0;}">
        <Coords points="300,2283 1610,2285 1610,2335 300,2333"/>
        <Baseline points="300,2328 1610,2330"/>
        <Word id="word_1537978248849_18">
          <Coords points="300,2283 1610,2285 1610,2335 300,2333"/>
          <TextEquiv>
            <Unicode>Envoyé dans le Midi pour y faire accepter la constitution, il donne</Unicode>
          </TextEquiv>
        </Word>
      </TextLine>
      <TextLine id="tl_49" primaryLanguage="English" custom="structure {type:default;} readingOrder {index:1;}">
        <Coords points="257,2337 1613,2337 1613,2377 257,2377"/>
        <Baseline points="257,2367 317,2367 462,2368 547,2368 613,2368 744,2368 933,2368 1017,2367 1124,2367 1315,2368 1456,2368 1502,2368 1613,2361"/>
        <Word id="w_w2aab1b7b2b3b1ab1">
          <Coords points="257,2337 1613,2337 1613,2377 257,2377"/>
          <TextEquiv>
            <Unicode>des détails sur les bruits absurdes qui sont répandus contre la Mon¬</Unicode>
          </TextEquiv>
          <TextStyle fontFamily="Times New Roman" fontSize="9.5"/>
        </Word>
      </TextLine>
      <TextLine id="tl_50" primaryLanguage="English" custom="structure {type:default;} readingOrder {index:2;}">
        <Coords points="259,2376 1613,2376 1613,2416 259,2416"/>
        <Baseline points="259,2406 361,2407 422,2407 562,2407 696,2407 845,2407 955,2406 1040,2407 1145,2407 1223,2406 1421,2406 1613,2407"/>
        <Word id="w_w2aab1b7b2b3b3ab1">
          <Coords points="259,2376 1613,2376 1613,2416 259,2416"/>
          <TextEquiv>
            <Unicode>tagne et contre Paris. Cahors n’est pas dans les meilleurs principes</Unicode>
          </TextEquiv>
          <TextStyle fontFamily="Times New Roman" fontSize="9.5"/>
        </Word>
      </TextLine>
      <TextLine id="tl_51" primaryLanguage="English" custom="structure {type:default;} readingOrder {index:3;}">
        <Coords points="258,2415 1613,2415 1613,2455 258,2455"/>
        <Baseline points="258,2447 487,2447 506,2454 734,2446 834,2446 967,2446 1076,2445 1226,2446 1375,2446 1426,2445 1523,2445 1613,2446"/>
        <Word id="w_w2aab1b7b2b3b5ab1">
          <Coords points="258,2415 1613,2415 1613,2455 258,2455"/>
          <TextEquiv>
            <Unicode>républicains ; Montauban vaut mieux pour l'esprit public. Il s’est mis</Unicode>
          </TextEquiv>
          <TextStyle fontFamily="Times New Roman" fontSize="9.5"/>
        </Word>
      </TextLine>
      <TextLine id="tl_52" primaryLanguage="English" custom="structure {type:default;} readingOrder {index:4;}">
        <Coords points="259,2455 1613,2455 1613,2495 259,2495"/>
        <Baseline points="259,2485 279,2485 337,2485 425,2486 489,2486 670,2486 737,2486 826,2485 935,2486 984,2486 1165,2485 1201,2485 1402,2485 1440,2484 1613,2487"/>
        <Word id="w_w2aab1b7b2b3b7ab1">
          <Coords points="259,2455 1613,2455 1613,2495 259,2495"/>
          <TextEquiv>
            <Unicode>à la tète du bataillon du Lot pour le conduire à Toulouse. « Lorsque</Unicode>
          </TextEquiv>
          <TextStyle fontFamily="Times New Roman" fontSize="9.5"/>
        </Word>
      </TextLine>
      <TextLine id="tl_53" primaryLanguage="English" custom="structure {type:default;} readingOrder {index:5;}">
        <Coords points="261,2494 1613,2494 1613,2534 261,2534"/>
        <Baseline points="261,2523 336,2523 424,2524 580,2525 618,2525 850,2530 966,2530 1071,2524 1213,2525 1260,2525 1373,2525 1432,2524 1484,2525 1613,2525"/>
        <Word id="w_w2aab1b7b2b3b9ab1">
          <Coords points="261,2494 1613,2494 1613,2534 261,2534"/>
          <TextEquiv>
            <Unicode>tout sera terminé à Montauban, dit-il, j’irai mettre le siège de la raison</Unicode>
          </TextEquiv>
          <TextStyle fontFamily="Times New Roman" fontSize="9.5"/>
        </Word>
      </TextLine>
      <TextLine id="tl_54" primaryLanguage="English" custom="structure {type:default;} readingOrder {index:6;}">
        <Coords points="261,2534 1049,2534 1049,2573 261,2573"/>
        <Baseline points="261,2565 294,2563 353,2564 403,2564 631,2565 769,2563 1012,2565 1049,2563"/>
        <Word id="w_w2aab1b7b2b3c11ab1">
          <Coords points="261,2534 1049,2534 1049,2573 261,2573"/>
          <TextEquiv>
            <Unicode>et de la philosophie devant Bordeaux... »</Unicode>
          </TextEquiv>
          <TextStyle fontFamily="Times New Roman" fontSize="9.5"/>
        </Word>
      </TextLine>
    </TextRegion>
    <TextRegion type="paragraph" id="r_4_3" custom="readingOrder {index:32;}">
      <Coords points="190,2571 1613,2571 1613,2665 190,2665"/>
      <TextLine id="tl_55" primaryLanguage="English" custom="structure {type:default;} readingOrder {index:0;}">
        <Coords points="191,2572 1612,2572 1612,2619 191,2619"/>
        <Baseline points="191,2610 211,2610 289,2608 576,2615 784,2608 966,2608 1061,2608 1139,2608 1279,2608 1569,2615 1612,2607"/>
        <Word id="w_w2aab1b7b2b5b1ab1">
          <Coords points="191,2572 1612,2572 1612,2619 191,2619"/>
          <TextEquiv>
            <Unicode>37 Baumé (Ant.), chimiste célèbre par ses utiles découvertes, à</Unicode>
          </TextEquiv>
        </Word>
      </TextLine>
      <TextLine id="tl_56" primaryLanguage="English" custom="structure {type:default;} readingOrder {index:1;}">
        <Coords points="256,2608 1611,2608 1611,2664 256,2664"/>
        <Baseline points="256,2664 322,2653 419,2653 523,2654 800,2661 862,2655 948,2653 1108,2654 1175,2654 1345,2653 1399,2653 1611,2652"/>
        <Word id="w_w2aab1b7b2b5b3ab1">
          <Coords points="256,2608 1611,2608 1611,2664 256,2664"/>
          <TextEquiv>
            <Unicode>qui l’on doit l’aéromètre, et qui établit en France la première</Unicode>
          </TextEquiv>
          <TextStyle fontFamily="Times New Roman" fontSize="11.0"/>
        </Word>
      </TextLine>
    </TextRegion>
  </Page>
</PcGts>
