1876 2823
887 166 1040 199 — 6 —

240 258 1691 310 de Thou ; Montmorency-Bouteville, le connétable de Luynes,

239 309 1691 359 Saint-Mégrin, Ruvigny et le comte de Soissons; H. de Rohan,

241 360 1693 409 le chef des Calvinistes, les Guise et les Lorraine; les Coulanges,

241 410 1692 460 les Grignan et les Simiane; Bouvart, médecin de Louis XIII,

242 461 1695 509 et Vallot, médecin de Louis XIV. — La Rochefoucauld, l’auteur

242 511 1696 558 des Maximes ; Rollin, J.-J. Rousseau et Voltaire.— Les vieux

242 561 1700 610 membres de l’Académie française : Balzac, Renaudot, Bussy-

241 611 1697 660 Rabutin, Bautru, Dangeau, Godeau et bien d'autres.— Guadet

243 662 1693 711 et J.-B. Louvet; Couthon et Joseph Lebon; Hoche, Desaix,

244 713 1646 761 Marceau et Kléber. — Samuel Richardson, Washington, etc.

294 762 1700 812 Lettres signées. Charles IX, lettre importante, avec une

244 812 1701 862 demi-page autographe; François II, Charles-le-Téméraire ; le

246 863 1701 911 bâtard de Dunois, l’amiral de Bonivet ; le maréchal de Gié. —

246 913 1700 963 Terminons par un beau morceau : une lettre de Racine, auto¬

247 964 1357 1014 graphe, non signée, mais superbe, avec cachet.

298 1091 1700 1141 Une vente d’autographes importante doit avoir lieu à Londres,

248 1143 1703 1192 le 23 janvier courant et les trois jours suivants, par les soins

249 1193 1702 1242 de MM. Puttick et Simpson, commissaires-priseurs, dans leur

248 1243 1697 1293 belle et vaste galerie de Leicester square, 47. La collection,

250 1293 1702 1344 composée par un antiquaire de Dresde, qui a mis quarante ans

250 1344 1703 1394 à la réunir, comprend plus de trois mille lettres. On y re¬

252 1394 1705 1445 marque, entre autres pièces précieuses, des lettres autographes

251 1445 1703 1495 signées des personnages suivants : Catherine Ier et Catherine II,

253 1495 1703 1546 impératrices de Russie; Benj. Franklin, Kosciusko; Hébert,

252 1545 1703 1594 le Père Duchesne; Goethe, Schiller, lord Byron, Diderot,

253 1596 1703 1645 Helvétius, Samuel Richardson, W. Robertson, J.-J. Rousseau,

253 1646 1703 1696 Voltaire, Euler, W. Herschell, Lavoisier, Mesmer, Beethoven,

254 1697 1704 1747 Haydn, Weber ; des morceaux de musique autographes de

254 1747 1704 1796 Mozart et de Franz Schubert ; Sophie Arnould et Garrick, etc.

255 1797 1706 1838 La collection renferme aussi une série intéressante d’auto¬

256 1847 1706 1898 graphes de réformateurs, tels que Luther, Calvin, Mélanchton,

254 1898 1357 1948 Zuingle, Gaspard Peucer et Théodore de Bèze.

304 1949 1707 1998 Le catalogue se distribue chez nous, 8, quai du Louvre.

255 1999 1711 2046 Devant assister à cette vente, nous nous chargerons des com¬

256 2048 1477 2099 missions que nos clients voudront bien nous confier.

306 2182 1714 2231 M. Alfred de Beauchesne, ancien secrétaire du Conservatoire

256 2233 1715 2284 de musique, est mort le 29 novembre dernier, dans sa soi¬

256 2284 1716 2336 xante-treizième année. Il laisse une collection d’autographes

257 2335 1715 2384 curieuse, riche surtout en lettres et en morceaux de la main

258 2385 1713 2435 des musiciens célèbres de ce siècle. Nous sommes chargé d’en

257 2435 1712 2487 rédiger le catalogue, qui paraîtra le mois prochain. Nous nous

258 2486 1709 2538 proposons de donner, dans le numéro 51 de la Revue,

258 2536 1710 2586 une notice sur cet excellent et savant homme, l’ami intime de

261 2588 755 2630 Cherubini et d’Auber.
