1424 2299
596 107 723 168 - 7 -

95 200 1240 238 21 Bertier de Sauvigny (L.-B.-F.), intendant de Paris, une des

149 237 1236 276 premières victimes de la Révolution de 1789. — Let. sig., 1 p.

150 273 1241 300 in-4. 2 »

95 307 1240 345 22 Bignon, député d’Ille-et-Vilaine à la Convention. — L. a. s.,

151 343 1242 380 1 p. in-8. 4 »

96 378 1243 415 23 Blanc (Louis), historien et homme d’Etat. — L. a. s. à M. Jules

151 414 1242 451 Grévy; Paris, 3 avril 1873, 1 p. in-8. 5 »

184 451 1244 483 Curieuse lettre où il approuve les sentiments qui lui ont été exprimés

152 482 1243 514 par ses amis de l’Union républicaine, à l’occasion de la démission

151 512 1110 544 de M. Jules Grévy comme Président de l’Assemblée nationale.

97 543 1246 580 24 Blucher (Gebhard-Lebrecht), feld-maréchal, généralissime des

151 579 1246 616 armées prussiennes en 1814 et 1815, né en 1742, mort en 1819. —

151 614 1246 652 Pièce sig., 1809, 1 p. in-4 obl., cachet. Rare. 8 »

98 650 1249 687 25 Boieldieu (Adrien), l’auteur de la Dame Blanche. — L. a. s. à

151 686 1248 723 Charles Mesvil, directeur du Franc Parleur, 1824, 1 p. 1/2

154 721 1246 749 in-8. 10 »

184 758 1248 790 Jolie lettre par laquelle il refuse de prendre des actions dans le jour¬

157 789 1247 821 nal de son ami Mesvil. Il craint de compromettre son indépendance,

156 819 1249 852 puis d’influencer les rédacteurs qui devront faire les comptes-rendus de

156 851 1249 884 ses ouvrages. « Un artiste, dit-il, doit éviter de prêter le flanc à la

157 882 907 910 méchanceté, et ce monde abonde en méchants. »

102 913 1249 950 26 Boissy d’Anglas, célèbre conventionnel, de l’Institut. —

155 949 1250 987 L. a. s. au préfet de la Loire-Inférieure; Nantes, 15 février

156 985 1249 1022 1814, 1 p. in-fol. 5 »

186 1022 1248 1052 Curieuse lettre écrite comme commissaire extraordinaire envoyé à

156 1053 1250 1085 Nantes. Il lui mande que, dans les circonstances actuelles, il est urgent

154 1083 1249 1116 d’organiser la garde urbaine de cette ville, et l’invite à prendre sans

155 1115 1152 1147 délai les mesures nécessaires pour en compléter les compagnies.

101 1146 1248 1184 27 Bonaparte (Joseph), roi de Naples. — Let. sig. au roi Louis,

155 1182 1247 1219 son frère; Florence, 30 avril 1842, 1/2 p. in-4. 4 »

188 1217 1249 1250 M. Piana, qui a toute sa confiance, l’entretiendra de sa part des

159 1249 1250 1281 affaires de son frère Jérôme, « afin de pouvoir les terminer sans délai

157 1280 1250 1312 et d’une manière digne de nous deux. » — Pièce curieuse par la signa¬

157 1312 1247 1344 ture qui est toute tremblée et qui ressemble beaucoup à celle d’un

157 1343 288 1368 vieillard.

104 1374 1248 1411 28 Bonaparte (Lucien), prince de Canino, frère de Napoléon Ier.

157 1410 1250 1447 — Let. sig. au citoyen Dubois-Thainville, commissaire fran¬

157 1445 1251 1484 çais d’Alger à Alicante; Aranjuez, 28 ventôse an IX, 1 p. 1/2

159 1474 1249 1510 in-fol. 3 »

189 1516 1250 1548 Curieuse lettre relative à l’outrage commis par un officier espagnol

159 1548 1251 1579 contre Dubois-Thainville. En sa qualité d’embassadeur de la Répu¬

161 1579 1250 1611 blique française, il était décidé à demander prompte réparation au

159 1610 1251 1643 gouvernement espagnol; mais, pour lui être agréable, il renonce à

160 1642 452 1667 suivre cette affaire.

105 1672 1250 1709 29 Bonifacio (Jean), célèbre historien et jurisconsulte italien du

159 1708 1252 1745 XVIe siècle, né à Rovigo en 1547, mort en 1635. — L. a. s. à

160 1743 1251 1781 Barthélemy Burchellato; Bergame, 9 octobre 1593, 1 p. in-fol.,

159 1780 1250 1816 traces de cachet. Léger raccommodage. 4 »

108 1819 1251 1857 30 Bonnat (J.-F.-L.), célèbre peintre français contemporain,

160 1848 1251 1891 auteur du Portrait de M. Thiers, élève de Sladrazo et de Léon

160 1890 1250 1927 Cogniet, né à Bayonne. — L. a. s., 1866, 1 p. in-18. 5 »

107 1930 1252 1967 31 Borghèse (le prince Camille), second mari de Pauline Bona¬

161 1965 1254 2004 parte. — Let. sig. à Gaudin, duc de Gaëte; Turin, 9 oc¬

161 2001 1253 2038 tobre 1810, 1 p. in-4. 3 »

194 2038 1254 2069 Curieuse lettre relative à la suppression, dans son gouvernement,

161 2069 1254 2101 des nombreux couvents c[ui s’y trouvaient encore à cette époque; cette

163 2100 1253 2133 mesure a pu s’exécuter à son entière satisfaction. Seulement, il a tou¬
