1432 2245
655 137 776 183 - 2 -

170 218 1297 256 5 Andrieux (Fr.-Guill.-J.-S.), poète comique, de l'Acad. franc.,

207 255 1298 291 né en 1759, mort en 1833. — L. a. s. à M. Valant, homme de

207 290 1299 328 lettres; 17 janvier 1829, 1 p. in-4. 5 »

236 327 1301 359 Il repousse l’épithète de favori d'Apollon et regrette de ne pouvoir

205 358 1301 395 prendre d’engagement vis-vis du désir qu’il lui exprime de se présenter

204 389 1301 421 à l’Académie française, le règlement défendant formellement de dis¬

205 421 541 452 poser de son suffrage.

170 452 1302 487 6 Anne d’Autriche, reine de France, femme de Louis XIII. —

205 487 1300 524 L. a. s., 1 p. in-4. Belle lettre. 45 »

171 521 1300 560 7 Argencourt (Pierre de Conty d’), célèbre ingénieur du règne

205 559 1302 604 de Louis XIII, protégé par Richelieu, connu par ses travaux

205 588 1301 632 pour la construction de la digue de La Rochelle. — Quittance

205 631 1300 667 sig., 1625, 1 p. in-8 oblong. Rare. 11 »

170 666 1302 707 8 Armaignac, gentilhomme français du XVIe siècle, fidèle valet

206 702 1301 739 de chambre de Henri IV qu'il aida à fuir de St-Germain, le

205 738 1301 774 20 février 1576; il est souvent parlé de lui dans les Mémoires de

206 773 1301 810 d'Aubigné. — P. s.; Nérac, 31 août 1579, 1. p. in-4. 12 »

242 810 1304 839 Pièce curieuse. Il reconnaît avoir reçu du trésorier du roi de Na¬

207 841 1302 872 varre la somme de 200 livres à lui comptées pour la pension et l’entre¬

206 872 813 898 tien annuels de son fris «aux escolles».

170 903 1306 940 9 Artistes, 4 feuilles de présence, 10 pages in-f. — Ces feuilles

208 939 1305 976 contiennent environ 300 signatures de peintres, statuaires,

206 975 1305 1009 musiciens, acteurs, hommes de lettres, etc. 15 »

245 1010 1311 1043 On remarque dans le nombre : Isabey père, Auber, Léon de La¬

207 1042 1305 1074 borde, Farochon, Rohaul de Fleury, Justin Ouvrié, Samson, Signol,

206 1073 1270 1106 Dantan jeune, Mainvielle, Menjaud, Elwart, Vogt, Habeneck, etc.

155 1104 1306 1142 10 Aumale (Mlle d'), amie et secrétaire de Mme de Maintenon. —

208 1141 1307 1177 L. a. s. au cardinal de Fleury; Soissons, 5 octobre 1739,

207 1177 1306 1212 2 p. in-4. 16 »

156 1211 1306 1248 11 Banks (Jos.), célèbre naturaliste et voyageur anglais du

206 1248 1308 1284 XVIIIe siècle, compagnon du capitaine Cook, né en 1740, mort

208 1283 1306 1320 en 1820. — L.a. s. à M. John lngen Housz, à Vienne; Londres,

209 1319 1306 1356 1782, 4 p. in-4. Très belle lettre scientifique. 15 »

156 1354 1307 1392 12 Banville (Théodore de), poète romantique. — Le Pressoir, très

205 1390 1306 1427 jolie pièce de vers aut. sig., 1 p. 1/2 in-4. 15 »

157 1426 1308 1463 13 Barante (A.-G.-P., baron de), historien des ducs de Bour¬

209 1462 1307 1500 gogne, de l'Académie française. — L. a. s. (à Philarète Chasles);

211 1495 1308 1535 1 juillet 1861, 1 p. 1/2 in-8. 10 »

245 1533 1310 1564 Curieuse lettre où il lui accuse réception de son ouvrage sur les

210 1564 1309 1594 Mœurs de l'Italie au commencement du XVIIe siècle et fait l’éloge de

210 1596 1310 1627 son talent. Il lui rappelle qu’il est toujours disposé à lui donner son suf¬

212 1627 1311 1659 frage à l’Académie française. «On est obligé de choisir, non point

211 1659 1311 1690 d’après le mérite des candidats, mais d’après les chances probables

212 1690 1311 1722 de succès. » (On sait que Philarète Chasles était depuis longtemps sur

212 1721 1308 1753 les rangs, mais, que son caractère difficile, qui lui avait créé beaucoup

211 1753 770 1783 d’ennemis, fut toujours un obstacle).

160 1784 1309 1820 14 Barthélemy (A.-M.), poète, auteur de Némésis, né en 1796,

213 1820 1308 1856 mort en 1867. — L. a. s. à Mme Le Chevalier; Londres, 4 mai

214 1856 1309 1892 1848, 3 p. in-4, cachet. 5 »

250 1891 990 1923 Il exprime ses craintes sur la situation politique.

161 1922 1311 1958 15 Beaumarchais (Caron de), l'auteur du Mariage de Figaro. — L.

214 1958 1311 1995 a. s. au libraire Bossange; 17 nivôse an 7, 1 p. in-8. 30 »

249 1994 1313 2027 Spirituelle épitre. « Vous savés que le cuivre des œufs gravés, qu’à

213 2025 1314 2058 pondus notre grand Voltaire, nous manque : vous savés même que les

212 2057 1314 2088 7 exemplaires livrés sont privés de cette gravure! J’en suis chagrin. Il

214 2088 1311 2120 nous faut fondre (non cette cloche), car ce n’est qu’une sonnette. Mais

216 2119 678 2145 efin il nous faut la fondre! »
