1432 2245
604 153 717 179 - 4 -

95 225 1247 264 26 Bonaparte (le prince Napoléon), fils du roi Jérôme, cousin de

147 263 1247 300 Napoléon III, gendre de Victor-Emmanuel. — L. a. s. à un

150 299 1247 336 journaliste; 20 juin 1848, 2 p. in-8. 10 »

177 334 1248 367 Très curieuse lettre par laquelle il dément les bruits qu’a fait courir

147 366 1248 398 le Journal de Rouen relativement à une prétendue conspiration de

148 398 818 429 son cousin, « le citoyen Louis Bonaparte. »

92 438 1249 475 27 Bouillon (Godefroy-Maurice de La Tour, duc de), grand cham¬

147 473 1247 511 bellan de France, époux de Marie-Anne de Mancini, nièce de

146 509 1247 545 Mazarin, mort en 1721. — L. a. s., 2 p. in-4. 22 »

177 546 1249 576 Belle et intéressante lettre écrite au début de la guerre de la suc¬

148 576 1247 608 cession d’Espagne, au sujet de la levée d’un régiment à envoyer en

145 608 1248 639 Piémont. Comme les soldats ne serviront que dans dix mois et revien¬

145 639 1248 671 draient à 50 écus, il est bon d’attendre la réponse de l’ambassadeur de

147 671 1249 701 Bavière et les résolutions de la cour. (Le duc de Bouillon hésitait

145 702 1177 733 entre l’Italie et l’Allemagne où le duc de Bavière était notre allié.)

91 742 1247 779 28 Bourbon (Ferdinand-Charles III de), duc de Parme, assassiné

145 778 1248 814 en 1854 dans une rue de sa capitale, beau-frère du comte de

144 814 1247 850 Chambord. — L. a. s. à l’avocat Fava, président du comité de

145 849 1249 886 sécurité publique, à Milan; 26 mai 1848, 3 p. in-8, cachet à ses

146 886 1248 915 armes. 15 »

170 921 1249 952 Curieuse lettre écrite comme prisonnier des Milanais, pendant l'in¬

146 952 1250 984 surrection de 1848. Sur le point d’être mis en liberté, il le prie d’adres¬

146 984 1224 1016 ser tous ses remerciments aux personnes qui ont adouci sa captivité.

92 1024 1248 1060 29 Bretagne (de), magistrat célèbre du XVIIe siècle, ancien

146 1058 1249 1096 conseiller au parlement de Dijon, nommé président au parle¬

147 1096 1250 1131 ment de Metz pour avoir condamné le maréchal de Marillac à

146 1130 1249 1167 Rueil. — L. a. s. à M. de Feuquières, gouverneur de Verdun;

146 1166 1252 1204 Toul, 6 décembre 1636, 1 p. in-4, cachets et soies. Un peu fati¬

148 1202 1249 1240 guée et tachée. 11 »

181 1238 1249 1270 L’abbé de Citeaux vient de lui apprendre que l’abbaye de Chatillon,

147 1270 1249 1302 près Verdun, est vacante; il lui demande de la faire obtenir à son fils,

147 1301 556 1333 religieux profès à Citeaux.

94 1335 1251 1377 30 Brunei ( Marc-Isambart), célèbre ingénieur, l’auteur du tunnel

148 1376 1251 1410 sous la Tamise, né en 1769, mort en 1849. — Tonnelle sous la Tamise,

149 1412 1251 1451 pièce aut. sig.; 1835, 3 p. in-4. 25 »

180 1448 1252 1480 Important document sur la construction de son fameux tunnel, avec

149 1480 1204 1512 un dessin de la main de Brunel représentant la coupe du dit tunnel.

96 1519 1252 1558 31 Camden (lord Ch. Pratt, comte), homme politique et célèbre

147 1555 1252 1594 jurisconsulte anglais, pair d’Angleterre et grand chancelier,

151 1591 1253 1629 né en 1713, mort en 1794. — L. a. s.; 1773, 1 p. in-4. Belle

151 1628 1252 1657 lettre. 12 »

98 1667 1253 1708 32 Chalons (René de), personnage célèbre de la famille d’Orange

152 1703 1253 1741 au XVIIe siècle, parent du stathouder de Hollande. — Let. sig.,

153 1739 1253 1777 avec la souscript. aut., en français; Bruxelles, 7 janv. 1623,

155 1769 1253 1811 1 p. in-f. Raccommodage. 11 »

184 1811 1255 1843 Lettre adressée au précepteur de son fils Lamoral. Conseils pour

154 1841 743 1868 l’éducation et l’instruction de l’enfant.

100 1881 1254 1918 33 Cham (A. de Noé, dit), le spirituel caricaturiste, mort récem¬

155 1918 1254 1954 ment. — L. a. s., 1 p. in-8. 6 »

187 1953 1255 1986 Curieuse lettre. Ses tentatives théâtrales n’ayant pas été heureuses

153 1985 1119 2018 jusqu’ici, il renonce au théâtre, à ses pompes et à ses œuvres.

101 2025 1255 2065 34 Charles-Quint, empereur d’Allemagne. — Let. sig., en alle¬

154 2061 1256 2099 mand, aux bourgeois de Brunswick; Augsbourg, 18 juillet

155 2092 1254 2134 1550, 2 p. in-f. Légères taches. 15 »

189 2133 1256 2165 Il répond à une lettre que lui a adressée le Conseil de ville; il recon¬
