1424 2299
556 133 677 161 - 3 -

47 209 1199 246 16 Beauvoir (Roger de), célèbre écrivain romanique. — Sorcel¬

99 245 1199 282 lerie, pièce de vers aut. sig.; 1er janvier 1836, 1 p. in-4. 12 »

135 286 1115 317 Très jolie lettre écrite sur papier bristol avec entourage gaufré.

50 326 1203 368 17 Béchard (Jean, baron de), célèbre général et ingénieur autri¬

101 361 1201 399 chien du XVIIIe siècle, qui prit une part active à la guerre de

101 397 1202 434 sept ans, tué au siège de Belgrade en 1788. — L. a. s. au mi¬

101 433 1201 470 nistre de la guerre, à Vienne ; Arad, 14 mai 1766, 3 p. in-f. 11 »

135 469 1203 500 Belle lettre sur les fortifications élevés autour d’Arad, pour la défense

100 502 358 526 contre les Turcs.

49 540 1204 577 18 Belle-Isle (Ch.-Louis-Aug. Fouquet, duc de), maréchal de

101 576 1207 613 France, célèbre par sa retraite de Prague, ministre de la

102 612 1207 651 guerre, membre de l’Académie française, né en 1684, mort

101 648 1206 686 en 1761. — Let. aut. au marquis...; camp de Nice, 11 sep¬

102 684 1206 720 tembre 1744, 1 p.in-4. 17 »

138 723 1207 756 Il lui adresse une lettre du duc de Richelieu qui le tiendra au cou¬

104 755 1208 787 rant des événements de Paris. Il s’agit de poursuivre les négociations

103 786 1209 818 en Allemagne avant que les Anglais n’aient conclu de nouvelles al¬

105 818 700 843 liances et accentué leurs mouvements.

52 858 1207 894 19 Berlioz (Hector), le célèbre compositeur. — L. a. s. au baron

104 893 1207 931 Taylor; 27 avril 1849, 1 p. in-8. Jolie lettre. 6 »

51 938 1209 975 20 Berryer (A.-P.), illustre orateur parlementaire, de l’Acadé¬

106 974 1208 1012 mie française. — L. a. s. à Monseigneur...; 15 juin, 1 p.

107 1005 1208 1038 in-8. 6 »

142 1045 1211 1074 Belle lettre sur les élections dans le Morbihan; il recommande chau¬

105 1077 940 1103 dement la canditature de M. Fernand de la Ferronais.

52 1116 1210 1155 21 Bertall (Charles-Albert d’Anioux, dit), dessinateur original,

109 1152 1210 1190 l’interprète des œuvres de Balzac. — 3 Epreuves de ses croquis

108 1188 1209 1226 pour le Journal pour rire, avec les légendes autographes. 10 »

54 1233 1209 1271 22 Bèze (Théodore de), le grand réformateur calviniste. — Let.sig.

109 1268 1211 1312 avec la souscription aut., en latin, à Armand Polain, docteur

108 1304 1209 1343 de l’Eglise de Baie; 1/2 p. in-4, cachet. Légère déchirure. 75 »

143 1344 1210 1377 Il le félicite sur son mariage et lui annonce qu’il donne à Grynæus,

107 1376 1211 1409 pour les lui communiquer, des nouvelles de France. Il fait l’éloge de

107 1408 571 1440 Borgkius et parle de Baludius.

54 1446 1209 1486 23 Bignon (l’abbé J.-Paul), bibliophile célèbre, bibliothécaire

108 1483 1210 1521 du roi, membre de l’Académie française. — L. a. s. au prési¬

108 1518 1210 1557 dent de Lamoignon; (1704), 2 p. in-8. Belle et intéressante

108 1556 1210 1585 lettre. 5 »

54 1594 1210 1633 24 Blanc (Ch.), célèbre critique d’art, membre de l’Académie

109 1630 1211 1672 française. — L. a. s. à M. Delaunay, directeur de l'Artiste;

108 1666 1210 1705 Troyes, 7 avril 1841, 1 p. in-4. 5 »

144 1706 1211 1739 Relative à M. Schnitz, « artiste fort distingué, paysagiste de première

108 1741 215 1766 force ».

55 1777 1211 1816 25 Boissy d’Anglas (Fr.-Ant. de), conventionnel, célèbre par

109 1812 1210 1850 sa fermeté inébranlable dans la journée du 1er prairial. —

109 1848 1210 1887 L. a. s.; Paris, 21 janvier 1822, 3 p. in-8. Un peu fatiguée. 30 »

143 1889 1212 1923 Intéressante et spirituelle épitre adressée à un ami intime à qui il

108 1920 1212 1951 donne des détails sur sa famille. Il mène une existence très calme, ne

108 1952 1212 1985 s’occupe pas de politique; il remplit ses devoirs exactement, ne cherche

108 1983 1213 2018 point à avoir du crédit, n’étant point courtisan, mais il reste fidèle à

112 2014 1212 2049 ses principes. « Ceux qui m’appelaient royaliste sous la Convention,

110 2046 1213 2080 disent souvent que je suis républicain sous la monarchie, je me borne

109 2076 1214 2113 à lever les épaules et à rester ce que j’ai toujours été, ami des loix, de

110 2109 1087 2142 l’ordre et du gouvernement, de la justice et de l’humanité.... »
