1432 2245
620 87 745 114 - 6 -

159 162 1259 195 il est sensible, comme s’il avait vécu vingt ans avec sa mère et qu’il

160 193 1259 225 connût tout ce qu’il perd. » Il espère que cette perte ne changera rien

163 225 1260 255 à leurs affaires, du moins il en a reçu l’assurance de l’Infant lui-

160 256 1260 289 même, etc. — Sur la partie blanche de la première page se trouve la

160 287 882 319 minute de la réponse aut. du duc de Nivernais

108 323 1261 361 42 Condorcet (J.-M. de Caritat de), illustre mathématicien, philo¬

161 359 1260 399 sophe et conventionnel, de l’Académie française, né dans

162 395 1257 437 l’Aisne. — Eloge de Cassini, pièce aut., 6 p. in-f. 15 »

108 430 1260 472 43 Corneille (Thomas), poète dramatique, frère de Pierre, de

161 466 1262 504 l’Académie française. — Quittance sig. sur vélin; 30 juillet

164 496 1260 539 1705, 1 p. in-8 obl. Rare. 100 »

109 542 1261 583 44 Crillon (Louis Balbis de Berton de), le brave compagnon de

161 578 1262 615 Henri IV, un des plus célèbres capitaines du XVIe siècle. —

163 614 1263 651 Pièce trois fois signée; Marseille, 14 juillet 1581, 2 p. 1/2

165 650 1262 679 in-fol. Rare. 75 »

194 686 1263 716 Accord avec Joachim de Balu, habitant de Marseille, à raison de

163 717 1263 750 deux offices, l’un de Consul pour la nation française et de quelque

164 749 1264 781 qualité qu’ils soient, trafiquant et négociant sous sa bannière ès pays

165 780 1113 812 de Tripoli, Syrie, ile de Chypre, l’autre de facteur de navires.

110 816 1263 853 45 Dalton (Mlle J.), femme de lettres anglaise, traducteur de

163 852 1263 890 Paul et Virginie.— L. a. s., en français, à Mlle Virginie de Saint-

164 887 1262 925 Pierre, fille de Bernardin ; Londres, 14 janvier, 2 p. pet. in-4.

164 923 1263 960 Légère déchirure. Charmante lettre intime. 12 »

111 968 1265 1005 46 Daudet (Ernest), célèbre littérateur et romancier, né à

165 1003 1265 1040 Nîmes en 1837. — L. a. s., 17 juillet, 1 /2 p. in-8. Sur les débuts

167 1040 1263 1075 de Villaret dans les Vêpres. 5 »

113 1079 1265 1117 47 Deguerry (Gaspard), célèbre prédicateur, curé de la Made¬

165 1116 1265 1154 leine, un des otages de la Commune, fusillé avec l’archevêque

167 1151 1264 1187 de Paris. — L. a. s. au rédacteur du Constitutionnel; Paris,

166 1188 1262 1230 29 septembre 1830, 1 p. in-4. 18 »

198 1223 1266 1256 Curieuse lettre relative à l'arrestation d’un ecclésiastique trouvé à

167 1255 1265 1287 Montmartre en compagnie d'hommes armés dont les projets étaient

168 1286 1266 1319 hostiles à la tranquillité publique. L’annonce d’un tel fait par les

164 1318 1266 1354 journaux offense le clergé de la capitale, il proteste, ainsi que plusieurs

168 1349 1266 1382 de ses collègues, contre la conduite de cet ecclésiastique et déclare

167 1381 1265 1413 « que le sacerdoce désavoue et regarde comme coupable envers la

166 1413 1266 1445 Religion, tout prêtre non-seulement qui prendrait des armes pour

167 1444 1267 1477 causer du trouble, mais qui le ferait naître ou le propagerait par ses

165 1476 933 1508 discours et même qui l’appellerait de ses vœux. »

112 1513 1267 1550 48 Delescluze (Ch.), publiciste révolutionnaire, membre de la

167 1549 1264 1587 Commune et délégué à la guerre, tué à la place du Château-

166 1585 1265 1622 d’Eau. — P. s. comme délégué a la guerre; Paris, 19 mai 1871.

167 1621 1263 1659 1 p. in-8. Cachet de la Commune. 15 »

112 1663 1265 1701 49 Delessert (Gabriel), célèbre préfet de police. — L. a. s., au

166 1699 1267 1737 rédacteur du Constitutionnel; (Paris), 21 décembre (1830), 2 p. 1/2

167 1736 1265 1765 in-8. 5 »

199 1770 1267 1802 Curieuse lettre sur les troubles des 21 et 22 décembre; il lui adresse

166 1802 1267 1835 une note à publier dans le Constitutionnel, où il lui recommande de

166 1834 1267 1866 faire l’éloge de la garde nationale. « Cela produira, dit-il, un bon

167 1867 271 1892 effet. »

112 1901 1267 1939 50 Dolomieu (Gratet de), un des créateurs de la science géolo¬

167 1937 1267 1975 gique. — L. a. s. ; Côte Saint-André, 11 vend, an IV, 1 p. 1/2

168 1974 1266 2003 in-8. 20 »

199 2010 1267 2042 Curieuse lettre sur un nouveau moyen que lui a communiqué

168 2040 1262 2074 Humboldt pour économiser la poudre dans l’exploitation des mines.

169 2072 1267 2105 Après avoir donné la description du procédé, il ajoute ; « Il me parait
