<?xml version="1.0" encoding="UTF-8"?>
<PcGts xmlns="http://schema.primaresearch.org/PAGE/gts/pagecontent/2013-07-15" xmlns:xsi="http://www.w3.org/2001/XMLSchema-instance" xmlns:xs="http://www.w3.org/2001/XMLSchema" xmlns:pr="http://schema.primaresearch.org/PAGE/gts/pagecontent/2013-07-15" xsi:schemaLocation="http://schema.primaresearch.org/PAGE/gts/pagecontent/2013-07-15 http://schema.primaresearch.org/PAGE/gts/pagecontent/2013-07-15/pagecontent.xsd">
  <Metadata>
        <Creator/>
        <Created>2018-09-26T17:55:14.305+02:00</Created>
        <LastChange>2019-03-26T09:42:43.087+01:00</LastChange>
        <Comments>
                Measurement unit: pixel
                PrimaryLanguage: English
                Language: FrenchStandard
                Producer: ABBYY FineReader Engine 11</Comments>
        <TranskribusMetadata docId="164155" pageId="6045744" pageNr="1" tsid="10277837" status="DONE" userId="10612" imgUrl="https://files.transkribus.eu/Get?id=YRFEEFIKUQAHKGFOEGZURGUP&amp;fileType=view" xmlUrl="https://files.transkribus.eu/Get?id=HDZGNFPJREGDPQOZTCODBXYY" imageId="1899155"/>
    </Metadata>
  <Page imageFilename="1885_12_RDA_N095_gt_0001.png" imageWidth="1424" imageHeight="2299">
    <PrintSpace>
            <Coords points="0,0 1349,0 1349,2158 0,2158"/>
        </PrintSpace>
    <ReadingOrder>
            <OrderedGroup id="ro_1604249682153" caption="Regions reading order">
                <RegionRefIndexed index="0" regionRef="r_1_1"/>
                <RegionRefIndexed index="1" regionRef="r_2_1"/>
                <RegionRefIndexed index="2" regionRef="r_3_1"/>
                <RegionRefIndexed index="3" regionRef="r_4_1"/>
                <RegionRefIndexed index="4" regionRef="r_5_1"/>
                <RegionRefIndexed index="5" regionRef="r_5_2"/>
                <RegionRefIndexed index="6" regionRef="r_5_3"/>
                <RegionRefIndexed index="7" regionRef="r_5_4"/>
                <RegionRefIndexed index="8" regionRef="r_5_5"/>
                <RegionRefIndexed index="9" regionRef="r_6_1"/>
                <RegionRefIndexed index="10" regionRef="r_6_2"/>
                <RegionRefIndexed index="11" regionRef="r_7_1"/>
                <RegionRefIndexed index="12" regionRef="r_7_2"/>
                <RegionRefIndexed index="13" regionRef="r_7_3"/>
                <RegionRefIndexed index="14" regionRef="r_7_4"/>
                <RegionRefIndexed index="15" regionRef="r_8_1"/>
                <RegionRefIndexed index="16" regionRef="r_8_2"/>
                <RegionRefIndexed index="17" regionRef="r_8_3"/>
                <RegionRefIndexed index="18" regionRef="r_8_4"/>
                <RegionRefIndexed index="19" regionRef="r_8_5"/>
            </OrderedGroup>
        </ReadingOrder>
    <TextRegion type="paragraph" id="r_1_1" custom="readingOrder {index:0;}">
      <Coords points="845,138 1150,138 1150,168 845,168"/>
      <TextLine id="tl_1" primaryLanguage="English" custom="structure {type:default;} readingOrder {index:0;}">
        <Coords points="846,139 1149,139 1149,167 846,167"/>
        <Baseline points="846,166 1042,167 1149,166"/>
        <Word id="w_w2aab1b1b2b1b1ab1">
          <Coords points="846,139 1149,139 1149,167 846,167"/>
          <TextEquiv>
            <Unicode>Décembre 1885.</Unicode>
          </TextEquiv>
          <TextStyle fontFamily="Times New Roman" fontSize="10.0" bold="true"/>
        </Word>
      </TextLine>
    </TextRegion>
    <TextRegion type="paragraph" id="r_2_1" custom="readingOrder {index:1;}">
      <Coords points="96,139 677,139 677,170 96,170"/>
      <TextLine id="tl_2" primaryLanguage="English" custom="structure {type:default;} readingOrder {index:0;}">
        <Coords points="97,140 676,140 676,169 97,169"/>
        <Baseline points="97,169 127,169 173,161 309,167 604,160 676,167"/>
        <Word id="w_w2aab1b3b2b1b1ab1">
          <Coords points="97,140 676,140 676,169 97,169"/>
          <TextEquiv>
            <Unicode>XXe année. N° 95.</Unicode>
          </TextEquiv>
        </Word>
      </TextLine>
    </TextRegion>
    <TextRegion type="paragraph" id="r_3_1" custom="readingOrder {index:2;}">
      <Coords points="438,235 808,235 808,290 438,290"/>
      <TextLine id="tl_3" primaryLanguage="English" custom="structure {type:default;} readingOrder {index:0;}">
        <Coords points="439,236 807,236 807,289 439,289"/>
        <Baseline points="439,289 807,286"/>
        <Word id="w_w2aab1b5b2b1b1ab1">
          <Coords points="439,236 807,236 807,289 439,289"/>
          <TextEquiv>
            <Unicode>REVUE</Unicode>
          </TextEquiv>
          <TextStyle fontFamily="Times New Roman" fontSize="18.0" bold="true"/>
        </Word>
      </TextLine>
    </TextRegion>
    <TextRegion type="paragraph" id="r_4_1" custom="readingOrder {index:3;}">
      <Coords points="599,312 655,312 655,334 599,334"/>
      <TextLine id="tl_4" primaryLanguage="English" custom="structure {type:default;} readingOrder {index:0;}">
        <Coords points="600,313 654,313 654,333 600,333"/>
        <Baseline points="600,332 654,333"/>
        <Word id="w_w2aab1b7b2b1b1ab1">
          <Coords points="600,313 654,313 654,333 600,333"/>
          <TextEquiv>
            <Unicode>DES</Unicode>
          </TextEquiv>
          <TextStyle fontFamily="Times New Roman" fontSize="8.5"/>
        </Word>
      </TextLine>
    </TextRegion>
    <TextRegion type="paragraph" id="r_5_1" custom="readingOrder {index:4;}">
      <Coords points="57,361 1207,361 1207,511 57,511"/>
      <TextLine id="tl_5" primaryLanguage="English" custom="structure {type:default;} readingOrder {index:0;}">
        <Coords points="58,362 1206,362 1206,510 58,510"/>
        <Baseline points="58,506 1206,510"/>
        <Word id="w_w2aab1b9b2b1b1ab1">
          <Coords points="58,362 1206,362 1206,510 58,510"/>
          <TextEquiv>
            <Unicode>AUTOGRAPHES</Unicode>
          </TextEquiv>
          <TextStyle fontFamily="Times New Roman" fontSize="53.0"/>
        </Word>
      </TextLine>
    </TextRegion>
    <TextRegion type="paragraph" id="r_5_2" custom="readingOrder {index:5;}">
      <Coords points="196,535 1066,535 1066,581 196,581"/>
      <TextLine id="tl_6" primaryLanguage="English" custom="structure {type:default;} readingOrder {index:0;}">
        <Coords points="197,536 1065,536 1065,580 197,580"/>
        <Baseline points="197,580 257,580 464,580 519,580 551,579 710,580 755,580 808,579 859,579 1065,579"/>
        <Word id="w_w2aab1b9b2b3b1ab1">
          <Coords points="197,536 1065,536 1065,580 197,580"/>
          <TextEquiv>
            <Unicode>DES CURIOSITÉS DE L'HISTOIRE &amp; DE LA BIOGRAPHIE</Unicode>
          </TextEquiv>
          <TextStyle fontFamily="Times New Roman" fontSize="13.0"/>
        </Word>
      </TextLine>
    </TextRegion>
    <TextRegion type="paragraph" id="r_5_3" custom="readingOrder {index:6;}">
      <Coords points="309,603 959,602 959,639 309,640"/>
      <TextLine id="tl_7" primaryLanguage="English" custom="structure {type:default;} readingOrder {index:0;}">
        <Coords points="310,604 956,607 956,642 310,639"/>
        <Baseline points="310,631 423,632 474,631 559,632 627,631 756,632 954,631 1137,629 1179,621 1231,619 1267,616 1317,633 1342,613"/>
        <Word id="w_w2aab1b9b2b5b1ab1">
          <Coords points="310,604 956,607 956,642 310,639"/>
          <TextEquiv>
            <Unicode>Fondée en 1866 par Gabriel CHARAVAY</Unicode>
          </TextEquiv>
          <TextStyle fontFamily="Times New Roman" fontSize="9.5" bold="true"/>
        </Word>
      </TextLine>
    </TextRegion>
    <TextRegion type="paragraph" id="r_5_4" custom="readingOrder {index:7;}">
      <Coords points="75,645 1191,645 1191,697 75,697"/>
      <TextLine id="tl_8" primaryLanguage="English" custom="structure {type:default;} readingOrder {index:0;}">
        <Coords points="76,646 1190,646 1190,696 76,696"/>
        <Baseline points="76,685 359,684 546,684 677,687 798,685 872,684 1189,685 1217,674 1252,684"/>
        <Word id="w_w2aab1b9b2b7b1ab1">
          <Coords points="76,646 1190,646 1190,696 76,696"/>
          <TextEquiv>
            <Unicode>PARAISSANT CHAQUE MOIS, SOUS LA DIRECTION DE</Unicode>
          </TextEquiv>
          <TextStyle fontFamily="Times New Roman" fontSize="8.0" bold="true"/>
        </Word>
      </TextLine>
    </TextRegion>
    <TextRegion type="paragraph" id="r_5_5" custom="readingOrder {index:8;}">
      <Coords points="364,689 911,700 911,750 364,739"/>
      <TextLine id="tl_9" primaryLanguage="English" custom="structure {type:default;} readingOrder {index:0;}">
        <Coords points="365,690 912,698 912,746 365,738"/>
        <Baseline points="365,737 541,737 815,737 907,736 1198,729 1220,719 1273,724 1307,698"/>
        <Word id="w_w2aab1b9b2b9b1ab1">
          <Coords points="365,690 912,698 912,746 365,738"/>
          <TextEquiv>
            <Unicode>EUGÈNE CHARAVAY Fils</Unicode>
          </TextEquiv>
        </Word>
      </TextLine>
    </TextRegion>
    <TextRegion type="paragraph" id="r_6_1" custom="readingOrder {index:9;}">
      <Coords points="176,796 1093,796 1093,834 176,834"/>
      <TextLine id="tl_10" primaryLanguage="English" custom="structure {type:default;} readingOrder {index:0;}">
        <Coords points="177,797 1092,797 1092,833 177,833"/>
        <Baseline points="177,826 260,825 322,825 612,825 633,825 734,825 788,825 839,825 901,825 1069,833 1092,825"/>
        <Word id="w_w2aab1c11b2b1b1ab1">
          <Coords points="177,797 1092,797 1092,833 177,833"/>
          <TextEquiv>
            <Unicode>PRIX DE L’ABONNEMENT : Pour un an (12 numéros) :</Unicode>
          </TextEquiv>
          <TextStyle fontFamily="Times New Roman" fontSize="9.5" bold="true"/>
        </Word>
      </TextLine>
    </TextRegion>
    <TextRegion type="paragraph" id="r_6_2" custom="readingOrder {index:10;}">
      <Coords points="56,845 1214,845 1214,948 56,948"/>
      <TextLine id="tl_11" primaryLanguage="English" custom="structure {type:default;} readingOrder {index:0;}">
        <Coords points="57,846 1213,846 1213,877 57,877"/>
        <Baseline points="57,871 164,875 189,871 225,876 376,874 400,870 502,870 640,871 663,870 758,874 834,870 876,870 997,870 1213,873"/>
        <Word id="w_w2aab1c11b2b3b1ab1">
          <Coords points="57,846 1213,846 1213,877 57,877"/>
          <TextEquiv>
            <Unicode>France, 3 f.; Etranger, 4 f.— On s’abonne à Paris, chez M. Eugène CHARAVAY,</Unicode>
          </TextEquiv>
          <TextStyle fontFamily="Times New Roman" fontSize="9.0"/>
        </Word>
      </TextLine>
      <TextLine id="tl_12" primaryLanguage="English" custom="structure {type:default;} readingOrder {index:1;}">
        <Coords points="361,878 900,878 900,909 361,909"/>
        <Baseline points="361,902 384,906 468,902 520,902 652,902 687,896 729,902 754,902 900,902"/>
        <Word id="w_w2aab1c11b2b3b3ab1">
          <Coords points="361,878 900,878 900,909 361,909"/>
          <TextEquiv>
            <Unicode>8, quai du Louvre. — Et à Londres:</Unicode>
          </TextEquiv>
          <TextStyle fontFamily="Times New Roman" fontSize="9.0"/>
        </Word>
      </TextLine>
      <TextLine id="tl_13" primaryLanguage="English" custom="structure {type:default;} readingOrder {index:2;}">
        <Coords points="132,918 1132,918 1132,947 132,947"/>
        <Baseline points="132,943 196,942 249,942 291,942 393,942 630,947 735,942 845,946 1027,942 1132,942"/>
        <Word id="w_w2aab1c11b2b3b5ab1">
          <Coords points="132,918 1132,918 1132,947 132,947"/>
          <TextEquiv>
            <Unicode>chez M. A.-W. Thibaudeau, 18, Green Street, St-Martin’s Place.</Unicode>
          </TextEquiv>
        </Word>
      </TextLine>
    </TextRegion>
    <TextRegion type="paragraph" id="r_7_1" custom="readingOrder {index:11;}">
      <Coords points="145,1012 1137,1012 1137,1076 145,1076"/>
      <TextLine id="tl_14" primaryLanguage="English" custom="structure {type:default;} readingOrder {index:0;}">
        <Coords points="146,1013 1136,1013 1136,1075 146,1075"/>
        <Baseline points="146,1071 566,1071 639,1071 818,1071 1136,1071"/>
        <Word id="w_w2aab1c13b2b1b1ab1">
          <Coords points="146,1013 1136,1013 1136,1075 146,1075"/>
          <TextEquiv>
            <Unicode>AUTOGRAPHES A PRIX MARQUÉS</Unicode>
          </TextEquiv>
          <TextStyle fontFamily="Times New Roman" fontSize="18.0" bold="true"/>
        </Word>
      </TextLine>
    </TextRegion>
    <TextRegion type="paragraph" id="r_7_2" custom="readingOrder {index:12;}">
      <Coords points="231,1093 1048,1093 1048,1131 231,1131"/>
      <TextLine id="tl_15" primaryLanguage="English" custom="structure {type:default;} readingOrder {index:0;}">
        <Coords points="232,1094 1047,1094 1047,1130 232,1130"/>
        <Baseline points="232,1123 276,1123 385,1122 417,1122 633,1123 712,1123 1047,1130"/>
        <Word id="w_w2aab1c13b2b3b1ab1">
          <Coords points="232,1094 1047,1094 1047,1130 232,1130"/>
          <TextEquiv>
            <Unicode>En vente chez Eugène CHARAVAY, expert,</Unicode>
          </TextEquiv>
        </Word>
      </TextLine>
    </TextRegion>
    <TextRegion type="paragraph" id="r_7_3" custom="readingOrder {index:13;}">
      <Coords points="401,1149 871,1149 871,1182 401,1182"/>
      <TextLine id="tl_16" primaryLanguage="English" custom="structure {type:default;} readingOrder {index:0;}">
        <Coords points="402,1150 870,1150 870,1181 402,1181"/>
        <Baseline points="402,1176 425,1180 507,1175 561,1176 692,1181 739,1181 775,1176 870,1176"/>
        <Word id="w_w2aab1c13b2b5b1ab1">
          <Coords points="402,1150 870,1150 870,1181 402,1181"/>
          <TextEquiv>
            <Unicode>8. QUAI DU LOUVRE, 8, A PARIS</Unicode>
          </TextEquiv>
          <TextStyle fontFamily="Times New Roman" fontSize="9.0"/>
        </Word>
      </TextLine>
    </TextRegion>
    <TextRegion type="paragraph" id="r_7_4" custom="readingOrder {index:14;}">
      <Coords points="58,1230 1222,1230 1222,1311 58,1311"/>
      <TextLine id="tl_17" primaryLanguage="English" custom="structure {type:default;} readingOrder {index:0;}">
        <Coords points="59,1231 1221,1231 1221,1265 59,1265"/>
        <Baseline points="59,1258 242,1257 268,1256 322,1257 362,1257 406,1257 526,1257 705,1257 750,1257 872,1262 917,1257 1018,1264 1221,1258"/>
        <Word id="w_w2aab1c13b2b7b1ab1">
          <Coords points="59,1231 1221,1231 1221,1265 59,1265"/>
          <TextEquiv>
            <Unicode>Abréviations : L. a. s., lettre autographe et signée; Acad. fr., Académie</Unicode>
          </TextEquiv>
        </Word>
      </TextLine>
      <TextLine id="tl_18" primaryLanguage="English" custom="structure {type:default;} readingOrder {index:1;}">
        <Coords points="183,1276 1087,1276 1087,1310 183,1310"/>
        <Baseline points="183,1309 328,1307 448,1307 630,1302 789,1302 829,1302 852,1302 974,1302 1087,1302"/>
        <Word id="w_w2aab1c13b2b7b3ab1">
          <Coords points="183,1276 1087,1276 1087,1310 183,1310"/>
          <TextEquiv>
            <Unicode>française; Sousc., compliment terminant la lettre; P., page.</Unicode>
          </TextEquiv>
        </Word>
      </TextLine>
    </TextRegion>
    <TextRegion type="paragraph" id="r_8_1" custom="readingOrder {index:15;}">
      <Coords points="90,1385 1218,1385 1218,1603 90,1603"/>
      <TextLine id="tl_19" primaryLanguage="English" custom="structure {type:default;} readingOrder {index:0;}">
        <Coords points="91,1386 1217,1386 1217,1424 91,1424"/>
        <Baseline points="91,1415 101,1415 154,1415 459,1415 529,1420 668,1414 808,1414 999,1421 1162,1415 1217,1415"/>
        <Word id="w_w2aab1c15b2b1b1ab1">
          <Coords points="91,1386 1217,1386 1217,1424 91,1424"/>
          <TextEquiv>
            <Unicode>1 Aerssen (François d'), célèbre homme politique, créature de</Unicode>
          </TextEquiv>
        </Word>
      </TextLine>
      <TextLine id="tl_20" primaryLanguage="English" custom="structure {type:default;} readingOrder {index:1;}">
        <Coords points="123,1422 1217,1422 1217,1459 123,1459"/>
        <Baseline points="123,1451 263,1450 321,1450 478,1457 553,1450 743,1450 780,1450 829,1450 933,1450 991,1450 1217,1457"/>
        <Word id="w_w2aab1c15b2b1b3ab1">
          <Coords points="123,1422 1217,1422 1217,1459 123,1459"/>
          <TextEquiv>
            <Unicode>Maurice de Nassau, qui contribua à la mort de Barneveldt,</Unicode>
          </TextEquiv>
          <TextStyle fontFamily="Times New Roman" fontSize="10.0"/>
        </Word>
      </TextLine>
      <TextLine id="tl_21" primaryLanguage="English" custom="structure {type:default;} readingOrder {index:2;}">
        <Coords points="123,1458 1215,1458 1215,1495 123,1495"/>
        <Baseline points="123,1487 267,1486 307,1486 537,1485 616,1485 666,1485 832,1486 1035,1492 1215,1480"/>
        <Word id="w_w2aab1c15b2b1b5ab1">
          <Coords points="123,1458 1215,1458 1215,1495 123,1495"/>
          <TextEquiv>
            <Unicode>comparé à Oxenstierne par lo cardinal Richelieu, ambassa¬</Unicode>
          </TextEquiv>
          <TextStyle fontFamily="Times New Roman" fontSize="10.0"/>
        </Word>
      </TextLine>
      <TextLine id="tl_22" primaryLanguage="English" custom="structure {type:default;} readingOrder {index:3;}">
        <Coords points="124,1494 1216,1494 1216,1529 124,1529"/>
        <Baseline points="124,1522 202,1522 255,1522 391,1521 446,1521 541,1527 596,1521 650,1521 746,1528 846,1522 899,1522 997,1521 1051,1514 1109,1522 1156,1523 1216,1529"/>
        <Word id="w_w2aab1c15b2b1b7ab1">
          <Coords points="124,1494 1216,1494 1216,1529 124,1529"/>
          <TextEquiv>
            <Unicode>deur en France en 1624, né en 1572, mort en 1641. — L. a. s.,</Unicode>
          </TextEquiv>
          <TextStyle fontFamily="Times New Roman" fontSize="10.0"/>
        </Word>
      </TextLine>
      <TextLine id="tl_23" primaryLanguage="English" custom="structure {type:default;} readingOrder {index:4;}">
        <Coords points="124,1530 1217,1530 1217,1569 124,1569"/>
        <Baseline points="124,1558 162,1558 325,1564 358,1557 664,1561 852,1557 908,1557 986,1558 1039,1558 1217,1551"/>
        <Word id="w_w2aab1c15b2b1b9ab1">
          <Coords points="124,1530 1217,1530 1217,1569 124,1569"/>
          <TextEquiv>
            <Unicode>en français, à Butrinckhausen, conseiller du duc de Wurtem¬</Unicode>
          </TextEquiv>
          <TextStyle fontFamily="Times New Roman" fontSize="10.0"/>
        </Word>
      </TextLine>
      <TextLine id="tl_24" primaryLanguage="English" custom="structure {type:default;} readingOrder {index:5;}">
        <Coords points="125,1565 1215,1565 1215,1602 125,1602"/>
        <Baseline points="125,1593 216,1601 276,1594 389,1600 421,1594 512,1594 605,1599 638,1593 684,1592 775,1593 813,1593 1061,1592 1163,1594 1215,1592"/>
        <Word id="w_w2aab1c15b2b1c11ab1">
          <Coords points="125,1565 1215,1565 1215,1602 125,1602"/>
          <TextEquiv>
            <Unicode>berg; La Haye, 8 août 1619, 3 p. in-f. Cachet. Très-rare. 40 »</Unicode>
          </TextEquiv>
        </Word>
      </TextLine>
    </TextRegion>
    <TextRegion type="paragraph" id="r_8_2" custom="readingOrder {index:16;}">
      <Coords points="124,1600 1219,1600 1219,2003 124,2003"/>
      <TextLine id="tl_25" primaryLanguage="English" custom="structure {type:default;} readingOrder {index:0;}">
        <Coords points="159,1601 1216,1601 1216,1633 159,1633"/>
        <Baseline points="159,1626 301,1626 394,1625 489,1627 607,1626 791,1626 970,1625 1042,1626 1216,1627"/>
        <Word id="w_w2aab1c15b2b3b1ab1">
          <Coords points="159,1601 1216,1601 1216,1633 159,1633"/>
          <TextEquiv>
            <Unicode>Précieuse lettre d’une grande importance historique. Les Hollandais</Unicode>
          </TextEquiv>
          <TextStyle fontFamily="Times New Roman" fontSize="9.0"/>
        </Word>
      </TextLine>
      <TextLine id="tl_26" primaryLanguage="English" custom="structure {type:default;} readingOrder {index:1;}">
        <Coords points="126,1633 1217,1633 1217,1664 126,1664"/>
        <Baseline points="126,1656 186,1657 307,1657 335,1658 365,1656 519,1657 601,1657 745,1660 845,1656 889,1657 1043,1661 1158,1658 1217,1658"/>
        <Word id="w_w2aab1c15b2b3b3ab1">
          <Coords points="126,1633 1217,1633 1217,1664 126,1664"/>
          <TextEquiv>
            <Unicode>sont décidés à « s’opposer avec courage, effort et conduite, contre les</Unicode>
          </TextEquiv>
          <TextStyle fontFamily="Times New Roman" fontSize="9.0"/>
        </Word>
      </TextLine>
      <TextLine id="tl_27" primaryLanguage="English" custom="structure {type:default;} readingOrder {index:2;}">
        <Coords points="125,1664 1216,1664 1216,1696 125,1696"/>
        <Baseline points="125,1687 230,1688 275,1689 478,1689 530,1689 572,1689 695,1688 886,1688 975,1689 1120,1689 1160,1689 1216,1689"/>
        <Word id="w_w2aab1c15b2b3b5ab1">
          <Coords points="125,1664 1216,1664 1216,1696 125,1696"/>
          <TextEquiv>
            <Unicode>moiens et entreprinses de la Maison d'Austriche dans l’Empire ». Ils</Unicode>
          </TextEquiv>
          <TextStyle fontFamily="Times New Roman" fontSize="9.0"/>
        </Word>
      </TextLine>
      <TextLine id="tl_28" primaryLanguage="English" custom="structure {type:default;} readingOrder {index:3;}">
        <Coords points="127,1695 1216,1695 1216,1727 127,1727"/>
        <Baseline points="127,1718 249,1720 371,1720 564,1720 604,1720 757,1720 862,1720 950,1721 978,1719 1082,1720 1130,1720 1216,1721"/>
        <Word id="w_w2aab1c15b2b3b7ab1">
          <Coords points="127,1695 1216,1695 1216,1727 127,1727"/>
          <TextEquiv>
            <Unicode>aideront l’Union évangélique et tiendront toutes leurs « forces en estat</Unicode>
          </TextEquiv>
          <TextStyle fontFamily="Times New Roman" fontSize="9.0"/>
        </Word>
      </TextLine>
      <TextLine id="tl_29" primaryLanguage="English" custom="structure {type:default;} readingOrder {index:4;}">
        <Coords points="127,1728 1218,1728 1218,1759 127,1759"/>
        <Baseline points="127,1750 153,1749 279,1756 363,1752 394,1752 435,1752 573,1752 805,1751 874,1751 999,1752 1071,1752 1123,1752 1218,1746"/>
        <Word id="w_w2aab1c15b2b3b9ab1">
          <Coords points="127,1728 1218,1728 1218,1759 127,1759"/>
          <TextEquiv>
            <Unicode>et prestes, pour à la moindre démonstration que Spinola fera de voul-</Unicode>
          </TextEquiv>
          <TextStyle fontFamily="Times New Roman" fontSize="9.0"/>
        </Word>
      </TextLine>
      <TextLine id="tl_30" primaryLanguage="English" custom="structure {type:default;} readingOrder {index:5;}">
        <Coords points="125,1757 1215,1757 1215,1790 125,1790"/>
        <Baseline points="125,1781 175,1781 279,1783 359,1783 506,1786 545,1783 681,1782 721,1782 758,1783 906,1782 941,1783 1062,1783 1215,1790"/>
        <Word id="w_w2aab1c15b2b3c11ab1">
          <Coords points="125,1757 1215,1757 1215,1790 125,1790"/>
          <TextEquiv>
            <Unicode>loir entrer dans l'Empire, le talonner et le traverser ». L’hiver prochain,</Unicode>
          </TextEquiv>
          <TextStyle fontFamily="Times New Roman" fontSize="9.0"/>
        </Word>
      </TextLine>
      <TextLine id="tl_31" primaryLanguage="English" custom="structure {type:default;} readingOrder {index:6;}">
        <Coords points="125,1788 1218,1788 1218,1821 125,1821"/>
        <Baseline points="125,1812 143,1812 254,1814 385,1814 419,1814 549,1814 592,1814 653,1813 867,1818 1005,1815 1059,1819 1092,1813 1218,1808"/>
        <Word id="w_w2aab1c15b2b3c13ab1">
          <Coords points="125,1788 1218,1788 1218,1821 125,1821"/>
          <TextEquiv>
            <Unicode>il faudra pousser à l’action le roi d’Angleterre, Jacques II, « encou¬</Unicode>
          </TextEquiv>
          <TextStyle fontFamily="Times New Roman" fontSize="9.0"/>
        </Word>
      </TextLine>
      <TextLine id="tl_32" primaryLanguage="English" custom="structure {type:default;} readingOrder {index:7;}">
        <Coords points="127,1819 1218,1819 1218,1853 127,1853"/>
        <Baseline points="127,1844 206,1844 258,1845 438,1846 478,1845 562,1845 600,1845 654,1845 771,1846 879,1845 926,1846 1097,1846 1131,1847 1218,1846"/>
        <Word id="w_w2aab1c15b2b3c15ab1">
          <Coords points="127,1819 1218,1819 1218,1853 127,1853"/>
          <TextEquiv>
            <Unicode>rager les Bohemiens et allen tir les grandz effortz de l’Espagnol ». Mais</Unicode>
          </TextEquiv>
          <TextStyle fontFamily="Times New Roman" fontSize="9.0"/>
        </Word>
      </TextLine>
      <TextLine id="tl_33" primaryLanguage="English" custom="structure {type:default;} readingOrder {index:8;}">
        <Coords points="127,1851 1218,1851 1218,1884 127,1884"/>
        <Baseline points="127,1876 149,1875 306,1876 470,1877 569,1877 597,1876 744,1881 896,1877 1016,1877 1063,1877 1218,1871"/>
        <Word id="w_w2aab1c15b2b3c17ab1">
          <Coords points="127,1851 1218,1851 1218,1884 127,1884"/>
          <TextEquiv>
            <Unicode>si l’archiduc Ferdinand arrive à l’Empire, comment l’Union lui résistera-</Unicode>
          </TextEquiv>
          <TextStyle fontFamily="Times New Roman" fontSize="9.0"/>
        </Word>
      </TextLine>
      <TextLine id="tl_34" primaryLanguage="English" custom="structure {type:default;} readingOrder {index:9;}">
        <Coords points="127,1882 1217,1882 1217,1915 127,1915"/>
        <Baseline points="127,1906 222,1907 258,1907 354,1909 402,1909 499,1909 577,1908 630,1908 722,1909 881,1908 910,1908 959,1909 1076,1909 1217,1908"/>
        <Word id="w_w2aab1c15b2b3c19ab1">
          <Coords points="127,1882 1217,1882 1217,1915 127,1915"/>
          <TextEquiv>
            <Unicode>t-elle? Il passe en revue tous les Etals d’Europe. « La France demeure</Unicode>
          </TextEquiv>
          <TextStyle fontFamily="Times New Roman" fontSize="9.0"/>
        </Word>
      </TextLine>
      <TextLine id="tl_35" primaryLanguage="English" custom="structure {type:default;} readingOrder {index:10;}">
        <Coords points="126,1914 1218,1914 1218,1948 126,1948"/>
        <Baseline points="126,1938 157,1938 218,1938 371,1945 448,1940 495,1940 595,1939 644,1940 698,1944 888,1946 937,1940 1096,1941 1142,1941 1218,1940"/>
        <Word id="w_w2aab1c15b2b3c21ab1">
          <Coords points="126,1914 1218,1914 1218,1948 126,1948"/>
          <TextEquiv>
            <Unicode>en ses jalousies; rien de solide ne s’y entreprend; on s’esloigne de plus</Unicode>
          </TextEquiv>
          <TextStyle fontFamily="Times New Roman" fontSize="9.0"/>
        </Word>
      </TextLine>
      <TextLine id="tl_36" primaryLanguage="English" custom="structure {type:default;} readingOrder {index:11;}">
        <Coords points="126,1946 1217,1946 1217,1978 126,1978"/>
        <Baseline points="126,1970 159,1969 237,1970 287,1970 387,1977 465,1972 547,1971 619,1971 793,1972 853,1977 985,1971 1053,1972 1217,1971"/>
        <Word id="w_w2aab1c15b2b3c23ab1">
          <Coords points="126,1946 1217,1946 1217,1978 126,1978"/>
          <TextEquiv>
            <Unicode>en plus de nous; cela faict que deliberons d’y envoyer une solennelle</Unicode>
          </TextEquiv>
          <TextStyle fontFamily="Times New Roman" fontSize="9.0"/>
        </Word>
      </TextLine>
      <TextLine id="tl_37" primaryLanguage="English" custom="structure {type:default;} readingOrder {index:12;}">
        <Coords points="127,1977 325,1977 325,2002 127,2002"/>
        <Baseline points="127,2001 288,2002 325,2002"/>
        <Word id="w_w2aab1c15b2b3c25ab1">
          <Coords points="127,1977 325,1977 325,2002 127,2002"/>
          <TextEquiv>
            <Unicode>ambassade ».</Unicode>
          </TextEquiv>
          <TextStyle fontFamily="Times New Roman" fontSize="9.0"/>
        </Word>
      </TextLine>
    </TextRegion>
    <TextRegion type="paragraph" id="r_8_3" custom="readingOrder {index:17;}">
      <Coords points="92,2007 1218,2007 1218,2046 92,2046"/>
      <TextLine id="tl_38" primaryLanguage="English" custom="structure {type:default;} readingOrder {index:0;}">
        <Coords points="93,2008 1217,2008 1217,2045 93,2045"/>
        <Baseline points="93,2034 109,2034 156,2036 487,2036 560,2042 704,2037 905,2037 957,2037 1109,2041 1163,2037 1217,2037"/>
        <Word id="w_w2aab1c15b2b5b1ab1">
          <Coords points="93,2008 1217,2008 1217,2045 93,2045"/>
          <TextEquiv>
            <Unicode>2 Aguesseau (H.-Fr. d'), illustre chancelier de France, né en</Unicode>
          </TextEquiv>
        </Word>
      </TextLine>
    </TextRegion>
    <TextRegion type="paragraph" id="r_8_4" custom="readingOrder {index:18;}">
      <Coords points="127,2043 1219,2043 1219,2116 127,2116"/>
      <TextLine id="tl_39" primaryLanguage="English" custom="structure {type:default;} readingOrder {index:0;}">
        <Coords points="128,2044 1217,2044 1217,2081 128,2081"/>
        <Baseline points="128,2070 206,2077 303,2073 359,2072 496,2065 549,2073 593,2072 645,2079 790,2078 886,2079 913,2072 963,2072 1031,2073 1129,2073 1217,2073"/>
        <Word id="w_w2aab1c15b2b7b1ab1">
          <Coords points="128,2044 1217,2044 1217,2081 128,2081"/>
          <TextEquiv>
            <Unicode>1668, mort en 1751.— L. a. s.; Fresne, 1712, 1 p. 1/2 petit in-4.</Unicode>
          </TextEquiv>
          <TextStyle fontFamily="Times New Roman" fontSize="10.0"/>
        </Word>
      </TextLine>
      <TextLine id="tl_40" primaryLanguage="English" custom="structure {type:default;} readingOrder {index:1;}">
        <Coords points="128,2078 1218,2078 1218,2115 128,2115"/>
        <Baseline points="128,2107 177,2106 254,2107 380,2108 496,2109 679,2108 1167,2107 1218,2106"/>
        <Word id="w_w2aab1c15b2b7b3ab1">
          <Coords points="128,2078 1218,2078 1218,2115 128,2115"/>
          <TextEquiv>
            <Unicode>Un peu tachée d'eau. Curieuse. 8 »</Unicode>
          </TextEquiv>
          <TextStyle fontFamily="Times New Roman" fontSize="10.0"/>
        </Word>
      </TextLine>
    </TextRegion>
    <TextRegion type="paragraph" id="r_8_5" custom="readingOrder {index:19;}">
      <Coords points="92,2113 1220,2113 1220,2154 92,2154"/>
      <TextLine id="tl_41" primaryLanguage="English" custom="structure {type:default;} readingOrder {index:0;}">
        <Coords points="93,2114 1219,2114 1219,2153 93,2153"/>
        <Baseline points="93,2141 108,2141 357,2144 426,2144 595,2144 671,2148 829,2144 1071,2150 1219,2143"/>
        <Word id="w_w2aab1c15b2b9b1ab1">
          <Coords points="93,2114 1219,2114 1219,2153 93,2153"/>
          <TextEquiv>
            <Unicode>3 Aigrefeuille (le marquis d'), fameux gastronome, auquel</Unicode>
          </TextEquiv>
          <TextStyle fontFamily="Times New Roman" fontSize="10.0"/>
        </Word>
      </TextLine>
    </TextRegion>
    <SeparatorRegion id="r_9" custom="readingOrder {index:20;}">
            <Coords points="642,5 1195,5 1195,13 642,13"/>
        </SeparatorRegion>
    <SeparatorRegion id="r_10" custom="readingOrder {index:21;}">
            <Coords points="258,6 425,6 425,13 258,13"/>
        </SeparatorRegion>
    <SeparatorRegion id="r_11" custom="readingOrder {index:22;}">
            <Coords points="476,6 607,6 607,13 476,13"/>
        </SeparatorRegion>
    <SeparatorRegion id="r_12" custom="readingOrder {index:23;}">
            <Coords points="1219,6 1295,6 1295,8 1219,8"/>
        </SeparatorRegion>
    <SeparatorRegion id="r_13" custom="readingOrder {index:24;}">
            <Coords points="8,7 258,7 258,19 8,19"/>
        </SeparatorRegion>
    <SeparatorRegion id="r_14" custom="readingOrder {index:25;}">
            <Coords points="679,189 1201,189 1201,193 679,193"/>
        </SeparatorRegion>
    <SeparatorRegion id="r_15" custom="readingOrder {index:26;}">
            <Coords points="48,191 549,191 549,195 48,195"/>
        </SeparatorRegion>
    <SeparatorRegion id="r_16" custom="readingOrder {index:27;}">
            <Coords points="49,196 1202,196 1202,202 49,202"/>
        </SeparatorRegion>
    <SeparatorRegion id="r_17" custom="readingOrder {index:28;}">
            <Coords points="53,761 1211,761 1211,769 53,769"/>
        </SeparatorRegion>
    <SeparatorRegion id="r_18" custom="readingOrder {index:29;}">
            <Coords points="55,969 1213,969 1213,973 55,973"/>
        </SeparatorRegion>
    <SeparatorRegion id="r_19" custom="readingOrder {index:30;}">
            <Coords points="56,977 1213,977 1213,981 56,981"/>
        </SeparatorRegion>
    <SeparatorRegion id="r_20" custom="readingOrder {index:31;}">
            <Coords points="534,1203 738,1203 738,1208 534,1208"/>
        </SeparatorRegion>
    <SeparatorRegion id="r_21" custom="readingOrder {index:32;}">
            <Coords points="534,1339 741,1339 741,1342 534,1342"/>
        </SeparatorRegion>
    <SeparatorRegion id="r_22" custom="readingOrder {index:33;}">
            <Coords points="0,1088 7,1088 7,1229 0,1229"/>
        </SeparatorRegion>
    <SeparatorRegion id="r_23" custom="readingOrder {index:34;}">
            <Coords points="1,1229 19,1229 19,1484 1,1484"/>
        </SeparatorRegion>
  </Page>
</PcGts>
