3583 4651
759 593 2983 648 8 CHEFS DE GOUVERNEMENT S.1

758 882 2984 942 ★14★ ISABELLE D’AUTRICHE, n. à Vienne, 5 juin 1544, fille de l’empereur

757 948 2983 1011 d’Allemagne Maximilien II, femme de Charles IX (26 novembre 1570), m. dans le

756 1014 2486 1077 couvent de Sainte-Claire, à Vienne (Autriche), 22 janvier 1592.

808 1103 2489 1156 L. S. à son oncle le duc de Bavière (Albert III, n. 1528, m. 1579) ; Paris,

765 1160 2330 1211 21 juillet 1575,1/2 p. in-fol., trace de cachet. (Coll, von der Tann.) — P.

790 1231 2491 1270 Elle le remercie de lui avoir envoyé de ses nouvelles et se réjouit de ses bonnes dispositions

755 1273 2492 1312 à son égard, « pour avoir tousjours esté et estre une des choses que j’ay à plus grand plaisir,

753 1315 2120 1355 comme je le dois, pour l’estroite alliance que nous avons par ensemble. »

754 1412 2981 1472 ★15★ HENRI III, n. à Fontainebleau, 20 septembre 1551, frère de François II

754 1478 2908 1542 et de Charles IX, roi le 30 mai 1574, m. assassiné à Saint-Cloud le 2 août 1589.

801 1567 2194 1618 L. A. S. à Villeroy (Nicolas de Neufville), 1 p. pl. in-fol.

753 1626 1212 1662 — P. de Moncornet.

785 1700 2196 1738 Il lui envoie une lettre de M. de La Vallette et le prie de la lui retourner

751 1744 2195 1782 après l’avoir lue. Il écrit au roi de Navarre (Henri IV) par des Réaus. Il

751 1786 1336 1822 parle ensuite du duc d’Epernon.

784 1826 2188 1864 (Nicolas de Neufville, sieur de Villeroy, né en 1542, avait succédé, en 1567,

749 1859 2195 1906 à son beau-père Claude de l’Aubespine dans la charge de secrétaire d’État. Il

749 1908 2194 1948 avait négocié le mariage de Charles IX et il était resté en faveur sous Henri III,

749 1950 2193 1991 qui entretint avec lui une correspondance très active. En effet, la plupart des

750 1992 2194 2030 lettres autographes de ce prince qui ont passé en vente sont adressées à Villeroy.

749 2034 2197 2074 Celui-ci, disgracié en 1588 à cause de ses rapports avec les ligueurs, redevint

748 2075 2124 2113 ministre sous Henri IV et sous Louis XIII et mourut le 12 novembre 1617.)

749 2166 2981 2225 ★16★ HENRI IV, n. au château de Pau, 14 décembre 1553, roi de Navarre

749 2236 2752 2298 (1562), roi de France le 2 août 1589, m. assassiné à Paris le 14 mai 1610.

797 2326 2979 2377 L. A. S. au duc de Savoie (Charles-Emmanuel I); Paris, 8 janvier (1610), 1 p. pl. in-fol. (Coll.

744 2382 2982 2434 de la marquise de Barol, née Colbert, avec notice autographe de Silvio Pellico, bibliothécaire de

742 2439 1414 2489 celle-ci.) — P. de Moncornet.

776 2514 2980 2556 Superbe lettre sur les négociations de son traité avec le duc de Savoie contre l’Espagne (conclu le 25 avril suivant). « Il ne

744 2557 2980 2598 reste plus donc qu’à acomplyr nos bonnes et mutuelles délybérasyons, à quoy je donneré tel ordre de mon costé, ainsy

744 2599 2978 2639 que le dyt Trouylous vous dira que j’ay byen commencé et proposé de fère que, comme j’estyme que vous aurés sujet de

743 2641 2979 2680 vous an louer, je m’atands aussy que vous aurés à plésyr de métré la dernyère mayn à ce bon œuvre, à fyn que nous

744 2684 2555 2722 an recevyons ansamble par nous et les nostres à présant et à l’avenyr les avantages que s’an promet

2066 2726 2695 2765 « Vostre byen bon frère, Henry. »

743 2806 2979 2878 ★17★ MARIE DE MÉDICIS, n. à Florence, 26 avril 1573, fille du grand-duc

742 2880 2980 2940 de Toscane François I, femme de Henri IV (5 octobre 1600), régente pendant

745 2948 2569 3010 la minorité de Louis XIII (1610-1614), m. à Cologne, 3 juillet 1642.

792 3035 2978 3089 L. A. S. à son fils Louis XIII ; Bruxelles, 3 novembre 1633, 1 p. pl. in-4, cachets brisés. (Coll.

739 3094 1292 3141 Pécard.) — P. de Daret.

774 3169 2979 3212 Belle lettre écrite de Bruxelles (où elle s’était réfugiée en 1630 après la fameuse journée des Dupes). Elle envoie le

738 3212 2979 3253 sieur de Villiers s’informer de ses nouvelles. « Si son retour m’hoste de l’inquiétude où je suis en me rapportant que vous

738 3257 2353 3298 vous portés bien, ce me seras le plus gran contentement que je puise jamais recevoir... »
