<PcGts xmlns="http://schema.primaresearch.org/PAGE/gts/pagecontent/2013-07-15" xmlns:xsi="http://www.w3.org/2001/XMLSchema-instance" xmlns:xs="http://www.w3.org/2001/XMLSchema" xmlns:pr="http://schema.primaresearch.org/PAGE/gts/pagecontent/2013-07-15" xsi:schemaLocation="http://schema.primaresearch.org/PAGE/gts/pagecontent/2013-07-15 http://schema.primaresearch.org/PAGE/gts/pagecontent/2013-07-15/pagecontent.xsd">
  <Metadata>
        <Creator>Transkribus</Creator>
        <Created>2020-01-07T17:14:10.682+01:00</Created>
        <LastChange>2020-02-21T09:40:01.281+01:00</LastChange>
        <Comments>
                Measurement unit: pixel
                PrimaryLanguage: English
                Language: FrenchStandard
                Producer: Transkribus
            </Comments>
        <TranskribusMetadata docId="304468" pageId="12091481" pageNr="86" tsid="24101514" status="DONE" userId="10612" imgUrl="https://files.transkribus.eu/Get?id=DJHBWRMCXNSKWMTCSFHONTPX&amp;fileType=view" xmlUrl="https://files.transkribus.eu/Get?id=FWBSNNZTWMYMVWMFKBEVMLJR" imageId="8434513"/>
    </Metadata>
  <Page imageFilename="1887_bovet_bpt6k6325943w_gt_0086.jpg" imageWidth="3622" imageHeight="4663">
    <PrintSpace>
            <Coords points="0,62 3508,62 3508,4663 0,4663"/>
        </PrintSpace>
    <ReadingOrder>
            <OrderedGroup id="ro_1604249873321" caption="Regions reading order">
                <RegionRefIndexed index="0" regionRef="region_1581500210370_675"/>
                <RegionRefIndexed index="1" regionRef="r_3_1"/>
                <RegionRefIndexed index="2" regionRef="r_3_2"/>
                <RegionRefIndexed index="3" regionRef="r_3_3"/>
                <RegionRefIndexed index="4" regionRef="r_4_1"/>
                <RegionRefIndexed index="5" regionRef="r_4_2"/>
                <RegionRefIndexed index="6" regionRef="r_4_3"/>
                <RegionRefIndexed index="7" regionRef="r_4_4"/>
                <RegionRefIndexed index="8" regionRef="r_8_1"/>
                <RegionRefIndexed index="9" regionRef="r_8_2"/>
                <RegionRefIndexed index="10" regionRef="r_8_3"/>
                <RegionRefIndexed index="11" regionRef="r_8_4"/>
                <RegionRefIndexed index="12" regionRef="r_8_5"/>
                <RegionRefIndexed index="13" regionRef="r_8_6"/>
                <RegionRefIndexed index="14" regionRef="r_8_7"/>
            </OrderedGroup>
        </ReadingOrder>
    <TextRegion type="" id="region_1581500210370_675" custom="readingOrder {index:0;}">
      <Coords points="805,592 805,659 3044,659 3044,592"/>
      <TextLine id="line_1581500210556_678" primaryLanguage="" custom="structure {type:default;} readingOrder {index:0;}">
        <Coords points="806,589 3045,596 3044,659 805,652"/>
        <Baseline points="805,647 3044,654"/>
        <Word id="">
          <Coords points="806,589 3045,596 3044,659 805,652"/>
          <TextEquiv>
            <Unicode>22 CHEFS DE GOUVERNEMENT S.1</Unicode>
          </TextEquiv>
        </Word>
      </TextLine>
    </TextRegion>
    <TextRegion type="paragraph" id="r_3_1" custom="readingOrder {index:1;}">
      <Coords points="808,884 3039,884 3039,1023 808,1023"/>
      <TextLine id="tl_3" primaryLanguage="English" custom="structure {type:default;} readingOrder {index:0;}">
        <Coords points="809,885 3038,885 3038,954 809,954"/>
        <Baseline points="809,931 816,931 891,954 954,925 1234,939 1871,950 1962,940 2038,939 2577,954 2787,948 2883,935 3038,936"/>
        <Word id="w_w2aab1b5b2b1b1ab1">
          <Coords points="809,885 3038,885 3038,954 809,954"/>
          <TextEquiv>
            <Unicode>★48★ GRÉVY (François-Paul-Jules), n. à Mont-sous-Vaudrey (Jura), 15 août</Unicode>
          </TextEquiv>
        </Word>
      </TextLine>
      <TextLine id="tl_4" primaryLanguage="English" custom="structure {type:default;} readingOrder {index:1;}">
        <Coords points="816,959 2745,959 2745,1022 816,1022"/>
        <Baseline points="816,1007 950,1018 1211,1006 1473,1008 1556,1009 1625,1008 1883,1005 2235,1019 2303,1007 2384,1006 2584,1005 2745,1002"/>
        <Word id="w_w2aab1b5b2b1b3ab1">
          <Coords points="816,959 2745,959 2745,1022 816,1022"/>
          <TextEquiv>
            <Unicode>1807, troisième président de la troisième République, le 30 janvier 1879.</Unicode>
          </TextEquiv>
          <TextStyle fontFamily="Times New Roman" fontSize="11.0"/>
        </Word>
      </TextLine>
    </TextRegion>
    <TextRegion type="paragraph" id="r_3_2" custom="readingOrder {index:2;}">
      <Coords points="858,1049 2600,1049 2600,1103 858,1103"/>
      <TextLine id="tl_5" primaryLanguage="English" custom="structure {type:default;} readingOrder {index:0;}">
        <Coords points="859,1050 2599,1050 2599,1102 859,1102"/>
        <Baseline points="859,1087 905,1087 975,1086 1036,1087 1077,1086 1207,1088 1374,1099 1541,1102 1597,1092 1767,1088 1903,1100 1938,1089 2004,1090 2129,1090 2200,1079 2266,1090 2599,1089"/>
        <Word id="w_w2aab1b5b2b3b1ab1">
          <Coords points="859,1050 2599,1050 2599,1102 859,1102"/>
          <TextEquiv>
            <Unicode>L. A. S. à Jules Favre; (Paris), 3 février 1861, 1 p. in-8. — P. photographié.</Unicode>
          </TextEquiv>
        </Word>
      </TextLine>
    </TextRegion>
    <TextRegion type="paragraph" id="r_3_3" custom="readingOrder {index:3;}">
      <Coords points="806,1124 3040,1124 3040,1257 806,1257"/>
      <TextLine id="tl_6" primaryLanguage="English" custom="structure {type:default;} readingOrder {index:0;}">
        <Coords points="842,1125 3038,1125 3038,1168 842,1168"/>
        <Baseline points="842,1158 997,1156 1113,1157 1291,1160 1337,1160 1428,1160 1565,1168 1664,1160 1768,1158 1943,1159 2124,1165 2252,1158 2316,1158 2378,1156 2407,1154 2483,1154 2529,1156 2695,1157 2728,1157 2835,1157 2885,1156 2944,1154 3038,1154"/>
        <Word id="w_w2aab1b5b2b5b1ab1">
          <Coords points="842,1125 3038,1125 3038,1168 842,1168"/>
          <TextEquiv>
            <Unicode>Curieuse épître politique. Il s’est trouvé, dans leurs dernières réunions, séparé de lui « sur la conduite à tenir et les liens</Unicode>
          </TextEquiv>
          <TextStyle fontFamily="Times New Roman" fontSize="8.0"/>
        </Word>
      </TextLine>
      <TextLine id="tl_7" primaryLanguage="English" custom="structure {type:default;} readingOrder {index:1;}">
        <Coords points="807,1168 3039,1168 3039,1209 807,1209"/>
        <Baseline points="807,1199 825,1199 1016,1198 1110,1200 1176,1201 1338,1203 1384,1203 1446,1204 1661,1202 1716,1202 1770,1200 2044,1201 2081,1200 2235,1201 2294,1200 2559,1198 2787,1200 2963,1197 3039,1196"/>
        <Word id="w_w2aab1b5b2b5b3ab1">
          <Coords points="807,1168 3039,1168 3039,1209 807,1209"/>
          <TextEquiv>
            <Unicode>à contracter avec les hommes et les institutions de ce gouvernement. » Comme ils s’entendraient difficilement ensemble sur</Unicode>
          </TextEquiv>
          <TextStyle fontFamily="Times New Roman" fontSize="8.0"/>
        </Word>
      </TextLine>
      <TextLine id="tl_8" primaryLanguage="English" custom="structure {type:default;} readingOrder {index:2;}">
        <Coords points="807,1212 2158,1212 2158,1256 807,1256"/>
        <Baseline points="807,1242 849,1242 1059,1243 1118,1244 1285,1256 1322,1247 1551,1247 1734,1245 1763,1245 1810,1244 1997,1245 2158,1244"/>
        <Word id="w_w2aab1b5b2b5b5ab1">
          <Coords points="807,1212 2158,1212 2158,1256 807,1256"/>
          <TextEquiv>
            <Unicode>les résolutions du moment, il s’abstiendra d’assister à la prochaine réunion.</Unicode>
          </TextEquiv>
          <TextStyle fontFamily="Times New Roman" fontSize="8.0"/>
        </Word>
      </TextLine>
    </TextRegion>
    <TextRegion type="paragraph" id="r_4_1" custom="readingOrder {index:4;}">
      <Coords points="1522,1614 2330,1614 2330,1675 1522,1675"/>
      <TextLine id="tl_9" primaryLanguage="English" custom="structure {type:default;} readingOrder {index:0;}">
        <Coords points="1523,1615 2329,1615 2329,1674 1523,1674"/>
        <Baseline points="1523,1660 1575,1674 2095,1671 2329,1661"/>
        <Word id="w_w2aab1b7b2b1b1ab1">
          <Coords points="1523,1615 2329,1615 2329,1674 1523,1674"/>
          <TextEquiv>
            <Unicode>BOURGOGNE</Unicode>
          </TextEquiv>
        </Word>
      </TextLine>
    </TextRegion>
    <TextRegion type="paragraph" id="r_4_2" custom="readingOrder {index:5;}">
      <Coords points="801,1786 3036,1786 3036,1917 801,1917"/>
      <TextLine id="tl_10" primaryLanguage="English" custom="structure {type:default;} readingOrder {index:0;}">
        <Coords points="802,1788 3035,1787 3035,1852 802,1853"/>
        <Baseline points="805,1834 915,1852 969,1837 1338,1844 1420,1834 1478,1833 1666,1842 1832,1842 1945,1831 2034,1831 2354,1833 2555,1846 2608,1834 2709,1834 3035,1845"/>
        <Word id="w_w2aab1b7b2b3b1ab1">
          <Coords points="802,1788 3035,1787 3035,1852 802,1853"/>
          <TextEquiv>
            <Unicode>★49★ CHARLES, n. à Dijon, 1433, duc de Bourgogne (1466), dit le Téméraire,</Unicode>
          </TextEquiv>
        </Word>
      </TextLine>
      <TextLine id="tl_11" primaryLanguage="English" custom="structure {type:default;} readingOrder {index:1;}">
        <Coords points="802,1852 2886,1852 2886,1916 802,1916"/>
        <Baseline points="802,1899 873,1900 953,1901 1208,1899 1272,1898 1422,1908 1561,1895 1640,1894 1812,1893 1921,1906 2024,1894 2219,1895 2411,1912 2473,1899 2520,1898 2723,1900 2886,1901"/>
        <Word id="w_w2aab1b7b2b3b3ab1">
          <Coords points="802,1852 2886,1852 2886,1916 802,1916"/>
          <TextEquiv>
            <Unicode>fils de Philippe le Bon, rival de Louis XI, tué devant Nancy le 5 janvier 1477.</Unicode>
          </TextEquiv>
          <TextStyle fontFamily="Times New Roman" fontSize="11.0"/>
        </Word>
      </TextLine>
    </TextRegion>
    <TextRegion type="paragraph" id="r_4_3" custom="readingOrder {index:6;}">
      <Coords points="799,1938 3040,1938 3040,2046 799,2046"/>
      <TextLine id="tl_12" primaryLanguage="English" custom="structure {type:default;} readingOrder {index:0;}">
        <Coords points="852,1939 3039,1939 3039,1994 852,1994"/>
        <Baseline points="852,1982 897,1981 972,1988 1042,1980 1178,1990 1251,1978 1348,1978 1415,1977 1565,1977 1952,1975 2120,1985 2205,1975 2329,1977 2533,1979 2589,1980 2653,1979 2881,1982 3039,1993"/>
        <Word id="w_w2aab1b7b2b5b1ab1">
          <Coords points="852,1939 3039,1939 3039,1994 852,1994"/>
          <TextEquiv>
            <Unicode>L. S., en latin, au duc de Milan (Galeazzo-Maria Sforza, qui périt assassiné le 26 décembre 1476);</Unicode>
          </TextEquiv>
          <TextStyle fontFamily="Times New Roman" fontSize="10.0"/>
        </Word>
      </TextLine>
      <TextLine id="tl_13" primaryLanguage="English" custom="structure {type:default;} readingOrder {index:1;}">
        <Coords points="800,1993 2912,1993 2912,2045 800,2045"/>
        <Baseline points="800,2035 848,2036 946,2034 1104,2044 1173,2032 1298,2030 1436,2042 1519,2031 1577,2032 1741,2031 1931,2039 2063,2028 2141,2029 2182,2029 2466,2032 2660,2032 2850,2025 2912,2035"/>
        <Word id="w_w2aab1b7b2b5b3ab1">
          <Coords points="800,1993 2912,1993 2912,2045 800,2045"/>
          <TextEquiv>
            <Unicode>de son camp, 22 avril 1476, 1/2 p. in-fol. oblong, trace de cachet. (Coll. Dubrunfaut.) — P.</Unicode>
          </TextEquiv>
        </Word>
      </TextLine>
    </TextRegion>
    <TextRegion type="paragraph" id="r_4_4" custom="readingOrder {index:7;}">
      <Coords points="796,2069 2244,2069 2244,2329 796,2329"/>
      <TextLine id="tl_14" primaryLanguage="English" custom="structure {type:default;} readingOrder {index:0;}">
        <Coords points="836,2070 2242,2070 2242,2110 836,2110"/>
        <Baseline points="836,2106 944,2104 1058,2103 1112,2102 1300,2102 1360,2103 1403,2102 1534,2103 1648,2101 1763,2100 1813,2100 1946,2100 2008,2098 2192,2099 2242,2099"/>
        <Word id="w_w2aab1b7b2b7b1ab1">
          <Coords points="836,2070 2242,2070 2242,2110 836,2110"/>
          <TextEquiv>
            <Unicode>Lettre écrite de Lausanne où il s’était retiré après la défaite de Granson. Il</Unicode>
          </TextEquiv>
          <TextStyle fontFamily="Times New Roman" fontSize="8.0"/>
        </Word>
      </TextLine>
      <TextLine id="tl_15" primaryLanguage="English" custom="structure {type:default;} readingOrder {index:1;}">
        <Coords points="799,2111 2243,2111 2243,2157 799,2157"/>
        <Baseline points="799,2157 868,2148 918,2147 1004,2146 1234,2145 1370,2144 1433,2144 1542,2144 1594,2144 1669,2143 1865,2142 1969,2141 2071,2141 2243,2140"/>
        <Word id="w_w2aab1b7b2b7b3ab1">
          <Coords points="799,2111 2243,2111 2243,2157 799,2157"/>
          <TextEquiv>
            <Unicode>prie le duc d’intercéder auprès du Pape et des cardinaux pour faire nommer</Unicode>
          </TextEquiv>
          <TextStyle fontFamily="Times New Roman" fontSize="8.0"/>
        </Word>
      </TextLine>
      <TextLine id="tl_16" primaryLanguage="English" custom="structure {type:default;} readingOrder {index:2;}">
        <Coords points="797,2154 2241,2154 2241,2197 797,2197"/>
        <Baseline points="797,2191 941,2188 988,2188 1224,2187 1368,2194 1519,2186 1695,2194 1772,2185 1854,2185 1986,2183 2064,2182 2185,2183 2241,2182"/>
        <Word id="w_w2aab1b7b2b7b5ab1">
          <Coords points="797,2154 2241,2154 2241,2197 797,2197"/>
          <TextEquiv>
            <Unicode>cardinal le protonotaire Hesler, orateur impérial, qui doit passer par Milan en</Unicode>
          </TextEquiv>
          <TextStyle fontFamily="Times New Roman" fontSize="8.0"/>
        </Word>
      </TextLine>
      <TextLine id="tl_17" primaryLanguage="English" custom="structure {type:default;} readingOrder {index:3;}">
        <Coords points="797,2197 2242,2197 2242,2239 797,2239"/>
        <Baseline points="797,2233 831,2233 980,2232 1008,2231 1132,2230 1352,2229 1499,2236 1746,2229 1802,2229 2008,2227 2176,2226 2242,2227"/>
        <Word id="w_w2aab1b7b2b7b7ab1">
          <Coords points="797,2197 2242,2197 2242,2239 797,2239"/>
          <TextEquiv>
            <Unicode>se rendant à Rome. — (Georges Hesler, ambassadeur de l’empereur Frédéric III</Unicode>
          </TextEquiv>
          <TextStyle fontFamily="Times New Roman" fontSize="8.0"/>
        </Word>
      </TextLine>
      <TextLine id="tl_18" primaryLanguage="English" custom="structure {type:default;} readingOrder {index:4;}">
        <Coords points="797,2242 2240,2242 2240,2283 797,2283"/>
        <Baseline points="797,2277 834,2277 988,2281 1125,2275 1286,2274 1342,2274 1455,2274 1507,2274 1558,2274 1658,2274 1718,2273 1869,2273 1916,2272 2079,2271 2177,2270 2240,2271"/>
        <Word id="w_w2aab1b7b2b7b9ab1">
          <Coords points="797,2242 2240,2242 2240,2283 797,2283"/>
          <TextEquiv>
            <Unicode>en France, devint cardinal en 1477. Il se noya en passant le Danube dans un</Unicode>
          </TextEquiv>
          <TextStyle fontFamily="Times New Roman" fontSize="8.0"/>
        </Word>
      </TextLine>
      <TextLine id="tl_19" primaryLanguage="English" custom="structure {type:default;} readingOrder {index:5;}">
        <Coords points="799,2288 1321,2288 1321,2328 799,2328"/>
        <Baseline points="799,2320 928,2328 987,2319 1189,2317 1321,2326"/>
        <Word id="w_w2aab1b7b2b7c11ab1">
          <Coords points="799,2288 1321,2288 1321,2328 799,2328"/>
          <TextEquiv>
            <Unicode>bateau, en septembre 1482.)</Unicode>
          </TextEquiv>
          <TextStyle fontFamily="Times New Roman" fontSize="8.0"/>
        </Word>
      </TextLine>
    </TextRegion>
    <TextRegion type="paragraph" id="r_8_1" custom="readingOrder {index:8;}">
      <Coords points="1581,2679 2265,2679 2265,2739 1581,2739"/>
      <TextLine id="tl_21" primaryLanguage="English" custom="structure {type:default;} readingOrder {index:0;}">
        <Coords points="1582,2680 2264,2680 2264,2738 1582,2738"/>
        <Baseline points="1582,2722 1634,2737 2022,2734 2264,2724"/>
        <Word id="w_w2aab1c15b2b1b1ab1">
          <Coords points="1582,2680 2264,2680 2264,2738 1582,2738"/>
          <TextEquiv>
            <Unicode>LORRAINE</Unicode>
          </TextEquiv>
        </Word>
      </TextLine>
    </TextRegion>
    <TextRegion type="paragraph" id="r_8_2" custom="readingOrder {index:9;}">
      <Coords points="796,2841 3037,2841 3037,3114 796,3114"/>
      <TextLine id="tl_22" primaryLanguage="English" custom="structure {type:default;} readingOrder {index:0;}">
        <Coords points="802,2842 3036,2842 3036,2914 802,2914"/>
        <Baseline points="802,2897 832,2897 916,2899 970,2896 1092,2898 1245,2897 1373,2898 1544,2909 1658,2896 1753,2897 2020,2897 2229,2912 2325,2900 2410,2899 2566,2896 2636,2895 2718,2894 2973,2894 3036,2893"/>
        <Word id="w_w2aab1c15b2b3b1ab1">
          <Coords points="802,2842 3036,2842 3036,2914 802,2914"/>
          <TextEquiv>
            <Unicode>★50★ RENÉ II, n. 1451, duc de Lorraine (1473), fils de Ferri II de Lorraine et</Unicode>
          </TextEquiv>
        </Word>
      </TextLine>
      <TextLine id="tl_23" primaryLanguage="English" custom="structure {type:default;} readingOrder {index:1;}">
        <Coords points="800,2918 1638,2918 1638,2978 800,2978"/>
        <Baseline points="800,2966 1063,2964 1329,2976 1638,2963"/>
        <Word id="w_w2aab1c15b2b3b3ab1">
          <Coords points="800,2918 1638,2918 1638,2978 800,2978"/>
          <TextEquiv>
            <Unicode>d’Yolande d’Anjou, vainqueur</Unicode>
          </TextEquiv>
          <TextStyle fontFamily="Times New Roman" fontSize="11.0"/>
        </Word>
      </TextLine>
      <TextLine id="tl_24" primaryLanguage="English" custom="structure {type:default;} readingOrder {index:2;}">
        <Coords points="797,2985 1634,2985 1634,3046 797,3046"/>
        <Baseline points="797,3032 1634,3043"/>
        <Word id="w_w2aab1c15b2b3b5ab1">
          <Coords points="797,2985 1634,2985 1634,3046 797,3046"/>
          <TextEquiv>
            <Unicode>de Charles le Téméraire à Nancy,</Unicode>
          </TextEquiv>
          <TextStyle fontFamily="Times New Roman" fontSize="11.0"/>
        </Word>
      </TextLine>
      <TextLine id="tl_25" primaryLanguage="English" custom="structure {type:default;} readingOrder {index:3;}">
        <Coords points="799,3053 1635,3053 1635,3113 799,3113"/>
        <Baseline points="799,3100 903,3099 1088,3110 1221,3097 1298,3098 1635,3110"/>
        <Word id="w_w2aab1c15b2b3b7ab1">
          <Coords points="799,3053 1635,3053 1635,3113 799,3113"/>
          <TextEquiv>
            <Unicode>m. à Fains, près de Bar-le-Duc,</Unicode>
          </TextEquiv>
          <TextStyle fontFamily="Times New Roman" fontSize="11.0"/>
        </Word>
      </TextLine>
    </TextRegion>
    <TextRegion type="paragraph" id="r_8_3" custom="readingOrder {index:10;}">
      <Coords points="804,3120 1296,3120 1296,3169 804,3169"/>
      <TextLine id="tl_26" primaryLanguage="English" custom="structure {type:default;} readingOrder {index:0;}">
        <Coords points="805,3121 1295,3121 1295,3168 805,3168"/>
        <Baseline points="805,3167 813,3167 856,3168 1130,3166 1295,3167"/>
        <Word id="w_w2aab1c15b2b5b1ab1">
          <Coords points="805,3121 1295,3121 1295,3168 805,3168"/>
          <TextEquiv>
            <Unicode>10 décembre 1508.</Unicode>
          </TextEquiv>
          <TextStyle fontFamily="Times New Roman" fontSize="11.0"/>
        </Word>
      </TextLine>
    </TextRegion>
    <TextRegion type="paragraph" id="r_8_4" custom="readingOrder {index:11;}">
      <Coords points="797,3211 1637,3211 1637,3374 797,3374"/>
      <TextLine id="tl_27" primaryLanguage="English" custom="structure {type:default;} readingOrder {index:0;}">
        <Coords points="848,3212 1636,3212 1636,3262 848,3262"/>
        <Baseline points="848,3251 893,3251 965,3251 1082,3249 1322,3250 1425,3250 1636,3251"/>
        <Word id="w_w2aab1c15b2b7b1ab1">
          <Coords points="848,3212 1636,3212 1636,3262 848,3262"/>
          <TextEquiv>
            <Unicode>L. S. aux auditeurs des comptes</Unicode>
          </TextEquiv>
          <TextStyle fontFamily="Times New Roman" fontSize="10.0"/>
        </Word>
      </TextLine>
      <TextLine id="tl_28" primaryLanguage="English" custom="structure {type:default;} readingOrder {index:1;}">
        <Coords points="798,3269 1636,3269 1636,3318 798,3318"/>
        <Baseline points="798,3304 1016,3306 1195,3315 1400,3306 1573,3305 1636,3307"/>
        <Word id="w_w2aab1c15b2b7b3ab1">
          <Coords points="798,3269 1636,3269 1636,3318 798,3318"/>
          <TextEquiv>
            <Unicode>d’Antoine Warin, receveur général de</Unicode>
          </TextEquiv>
          <TextStyle fontFamily="Times New Roman" fontSize="10.0"/>
        </Word>
      </TextLine>
      <TextLine id="tl_29" primaryLanguage="English" custom="structure {type:default;} readingOrder {index:2;}">
        <Coords points="799,3323 1633,3323 1633,3373 799,3373"/>
        <Baseline points="799,3358 1014,3372 1162,3373 1232,3360 1481,3361 1633,3372"/>
        <Word id="w_w2aab1c15b2b7b5ab1">
          <Coords points="799,3323 1633,3323 1633,3373 799,3373"/>
          <TextEquiv>
            <Unicode>Lorraine; Toul, 16 décembre 1477,</Unicode>
          </TextEquiv>
          <TextStyle fontFamily="Times New Roman" fontSize="10.0"/>
        </Word>
      </TextLine>
    </TextRegion>
    <TextRegion type="paragraph" id="r_8_5" custom="readingOrder {index:12;}">
      <Coords points="800,3374 1523,3374 1523,3428 800,3428"/>
      <TextLine id="tl_30" primaryLanguage="English" custom="structure {type:default;} readingOrder {index:0;}">
        <Coords points="801,3375 1522,3375 1522,3427 801,3427"/>
        <Baseline points="801,3409 857,3410 917,3414 1029,3425 1216,3424 1392,3416 1461,3409 1522,3416"/>
        <Word id="w_w2aab1c15b2b9b1ab1">
          <Coords points="801,3375 1522,3375 1522,3427 801,3427"/>
          <TextEquiv>
            <Unicode>1/2 p. in-4 oblong, cachet. — P.</Unicode>
          </TextEquiv>
          <TextStyle fontFamily="Times New Roman" fontSize="10.0"/>
        </Word>
      </TextLine>
    </TextRegion>
    <TextRegion type="paragraph" id="r_8_6" custom="readingOrder {index:13;}">
      <Coords points="790,3450 1636,3450 1636,3703 790,3703"/>
      <TextLine id="tl_31" primaryLanguage="English" custom="structure {type:default;} readingOrder {index:0;}">
        <Coords points="830,3451 1634,3451 1634,3492 830,3492"/>
        <Baseline points="830,3479 933,3480 987,3481 1103,3484 1141,3484 1301,3486 1436,3486 1487,3486 1634,3486"/>
        <Word id="w_w2aab1c15b2c11b1ab1">
          <Coords points="830,3451 1634,3451 1634,3492 830,3492"/>
          <TextEquiv>
            <Unicode>Ordre de payer à Antoine Warin la somme</Unicode>
          </TextEquiv>
          <TextStyle fontFamily="Times New Roman" fontSize="8.0"/>
        </Word>
      </TextLine>
      <TextLine id="tl_32" primaryLanguage="English" custom="structure {type:default;} readingOrder {index:1;}">
        <Coords points="793,3491 1635,3491 1635,3536 793,3536"/>
        <Baseline points="793,3518 832,3519 966,3522 1056,3524 1338,3536 1463,3528 1497,3527 1594,3528 1635,3528"/>
        <Word id="w_w2aab1c15b2c11b3ab1">
          <Coords points="793,3491 1635,3491 1635,3536 793,3536"/>
          <TextEquiv>
            <Unicode>de quatre cent cinquante-cinq francs « qu’il a</Unicode>
          </TextEquiv>
          <TextStyle fontFamily="Times New Roman" fontSize="8.0"/>
        </Word>
      </TextLine>
      <TextLine id="tl_33" primaryLanguage="English" custom="structure {type:default;} readingOrder {index:2;}">
        <Coords points="792,3532 1632,3532 1632,3571 792,3571"/>
        <Baseline points="792,3560 911,3561 1059,3564 1089,3564 1214,3568 1298,3568 1404,3570 1456,3570 1536,3570 1632,3564"/>
        <Word id="w_w2aab1c15b2c11b5ab1">
          <Coords points="792,3532 1632,3532 1632,3571 792,3571"/>
          <TextEquiv>
            <Unicode>délivré content à nostre très chier et féal con¬</Unicode>
          </TextEquiv>
          <TextStyle fontFamily="Times New Roman" fontSize="8.0"/>
        </Word>
      </TextLine>
      <TextLine id="tl_34" primaryLanguage="English" custom="structure {type:default;} readingOrder {index:3;}">
        <Coords points="793,3574 1635,3574 1635,3618 793,3618"/>
        <Baseline points="793,3601 909,3603 954,3604 1122,3606 1193,3607 1454,3611 1506,3611 1635,3613"/>
        <Word id="w_w2aab1c15b2c11b7ab1">
          <Coords points="793,3574 1635,3574 1635,3618 793,3618"/>
          <TextEquiv>
            <Unicode>seillier et capitaine des crenequiniers de nostre</Unicode>
          </TextEquiv>
          <TextStyle fontFamily="Times New Roman" fontSize="8.0"/>
        </Word>
      </TextLine>
      <TextLine id="tl_35" primaryLanguage="English" custom="structure {type:default;} readingOrder {index:4;}">
        <Coords points="792,3618 1633,3618 1633,3662 792,3662"/>
        <Baseline points="792,3653 888,3645 987,3645 1045,3646 1169,3647 1220,3648 1281,3650 1325,3651 1455,3652 1633,3648"/>
        <Word id="w_w2aab1c15b2c11b9ab1">
          <Coords points="792,3618 1633,3618 1633,3662 792,3662"/>
          <TextEquiv>
            <Unicode>garde pour les gaiges de lui et desdiz crenequi¬</Unicode>
          </TextEquiv>
          <TextStyle fontFamily="Times New Roman" fontSize="8.0"/>
        </Word>
      </TextLine>
      <TextLine id="tl_36" primaryLanguage="English" custom="structure {type:default;} readingOrder {index:5;}">
        <Coords points="791,3660 1632,3660 1632,3702 791,3702"/>
        <Baseline points="791,3688 887,3687 925,3686 992,3681 1082,3688 1268,3690 1372,3692 1440,3693 1632,3702"/>
        <Word id="w_w2aab1c15b2c11c11ab1">
          <Coords points="791,3660 1632,3660 1632,3702 791,3702"/>
          <TextEquiv>
            <Unicode>niers. » — (Ce capitaine était un Alsacien,</Unicode>
          </TextEquiv>
          <TextStyle fontFamily="Times New Roman" fontSize="8.0"/>
        </Word>
      </TextLine>
    </TextRegion>
    <TextRegion type="paragraph" id="r_8_7" custom="readingOrder {index:14;}">
      <Coords points="790,3699 1639,3699 1639,3785 790,3785"/>
      <TextLine id="tl_37" primaryLanguage="English" custom="structure {type:default;} readingOrder {index:0;}">
        <Coords points="791,3700 1636,3700 1636,3740 791,3740"/>
        <Baseline points="791,3729 928,3728 1110,3736 1181,3730 1302,3739 1376,3732 1485,3733 1636,3735"/>
        <Word id="w_w2aab1c15b2c13b1ab1">
          <Coords points="791,3700 1636,3700 1636,3740 791,3740"/>
          <TextEquiv>
            <Unicode>Jacques Fesseler, dit Wys, qui avait montré</Unicode>
          </TextEquiv>
          <TextStyle fontFamily="Times New Roman" fontSize="8.0"/>
        </Word>
      </TextLine>
      <TextLine id="tl_38" primaryLanguage="English" custom="structure {type:default;} readingOrder {index:1;}">
        <Coords points="795,3742 1638,3742 1638,3784 795,3784"/>
        <Baseline points="795,3771 825,3772 916,3771 1056,3771 1188,3771 1225,3771 1275,3772 1422,3773 1478,3774 1638,3779"/>
        <Word id="w_w2aab1c15b2c13b3ab1">
          <Coords points="795,3742 1638,3742 1638,3784 795,3784"/>
          <TextEquiv>
            <Unicode>la plus grande valeur à la bataille de Nancy.)</Unicode>
          </TextEquiv>
          <TextStyle fontFamily="Times New Roman" fontSize="8.0"/>
        </Word>
      </TextLine>
    </TextRegion>
    <GraphicRegion id="r_9" custom="readingOrder {index:15;}">
            <Coords points="1680,2958 3048,2958 3048,3778 1680,3778"/>
        </GraphicRegion>
    <SeparatorRegion id="r_11" custom="readingOrder {index:16;}">
            <Coords points="2478,62 3360,62 3360,80 2478,80"/>
        </SeparatorRegion>
    <SeparatorRegion id="r_12" custom="readingOrder {index:17;}">
            <Coords points="0,63 3066,63 3066,88 0,88"/>
        </SeparatorRegion>
    <SeparatorRegion id="r_13" custom="readingOrder {index:18;}">
            <Coords points="1377,78 2478,78 2478,91 1377,91"/>
        </SeparatorRegion>
    <SeparatorRegion id="r_14" custom="readingOrder {index:19;}">
            <Coords points="588,90 1377,90 1377,101 588,101"/>
        </SeparatorRegion>
    <SeparatorRegion id="r_15" custom="readingOrder {index:20;}">
            <Coords points="201,100 554,100 554,104 201,104"/>
        </SeparatorRegion>
    <SeparatorRegion id="r_16" custom="readingOrder {index:21;}">
            <Coords points="475,458 1334,458 1334,472 475,472"/>
        </SeparatorRegion>
    <SeparatorRegion id="r_17" custom="readingOrder {index:22;}">
            <Coords points="1358,459 3347,459 3347,472 1358,472"/>
        </SeparatorRegion>
    <SeparatorRegion id="r_18" custom="readingOrder {index:23;}">
            <Coords points="681,769 3152,769 3152,783 681,783"/>
        </SeparatorRegion>
    <SeparatorRegion id="r_20" custom="readingOrder {index:24;}">
            <Coords points="2164,3178 2320,3178 2320,3188 2164,3188"/>
        </SeparatorRegion>
    <SeparatorRegion id="r_21" custom="readingOrder {index:25;}">
            <Coords points="464,3893 3362,3893 3362,3922 464,3922"/>
        </SeparatorRegion>
    <SeparatorRegion id="r_22" custom="readingOrder {index:26;}">
            <Coords points="71,4588 384,4588 384,4599 71,4599"/>
        </SeparatorRegion>
    <SeparatorRegion id="r_23" custom="readingOrder {index:27;}">
            <Coords points="1782,4588 1980,4588 1980,4592 1782,4592"/>
        </SeparatorRegion>
    <SeparatorRegion id="r_24" custom="readingOrder {index:28;}">
            <Coords points="1874,4592 2700,4592 2700,4600 1874,4600"/>
        </SeparatorRegion>
    <SeparatorRegion id="r_25" custom="readingOrder {index:29;}">
            <Coords points="61,3830 70,3830 70,4205 61,4205"/>
        </SeparatorRegion>
    <SeparatorRegion id="r_26" custom="readingOrder {index:30;}">
            <Coords points="671,666 690,666 690,4113 671,4113"/>
        </SeparatorRegion>
    <SeparatorRegion id="r_27" custom="readingOrder {index:31;}">
            <Coords points="681,248 691,248 691,660 681,660"/>
        </SeparatorRegion>
    <SeparatorRegion id="r_28" custom="readingOrder {index:32;}">
            <Coords points="3141,249 3156,249 3156,4135 3141,4135"/>
        </SeparatorRegion>
    <SeparatorRegion id="r_29" custom="readingOrder {index:33;}">
            <Coords points="3152,3667 3153,3667 3153,3721 3152,3721"/>
        </SeparatorRegion>
  </Page>
</PcGts>