3786 4647
640 570 2861 640 S.1  CHEFS DE GOUVERNEMENT 15

691 870 2875 921 2° L. A. S. de MERLIN DE DOUAI (qui fut directeur du 10 septembre 1797 au 18 juin 1799), à Milet-

645 921 2118 982 Mureau; Paris, 21 germinal an VII (10 avril 1799), 3/4 de p. in-4,

644 974 2026 1038 vignette et tête imprimée. Très jolie pièce. — P. de Déjabin.

680 1051 2121 1101 Il appuie une demande faite par le jeune Lesage, qui est très brave et qui aime

646 1105 1041 1139 le métier de la guerre.

649 1170 2882 1237 ★28★ BONAPARTE (Napoléon), consul de la République française (10 no¬

651 1236 2880 1306 vembre 1799), premier consul et consul à vie (24 décembre 1799 au 18 mai 1804).

698 1323 2884 1381 L. S. au ministre de la guerre (l’illustre Lazare Carnot, qui était ministre depuis cinq jours);

655 1375 1908 1438 Paris, 17 germinal an VIII (7 avril 1800), 1/2 p. in-4,

652 1429 1710 1492 vignette et tête imprimée. — P. de Bonneville.

691 1504 1911 1549 Prière d’ordonner au citoyen Villesurarce, officier d’artillerie cisalpine,

654 1545 1912 1598 qui est à Antibes, de venir à Paris pour rendre compte de la situation

654 1593 1229 1637 dans laquelle est cette artillerie.

658 1665 2892 1742 ★29★ NAPOLÉON I, empereur des Français, du 18 mai 1804 au 22 juin 1815,

659 1735 2896 1801 date de son abdication, n. à Ajaccio (Corse), 15 août 1768, m. prisonnier des Anglais

660 1808 1767 1867 dans File de Sainte-Hélène, 5 mai 1821.

711 1899 1884 1949 L. S. au roi de Saxe (Frédéric Auguste, qu’il avait

662 1955 1884 2005 créé roi le 11 décembre 1806); Compiègne, 22 avril

668 2010 1670 2061 1810, 3/4 de p. in-4, cachets et soies. — P.

699 2087 1887 2128 Superbe lettre par laquelle il le remercie des compliments qu’il lui

665 2128 1886 2167 a adressés à l’occasion de son mariage avec l’archiduchesse Marie-

665 2174 1135 2212 Louise (célébré le 1 avril).

668 2239 1951 2308 ★30★ NAPOLÉON I, empereur des Français.

720 2330 2905 2388 L. S. NP., avec des corrections autographes, à son beau-frère (Joachim Murat, roi de Naples);

670 2382 2904 2437 Düben (près de Leipzig), 13 octobre 1813, dix heures du matin, 3 p. 1/4 in-q. Superbe pièce.— P.

706 2458 2907 2501 Pièce historique sur les préliminaires de la bataille de Leipzig. Instructions pour la disposition du corps du duc de

671 2499 2908 2547 Raguse, qu’il faut placer à Breitenfeld, appuyant sa gauche à l’Elster et sa droite à la Partha. Recommandation de ne pas

671 2540 2910 2583 affaiblir sa ligne : « C’est ce mouvement qui fait perdre toutes les batailles, car elles ne se gagnent qu’en renforçant la

671 2580 2912 2630 ligne dans le moment critique. » Il a pris la veille un ordre du jour pour ordonner que, désormais, son infanterie fût placée

673 2623 2912 2668 sur deux rangs seulement, car le feu et la bayonnette du troisième rang sont insignifiants. Un des avantages de cette nouvelle

673 2664 2911 2709 disposition sera de faire croire à l’ennemi l’armée d’un tiers plus forte qu'elle n’est. (Voir à ce sujet : Histoire du Consulat

674 2705 2913 2751 et de l’Empire, par Thiers, t. XVI, p. 532.) « Il est probable que je viendrai cette nuit prendre position du côté de Hohleine

675 2746 2914 2801 avec toute ma garde et les cuirassiers de Latour-Maubourg. » — (Le 16 octobre commença la fameuse bataille de Leipzig qui

676 2792 1123 2834 ne se termina que le 19.)

685 2866 2916 2937 ★31★ JOSÉPHINE (Marie-Josèphe-Rose TASCHER DE LA PAGERIE), n. aux Trois-

685 2933 2917 3005 Ilets (Martinique), 23 juin 1763, femme de Bonaparte (9 mars 1796), impératrice des

685 2998 2913 3072 Français le 18 mai 1804, répudiée le 16 décembre 1809, m. à la Malmaison, 29 mai 1814.

732 3088 2918 3146 L. A. S. au citoyen Bessières, chef de brigade (depuis maréchal de l’Empire, né à Preissac le

684 3142 2918 3204 6 août 1768, tué près de Rippach le 1 mai 1813), à Milan; (Turin, octobre 1797), 1 p. in-8, cachet.—P.

721 3220 2922 3268 Lettre écrite alors qu’elle revenait de Rome à Paris, après le traité de Campo-Formio. Elle est arrivée à Turin cette nuit,

685 3263 2925 3310 à trois heures, et elle doit passer le Mont-Cenis demain. « Le tems est affreux, les chemins détestables. J’ai acheter deux cent

687 3312 1219 3353 bouteilles de liqueurs que j’ai

688 3356 1222 3395 fait mettre à l’auberge de la

692 3401 1224 3437 bonne femme. Elles sont

694 3439 1225 3488 payés. Faites-moi le plaisir de

693 3485 1227 3530 ne point les oubliers lorsque

694 3529 1228 3572 vous passerai. » — (Elle rentra

696 3570 1228 3606 alors dans son hôtel de la rue

698 3615 1231 3653 Chantereine, où Bonaparte et

696 3655 1228 3696 elle vécurent jusqu'à l’expé¬

700 3702 997 3740 dition d’Egypte.)
