3786 4647
654 588 2876 654 S.1 CHEFS DE GOUVERNEMENT 17

660 870 2884 942 ★36★ HENRI V (Henri-Charles-Ferdinand-Marie-Dieudonné de Bourbon, dit),

663 935 2887 1009 fils du duc de Berri et de Marie-Caroline de Naples, duc de Bordeaux, comte de

663 1001 2885 1077 Chambord, n. à Paris, 29 septembre 1820, m. à Frohsdorf (Autriche), 24 août 1883.

714 1076 2890 1144 L. A. S., en français, au roi de Bavière (Louis I); Kirchberg, 5 septembre 1840, 1 p. 1/2 in-4,

665 1133 1751 1195 enveloppe et cachet. (Coll. von der Tann.) — P.

701 1201 1895 1255 Superbe lettre où il le remercie d’avoir donné son agrément au

668 1245 1887 1298 voyage qu’il va faire en Bavière. (Cet agrément avait été demandé au

673 1286 1889 1338 Roi par le duc d’Angoulême le 1 août 1840). « Ce sera certainement

669 1328 1890 1381 un bien grand plaisir pour moi d’admirer les grands travaux que

670 1372 1890 1421 Votre Majesté fait exécuter dans son royaume et tous les monu¬

671 1410 1889 1455 mens dont elle ne cesse d’embellir sa capitale; mais je serai bien

673 1451 1891 1504 plus heureux encore de me rapprocher d un Roi protecteur des arts

672 1487 1891 1545 et qui fait tant pour la gloire, non seulement de la Bavière, mais de

672 1544 1176 1585 l’Allemagne tout entière... »

677 1616 2905 1691 ★37★ LOUIS PHILIPPE I, n. à Paris, 6 octobre 1773, duc d’Orléans, roi le

680 1681 2902 1755 5 août 1830, détrôné le 24 février 1848, m. à Claremont (Angleterre), 26 août 1850.

729 1772 1178 1820 L. S., comme duc

682 1827 1176 1877 de Chartres ; Passy,

684 1881 1178 1931 2 octobre 1789, 1/2 p.

683 1936 1179 1985 in-4. — P. de Chevillet.

718 2012 1184 2052 Il exprime sa joie que le

686 2056 1184 2095 roi ait accordé la grâce du

685 2099 1184 2137 nommé Bouland, pour lequel

686 2141 1185 2178 il avait imploré sa clémence.

688 2228 1976 2291 ★38★ LOUIS PHILIPPE I, roi des Français

739 2300 2809 2365 L. A. S. à Charles X; Neuilly, 10 juin 1829, 8 p. in-fol. — P. gravé au burin par Hopwood.

726 2364 2921 2412 Lettre des plus curieuses où il rend compte du voyage qu’il vient de faire en Angleterre avec son fils aîné. Il a dîné sans

691 2405 2920 2458 cérémonie chez le roi (Georges IV), le dimanche 17 mai : le prince Esterhazy, ambassadeur d’Autriche, s’y trouvait. « Au

692 2446 2920 2499 moment de passer dans la salle à manger, le roi m’appella et me dit de lui donner le bras. Le duc de Cumberland, le seul

691 2486 2922 2542 des princes anglais qui se trouvât à ce dîner où il n’y avait point de dames, fit passer mon fils, et le prince Esterhazy ne

694 2526 2923 2581 passa qu’après eux. » Ce fait de préséance était important, car, au congrès de Laybach, il avait été décidé que les ambas¬

693 2567 2924 2625 sadeurs ne céderaient le pas qu’aux princes fils ou frères de rois. Le roi lui a parlé de ces difficultés et a déclaré que le

695 2607 2924 2666 système adopté était à la fois inconvenant et impolitique. Longues considérations à ce sujet. Le duc de Wellington a été d’avis

696 2649 2925 2706 qu’il fallait abroger ce règlement absurde et a déclaré que son maître écrirait à ce sujet à l’empereur d’Autriche. « Il

697 2703 1021 2742 ne me reste plus,

698 2744 1022 2787 Sire, qu’à supplier

699 2788 1024 2829 Votre Majesté de

700 2834 1026 2865 nous donner à cet

703 2875 1028 2917 égard son puissant

703 2918 1027 2958 appui, ainsi que

703 2960 1029 2999 vous l’avés déjà fait

707 3003 1030 3034 en nous accordant

706 3047 1030 3076 le titre d'Altesse

709 3089 1032 3127 royale, pour qu’une

707 3129 1033 3160 nouvelle modifica¬

709 3172 1034 3210 tion du système de

709 3215 1032 3254 Laybach nous pré¬

710 3257 1036 3295 serve des désagré¬

711 3300 1033 3339 mens qui pour¬

713 3342 1038 3376 raient en résulter

715 3386 1038 3428 pour nous, lorsque

713 3429 1039 3462 nous visitons des

714 3473 1038 3511 cours étrangères. »

717 3530 2941 3619 ★39★ MARIE AMÉLIE DE BOURBON, n. à Caserte, 26 avril 1782, fille du roi

715 3606 2944 3691 des Deux-Siciles Ferdinand IV et de Marie-Caroline, femme de Louis Philippe

715 3677 2459 3748 (25 novembre 1809), m. à Claremont (Angleterre), 24 mars 1866.
