3610 4663
792 601 3006 653 18 CHEFS DE GOUVERNEMENT S.1

836 890 3006 942 1° L. A. paraphée à mademoiselle de Broval; Tuileries, 17 janvier 1839, 1 p. 1/2 in-8. — P.

817 964 1613 1010 Belle lettre relative à la mort de sa fille

775 1002 1614 1053 Marie (duchesse de Würtemberg, décédée à

778 1044 1613 1092 Pise le 6 janvier). «Elle a fait la mort d'une

775 1085 1612 1138 sainte. C'est la consolation que Dieu nous a

776 1127 1607 1175 accordé en nous enlevant cette si chère enfant…»

818 1205 1608 1259 2° L.S. au cardinal Ostini; Paris,

779 1258 1606 1317 10 février 1847, 1/2 p. in-fol., enve¬

777 1310 1130 1368 loppe et cachet.

808 1390 1610 1436 Réponse aux témoignages d'attachement qu'il

772 1433 1564 1476 lui a donnés à l'occasion des fêtes de Noël.

773 1523 2722 1587 ★40★ GOUVERNEMENT PROVISOIRE (24 février au 9 mai 1848).

820 1610 3004 1660 L. S. par F. ARAGO, MARIE, LOUIS BLANC, ARMAND MARRAST, CRÉMIEUX, ALBERT, DUPONT DE

769 1664 3001 1714 L'EURE, LEDRU ROLLIN, GARNIER PAGÈS et LAMARTINE, à la Confédération suisse; Paris, 4 mars 1848,

777 1720 1370 1769 1 p. double in-fol. oblong.

804 1784 3005 1825 Superbe pièce. Lettre de créance en faveur du général de Thiard, ambassadeur de la République française auprès de

767 1825 3006 1867 la Confédération suisse. — (Auxonne-Théodose-Marie, comte de Thiard de Bissy, né à Paris en 1772, aide de camp de

767 1865 3001 1907 Napoléon I, fut député de 1820 à 1848 et siégea à l’extrême gauche. Il fut ambassadeur en Suisse jusqu’au mois d’avril

771 1908 1223 1948 1849 et mourut en 1852.)
