3598 4663
812 591 3031 649 26 CHEFS DE GOUVERNEMENT S.1

806 887 3031 953 ★55★ CHARLES IV, n. à Naples, 12 novembre 1748, roi d’Espagne (décembre

814 957 2020 1019 1788), dépossédé par Napoléon I en 1808,

805 1024 1642 1085 m. à Rome, 28 novembre 1819.

854 1107 2026 1159 L. A. S., en français, à Louis XVIII ; Rome, 12 mai

809 1162 1872 1214 1814, 3/4 de p. in-4, enveloppe et cachet. — P.

839 1233 2026 1272 Superbe lettre de félicitations sur la restauration de Louis XVIII.

804 1277 2028 1316 « Monsieur mon frère et cousin, cessèrent enfin les malheurs qui ont

802 1319 2024 1361 si cruellement persécuté notre famille, et je suis maintenant la der¬

800 1361 2024 1395 nière victime. V. M. est rentrée au trône de ses ancêtres. Ce chan¬

800 1405 2026 1444 gement fortuné va faire couler sur la France des jours paisibles et

800 1447 2025 1488 tranquiles, possédant pour son chef un père si tendre et si juste, et

798 1492 2024 1532 votre règne sera pour elle le retour du bonheur et de la paix qui

798 1533 2024 1573 avoit disparu depuis longtemps par les convoitions soufertes sous le

796 1577 1216 1614 joug du despotisme... »

798 1649 3029 1716 ★56★ BONAPARTE (Joseph), n. à Corte (Corse), 7 janvier 1768, frère aîné de

799 1716 2693 1781 Napoléon I, roi d’Espagne (6 juin 1808), m. à Florence, 28 juillet 1844.

848 1798 3023 1859 L. A. S. au comte (Lacuée); Londres, 26 décembre 1832, 1 p, 1/4 in-4. (Coll. Dubrunfaut.) — P.

830 1867 1756 1902 Intéressante lettre où il raconte une courte entrevue

794 1905 1751 1946 avec Mérimée. « Les ouvrages que j'ai lus en Amé¬

794 1951 1750 1992 rique me prévenoient assez en sa faveur pour me

793 1992 1750 2030 donner le désir de le voir longtems, mais notre con¬

791 2034 1748 2074 versation n’a pas été longue; sa visite a été courte,

792 2077 1745 2116 et il ne m’a pas donné le moien de le revoir encore.

791 2119 1747 2157 Il s'est refusé aux invitations que je lui ai faites de

790 2162 1745 2201 venir diner avec moi et je ne dois le voir qu’un

790 2205 1744 2243 moment aujourd’hui pour lui remettre cette lettre,

789 2247 1688 2287 qu’il veut absolument venir chercher lui-même. »

790 2323 3021 2392 ★57★ ALPHONSE XII, n. 28 novembre 1857, fils de la reine Isabelle II, roi

789 2393 1606 2455 d’Espagne (29 décembre 1874.)

838 2476 1694 2525 L. S. au cardinal Caverot, arche¬

787 2530 1693 2582 vêque de Lyon; Madrid, 31 décembre

793 2585 1660 2635 1879, 1 p. in-4, papier armorié. — P.

823 2657 1690 2695 Il le remercie des félicitations qu’il lui a adres¬

787 2700 1468 2730 sées à l’occasion de la nouvelle année.

1503 3007 2305 3071 ANGLETERRE

786 3163 3020 3227 ★58★ HENRI VIII, n. à Greenwich, 28 juin 1491, roi d’Angleterre (22 avril 1509),

786 3232 1646 3294 m. à Londres, 28 janvier 1547.

835 3317 1649 3367 L. S., en latin, avec la souscription

785 3372 1650 3422 autographe, au prince Wolfgang d’An¬

786 3421 1649 3475 halt (n. 1492, prince en 1508, chassé de

786 3476 1649 3530 ses Etats en 1532, rétabli dans sa prin¬

786 3525 1648 3582 cipauté en 1552, m. 1566) ; Londres,

788 3578 1651 3634 24 janvier 1531, 1/2 p. in-fol. Taches

787 3633 1472 3685 d’eau et raccommodages. — P.

823 3698 1652 3742 Lettre de créance pour le docteur Craymer,

786 3740 1507 3779 son ambassadeur auprès de l’Empereur.
