<PcGts xmlns="http://schema.primaresearch.org/PAGE/gts/pagecontent/2013-07-15" xmlns:xsi="http://www.w3.org/2001/XMLSchema-instance" xmlns:xs="http://www.w3.org/2001/XMLSchema" xmlns:pr="http://schema.primaresearch.org/PAGE/gts/pagecontent/2013-07-15" xsi:schemaLocation="http://schema.primaresearch.org/PAGE/gts/pagecontent/2013-07-15 http://schema.primaresearch.org/PAGE/gts/pagecontent/2013-07-15/pagecontent.xsd">
  <Metadata>
        <Creator>Transkribus</Creator>
        <Created>2020-01-07T17:14:11.726+01:00</Created>
        <LastChange>2020-02-21T09:42:49.904+01:00</LastChange>
        <Comments>
                Measurement unit: pixel
                PrimaryLanguage: English
                Language: FrenchStandard
                Producer: Transkribus
            </Comments>
        <TranskribusMetadata docId="304468" pageId="12091483" pageNr="88" tsid="24101555" status="DONE" userId="10612" imgUrl="https://files.transkribus.eu/Get?id=AUBTAHSYGRUITZPLPTFLWFQZ&amp;fileType=view" xmlUrl="https://files.transkribus.eu/Get?id=FAZIAGUSCCLNRUPAJGZFFAXC" imageId="8434515"/>
    </Metadata>
  <Page imageFilename="1887_bovet_bpt6k6325943w_gt_0088.jpg" imageWidth="3610" imageHeight="4663">
    <PrintSpace>
            <Coords points="0,57 3571,57 3571,4663 0,4663"/>
        </PrintSpace>
    <ReadingOrder>
            <OrderedGroup id="ro_1604249874057" caption="Regions reading order">
                <RegionRefIndexed index="1" regionRef="r_2_1"/>
                <RegionRefIndexed index="2" regionRef="r_3_1"/>
                <RegionRefIndexed index="3" regionRef="r_3_2"/>
                <RegionRefIndexed index="4" regionRef="r_3_3"/>
                <RegionRefIndexed index="5" regionRef="r_3_4"/>
                <RegionRefIndexed index="7" regionRef="r_5_1"/>
                <RegionRefIndexed index="8" regionRef="r_5_2"/>
                <RegionRefIndexed index="9" regionRef="r_5_3"/>
                <RegionRefIndexed index="10" regionRef="r_5_4"/>
            </OrderedGroup>
        </ReadingOrder>
    <TextRegion type="paragraph" id="r_2_1" custom="readingOrder {index:1;}">
      <Coords points="831,592 3057,592 3057,657 831,657"/>
      <TextLine id="tl_1" primaryLanguage="English" custom="structure {type:default;} readingOrder {index:0;}">
        <Coords points="832,593 3056,593 3056,656 832,656"/>
        <Baseline points="832,643 893,656 1327,646 1649,644 1797,642 2457,641 2654,643 3056,642"/>
        <Word id="w_w2aab1b3b2b1b1ab1">
          <Coords points="832,593 3056,593 3056,656 832,656"/>
          <TextEquiv>
            <Unicode>24 CHEFS DE GOUVERNEMENT S.1</Unicode>
          </TextEquiv>
          <TextStyle fontFamily="Times New Roman" fontSize="10.5"/>
        </Word>
      </TextLine>
    </TextRegion>
    <TextRegion type="paragraph" id="r_3_1" custom="readingOrder {index:2;}">
      <Coords points="1628,888 2258,890 2258,951 1628,949"/>
      <TextLine id="tl_2" primaryLanguage="English" custom="structure {type:default;} readingOrder {index:0;}">
        <Coords points="1630,891 2258,891 2258,950 1630,950"/>
        <Baseline points="1629,933 1681,948 2255,950"/>
        <Word id="w_w2aab1b5b2b1b1ab1">
          <Coords points="1630,891 2258,891 2258,950 1630,950"/>
          <TextEquiv>
            <Unicode>ESPAGNE</Unicode>
          </TextEquiv>
          <TextStyle fontFamily="Times New Roman" fontSize="15.0" bold="true"/>
        </Word>
      </TextLine>
    </TextRegion>
    <TextRegion type="paragraph" id="r_3_2" custom="readingOrder {index:3;}">
      <Coords points="826,1026 3059,1026 3059,1220 826,1220"/>
      <TextLine id="tl_3" primaryLanguage="English" custom="structure {type:default;} readingOrder {index:0;}">
        <Coords points="830,1027 3058,1027 3058,1089 830,1089"/>
        <Baseline points="830,1066 847,1076 908,1077 935,1076 996,1063 1433,1075 1535,1084 1624,1073 1732,1072 1893,1071 2066,1083 2174,1073 2264,1073 2361,1072 2634,1073 2777,1073 2871,1085 2966,1071 3058,1072"/>
        <Word id="w_w2aab1b5b2b3b1ab1">
          <Coords points="830,1027 3058,1027 3058,1089 830,1089"/>
          <TextEquiv>
            <Unicode>★51★ FERDINAND V, n. 10 mars 1452, fils du roi d’Aragon Jean II, roi de</Unicode>
          </TextEquiv>
        </Word>
      </TextLine>
      <TextLine id="tl_4" primaryLanguage="English" custom="structure {type:default;} readingOrder {index:1;}">
        <Coords points="827,1091 3055,1091 3055,1157 827,1157"/>
        <Baseline points="827,1145 1022,1141 1194,1154 1255,1142 1517,1140 1714,1148 1757,1136 1851,1136 1905,1137 2245,1140 2289,1139 2576,1152 2671,1139 2899,1137 2934,1137 2971,1137 3055,1137"/>
        <Word id="w_w2aab1b5b2b3b3ab1">
          <Coords points="827,1091 3055,1091 3055,1157 827,1157"/>
          <TextEquiv>
            <Unicode>Castille (1474) et d’Aragon (1479), dit le Catholique, m. à Madrigalejo, 23 janvier 1516.</Unicode>
          </TextEquiv>
        </Word>
      </TextLine>
      <TextLine id="tl_5" primaryLanguage="English" custom="structure {type:default;} readingOrder {index:2;}">
        <Coords points="831,1157 2769,1157 2769,1219 831,1219"/>
        <Baseline points="831,1209 867,1209 962,1208 1227,1209 1438,1207 1500,1207 1752,1203 2027,1204 2105,1205 2174,1204 2476,1202 2769,1205"/>
        <Word id="w_w2aab1b5b2b3b5ab1">
          <Coords points="831,1157 2769,1157 2769,1219 831,1219"/>
          <TextEquiv>
            <Unicode>Il est considéré comme le véritable fondateur de la monarchie espagnole.</Unicode>
          </TextEquiv>
          <TextStyle fontFamily="Times New Roman" fontSize="11.0"/>
        </Word>
      </TextLine>
    </TextRegion>
    <TextRegion type="paragraph" id="r_3_3" custom="readingOrder {index:4;}">
      <Coords points="823,1246 3063,1246 3063,1468 823,1468"/>
      <TextLine id="tl_6" primaryLanguage="English" custom="structure {type:default;} readingOrder {index:0;}">
        <Coords points="878,1247 3062,1247 3062,1304 878,1304"/>
        <Baseline points="878,1291 909,1291 1003,1301 1097,1291 1224,1292 1315,1290 1375,1290 1414,1290 1757,1283 1827,1284 1880,1285 2122,1286 2261,1294 2433,1283 2502,1282 2754,1285 2823,1286 2963,1295 3062,1274"/>
        <Word id="w_w2aab1b5b2b5b1ab1">
          <Coords points="878,1247 3062,1247 3062,1304 878,1304"/>
          <TextEquiv>
            <Unicode>L. S., sig. aussi par sa femme Isabelle de Castille (n. 1451, épouse de Ferdinand en 1469, l’il¬</Unicode>
          </TextEquiv>
        </Word>
      </TextLine>
      <TextLine id="tl_7" primaryLanguage="English" custom="structure {type:default;} readingOrder {index:1;}">
        <Coords points="824,1301 3061,1301 3061,1357 824,1357"/>
        <Baseline points="824,1344 948,1345 1203,1346 1271,1346 1535,1342 1745,1349 1823,1338 1981,1348 2021,1339 2121,1339 2246,1340 2312,1339 2489,1343 2738,1337 2799,1339 2849,1339 3061,1338"/>
        <Word id="w_w2aab1b5b2b5b3ab1">
          <Coords points="824,1301 3061,1301 3061,1357 824,1357"/>
          <TextEquiv>
            <Unicode>lustre protectrice de Christophe Colomb, m. 1504), à don Juan de Ribera, corregidor de la province</Unicode>
          </TextEquiv>
          <TextStyle fontFamily="Times New Roman" fontSize="10.0"/>
        </Word>
      </TextLine>
      <TextLine id="tl_8" primaryLanguage="English" custom="structure {type:default;} readingOrder {index:2;}">
        <Coords points="825,1354 3059,1354 3059,1412 825,1412"/>
        <Baseline points="825,1399 873,1398 1127,1400 1189,1400 1413,1398 1595,1395 1663,1394 1723,1393 1936,1393 2005,1393 2226,1404 2488,1400 2531,1402 2767,1391 2910,1401 2996,1393 3059,1394"/>
        <Word id="w_w2aab1b5b2b5b5ab1">
          <Coords points="825,1354 3059,1354 3059,1412 825,1412"/>
          <TextEquiv>
            <Unicode>de Guipuzcoa et capitaine général de la frontière de Navarre; Barcelone, 7 décembre 1493, 1/2 p.</Unicode>
          </TextEquiv>
          <TextStyle fontFamily="Times New Roman" fontSize="10.0"/>
        </Word>
      </TextLine>
      <TextLine id="tl_9" primaryLanguage="English" custom="structure {type:default;} readingOrder {index:3;}">
        <Coords points="827,1407 2618,1407 2618,1467 827,1467"/>
        <Baseline points="827,1451 958,1455 1142,1467 1318,1454 1523,1450 1670,1459 1790,1446 1867,1446 2137,1448 2237,1448 2303,1448 2618,1443"/>
        <Word id="w_w2aab1b5b2b5b7ab1">
          <Coords points="827,1407 2618,1407 2618,1467 827,1467"/>
          <TextEquiv>
            <Unicode>in-fol. oblong, cachet. Superbe pièce, dans un magnifique état de conservation.</Unicode>
          </TextEquiv>
          <TextStyle fontFamily="Times New Roman" fontSize="10.0"/>
        </Word>
      </TextLine>
    </TextRegion>
    <TextRegion type="paragraph" id="r_3_4" custom="readingOrder {index:5;}">
      <Coords points="823,1483 3063,1483 3063,1623 823,1623"/>
      <TextLine id="tl_10" primaryLanguage="English" custom="structure {type:default;} readingOrder {index:0;}">
        <Coords points="862,1484 3061,1484 3061,1534 862,1534"/>
        <Baseline points="862,1527 923,1526 1016,1525 1245,1533 1419,1522 1499,1521 1553,1519 1635,1518 1695,1517 1840,1517 1916,1518 2038,1518 2122,1518 2309,1517 2344,1516 2530,1522 2615,1513 2672,1513 2740,1513 2941,1521 3061,1517"/>
        <Word id="w_w2aab1b5b2b7b1ab1">
          <Coords points="862,1484 3061,1484 3061,1534 862,1534"/>
          <TextEquiv>
            <Unicode>Les rois catholiques, informés que le duc de Nagera fait élever une forteresse à Cenicero, lieu de ses domaines, voisin</Unicode>
          </TextEquiv>
          <TextStyle fontFamily="Times New Roman" fontSize="8.0"/>
        </Word>
      </TextLine>
      <TextLine id="tl_11" primaryLanguage="English" custom="structure {type:default;} readingOrder {index:1;}">
        <Coords points="824,1526 3062,1526 3062,1577 824,1577"/>
        <Baseline points="824,1570 862,1570 910,1570 1003,1569 1062,1568 1240,1574 1437,1564 1473,1563 1564,1562 1738,1560 1880,1560 2105,1560 2209,1559 2452,1559 2506,1559 2561,1556 2699,1556 2754,1555 2849,1555 3007,1557 3062,1558"/>
        <Word id="w_w2aab1b5b2b7b3ab1">
          <Coords points="824,1526 3062,1526 3062,1577 824,1577"/>
          <TextEquiv>
            <Unicode>de la ville de Logrono, enjoignent à leur capitaine général d’empêcher cette construction et au besoin de faire détruire la</Unicode>
          </TextEquiv>
          <TextStyle fontFamily="Times New Roman" fontSize="8.0"/>
        </Word>
      </TextLine>
      <TextLine id="tl_12" primaryLanguage="English" custom="structure {type:default;} readingOrder {index:2;}">
        <Coords points="825,1570 3007,1570 3007,1622 825,1622"/>
        <Baseline points="825,1622 925,1613 1010,1612 1145,1616 1205,1611 1277,1609 1336,1609 1379,1608 1453,1607 1509,1606 1672,1603 1853,1602 1969,1602 2078,1602 2184,1602 2408,1601 2440,1601 2611,1599 2645,1599 2761,1598 3007,1600"/>
        <Word id="w_w2aab1b5b2b7b5ab1">
          <Coords points="825,1570 3007,1570 3007,1622 825,1622"/>
          <TextEquiv>
            <Unicode>partie déjà édifiée, au cas où le duc ne pourrait présenter aucun ordre royal l’autorisant à procéder à ladite construction.</Unicode>
          </TextEquiv>
          <TextStyle fontFamily="Times New Roman" fontSize="8.0"/>
        </Word>
      </TextLine>
    </TextRegion>
    <TextRegion type="paragraph" id="r_5_1" custom="readingOrder {index:7;}">
      <Coords points="811,3152 3054,3152 3054,3358 811,3358"/>
      <TextLine id="tl_13" primaryLanguage="English" custom="structure {type:default;} readingOrder {index:0;}">
        <Coords points="814,3153 3053,3153 3053,3222 814,3222"/>
        <Baseline points="814,3198 822,3198 892,3210 982,3208 1342,3207 1418,3219 1498,3208 1561,3207 1792,3217 1880,3205 2066,3203 2241,3214 2341,3203 2426,3201 2751,3200 2814,3214 3053,3201"/>
        <Word id="w_w2aab1b9b2b1b1ab1">
          <Coords points="814,3153 3053,3153 3053,3222 814,3222"/>
          <TextEquiv>
            <Unicode>★52★ PHILIPPE I, n. à Bruges, 22 juillet 1478, fils de Maximilien I, petit-fils</Unicode>
          </TextEquiv>
        </Word>
      </TextLine>
      <TextLine id="tl_14" primaryLanguage="English" custom="structure {type:default;} readingOrder {index:1;}">
        <Coords points="812,3221 3053,3221 3053,3290 812,3290"/>
        <Baseline points="812,3276 869,3276 1099,3275 1164,3275 1482,3285 1658,3273 1750,3272 1956,3271 2028,3270 2207,3281 2306,3270 2393,3269 2621,3266 2756,3267 2950,3279 3053,3265"/>
        <Word id="w_w2aab1b9b2b1b3ab1">
          <Coords points="812,3221 3053,3221 3053,3290 812,3290"/>
          <TextEquiv>
            <Unicode>de Charles le Téméraire, époux de Jeanne la Folle, roi de Castille (juin 1504), dit</Unicode>
          </TextEquiv>
          <TextStyle fontFamily="Times New Roman" fontSize="11.0"/>
        </Word>
      </TextLine>
      <TextLine id="tl_15" primaryLanguage="English" custom="structure {type:default;} readingOrder {index:2;}">
        <Coords points="814,3293 1965,3293 1965,3357 814,3357"/>
        <Baseline points="814,3340 855,3340 917,3341 1111,3344 1168,3342 1364,3342 1456,3342 1790,3339 1844,3338 1880,3338 1916,3338 1949,3338 1965,3338"/>
        <Word id="w_w2aab1b9b2b1b5ab1">
          <Coords points="814,3293 1965,3293 1965,3357 814,3357"/>
          <TextEquiv>
            <Unicode>le Beau, m. à Burgos, 25 septembre 1506.</Unicode>
          </TextEquiv>
        </Word>
      </TextLine>
    </TextRegion>
    <TextRegion type="paragraph" id="r_5_2" custom="readingOrder {index:8;}">
      <Coords points="814,3383 1969,3383 1969,3490 814,3490"/>
      <TextLine id="tl_16" primaryLanguage="English" custom="structure {type:default;} readingOrder {index:0;}">
        <Coords points="865,3384 1968,3384 1968,3437 865,3437"/>
        <Baseline points="865,3421 910,3422 999,3434 1310,3425 1362,3436 1580,3423 1722,3421 1865,3420 1968,3410"/>
        <Word id="w_w2aab1b9b2b3b1ab1">
          <Coords points="865,3384 1968,3384 1968,3437 865,3437"/>
          <TextEquiv>
            <Unicode>L. S., contresignée par Pedro XIMENEZ, à Ro¬</Unicode>
          </TextEquiv>
        </Word>
      </TextLine>
      <TextLine id="tl_17" primaryLanguage="English" custom="structure {type:default;} readingOrder {index:1;}">
        <Coords points="815,3437 1964,3437 1964,3489 815,3489"/>
        <Baseline points="815,3471 927,3474 994,3475 1276,3486 1432,3479 1499,3478 1690,3487 1750,3475 1964,3483"/>
        <Word id="w_w2aab1b9b2b3b3ab1">
          <Coords points="815,3437 1964,3437 1964,3489 815,3489"/>
          <TextEquiv>
            <Unicode>drigo de Villalpando, alcade de Vezilla; la Corogne,</Unicode>
          </TextEquiv>
          <TextStyle fontFamily="Times New Roman" fontSize="10.0"/>
        </Word>
      </TextLine>
    </TextRegion>
    <TextRegion type="paragraph" id="r_5_3" custom="readingOrder {index:9;}">
      <Coords points="816,3491 1651,3491 1651,3544 816,3544"/>
      <TextLine id="tl_18" primaryLanguage="English" custom="structure {type:default;} readingOrder {index:0;}">
        <Coords points="817,3492 1650,3492 1650,3543 817,3543"/>
        <Baseline points="817,3525 862,3537 965,3527 1000,3527 1029,3528 1058,3530 1084,3529 1100,3541 1180,3531 1240,3532 1275,3532 1526,3533 1650,3532"/>
        <Word id="w_w2aab1b9b2b5b1ab1">
          <Coords points="817,3492 1650,3492 1650,3543 817,3543"/>
          <TextEquiv>
            <Unicode>27 mai 1506, 1/2 p. in-fol. Très rare.</Unicode>
          </TextEquiv>
        </Word>
      </TextLine>
    </TextRegion>
    <TextRegion type="paragraph" id="r_5_4" custom="readingOrder {index:10;}">
      <Coords points="811,3565 1970,3565 1970,3775 811,3775"/>
      <TextLine id="tl_19" primaryLanguage="English" custom="structure {type:default;} readingOrder {index:0;}">
        <Coords points="849,3566 1968,3566 1968,3610 849,3610"/>
        <Baseline points="849,3595 994,3595 1104,3597 1158,3599 1197,3599 1259,3600 1418,3601 1469,3602 1627,3602 1832,3600 1889,3600 1968,3599"/>
        <Word id="w_w2aab1b9b2b7b1ab1">
          <Coords points="849,3566 1968,3566 1968,3610 849,3610"/>
          <TextEquiv>
            <Unicode>Superbe lettre où il lui ordonne de prendre possession en son</Unicode>
          </TextEquiv>
          <TextStyle fontFamily="Times New Roman" fontSize="8.0"/>
        </Word>
      </TextLine>
      <TextLine id="tl_20" primaryLanguage="English" custom="structure {type:default;} readingOrder {index:1;}">
        <Coords points="814,3608 1968,3608 1968,3652 814,3652"/>
        <Baseline points="814,3636 888,3637 945,3636 996,3637 1185,3639 1243,3640 1289,3641 1383,3642 1440,3642 1599,3648 1769,3643 1968,3641"/>
        <Word id="w_w2aab1b9b2b7b3ab1">
          <Coords points="814,3608 1968,3608 1968,3652 814,3652"/>
          <TextEquiv>
            <Unicode>nom de la forteresse de la ville de Vezilla, jusqu’au règlement</Unicode>
          </TextEquiv>
          <TextStyle fontFamily="Times New Roman" fontSize="8.0"/>
        </Word>
      </TextLine>
      <TextLine id="tl_21" primaryLanguage="English" custom="structure {type:default;} readingOrder {index:2;}">
        <Coords points="813,3652 1969,3652 1969,3693 813,3693"/>
        <Baseline points="813,3679 869,3679 997,3680 1072,3680 1131,3681 1225,3683 1347,3683 1524,3685 1576,3685 1781,3684 1837,3683 1882,3683 1969,3682"/>
        <Word id="w_w2aab1b9b2b7b5ab1">
          <Coords points="813,3652 1969,3652 1969,3693 813,3693"/>
          <TextEquiv>
            <Unicode>des débats qui se sont élevés touchant la possession de la dite</Unicode>
          </TextEquiv>
          <TextStyle fontFamily="Times New Roman" fontSize="8.0"/>
        </Word>
      </TextLine>
      <TextLine id="tl_22" primaryLanguage="English" custom="structure {type:default;} readingOrder {index:3;}">
        <Coords points="812,3693 1969,3693 1969,3733 812,3733"/>
        <Baseline points="812,3721 984,3722 1084,3721 1145,3722 1302,3723 1357,3723 1516,3724 1703,3725 1751,3725 1795,3724 1969,3722"/>
        <Word id="w_w2aab1b9b2b7b7ab1">
          <Coords points="812,3693 1969,3693 1969,3733 812,3733"/>
          <TextEquiv>
            <Unicode>forteresse entre les héritiers du marquis d’Astorga et la comtesse</Unicode>
          </TextEquiv>
          <TextStyle fontFamily="Times New Roman" fontSize="8.0"/>
        </Word>
      </TextLine>
      <TextLine id="tl_23" primaryLanguage="English" custom="structure {type:default;} readingOrder {index:4;}">
        <Coords points="816,3735 1559,3735 1559,3774 816,3774"/>
        <Baseline points="816,3764 988,3763 1205,3764 1335,3765 1559,3766"/>
        <Word id="w_w2aab1b9b2b7b9ab1">
          <Coords points="816,3735 1559,3735 1559,3774 816,3774"/>
          <TextEquiv>
            <Unicode>d’Osorno. Importants détails historiques.</Unicode>
          </TextEquiv>
          <TextStyle fontFamily="Times New Roman" fontSize="8.0"/>
        </Word>
      </TextLine>
    </TextRegion>
    <GraphicRegion id="r_1" custom="readingOrder {index:0;}">
            <Coords points="0,319 123,319 123,4277 0,4277"/>
        </GraphicRegion>
    <GraphicRegion id="r_4" custom="readingOrder {index:6;}">
            <Coords points="810,1667 3571,1667 3571,3128 810,3128"/>
        </GraphicRegion>
    <GraphicRegion id="r_6" custom="readingOrder {index:11;}">
            <Coords points="2033,3317 3038,3317 3038,3758 2033,3758"/>
        </GraphicRegion>
    <SeparatorRegion id="r_10" custom="readingOrder {index:12;}">
            <Coords points="1297,57 3347,57 3347,77 1297,77"/>
        </SeparatorRegion>
    <SeparatorRegion id="r_11" custom="readingOrder {index:13;}">
            <Coords points="0,58 2878,58 2878,71 0,71"/>
        </SeparatorRegion>
    <SeparatorRegion id="r_12" custom="readingOrder {index:14;}">
            <Coords points="269,76 1293,76 1293,84 269,84"/>
        </SeparatorRegion>
    <SeparatorRegion id="r_13" custom="readingOrder {index:15;}">
            <Coords points="499,457 3382,457 3382,473 499,473"/>
        </SeparatorRegion>
    <SeparatorRegion id="r_14" custom="readingOrder {index:16;}">
            <Coords points="707,770 3162,770 3162,782 707,782"/>
        </SeparatorRegion>
    <SeparatorRegion id="r_15" custom="readingOrder {index:17;}">
            <Coords points="1217,2109 1320,2109 1320,2113 1217,2113"/>
        </SeparatorRegion>
    <SeparatorRegion id="r_16" custom="readingOrder {index:18;}">
            <Coords points="2384,2737 2832,2737 2832,2772 2384,2772"/>
        </SeparatorRegion>
    <SeparatorRegion id="r_17" custom="readingOrder {index:19;}">
            <Coords points="1610,2803 2023,2803 2023,2824 1610,2824"/>
        </SeparatorRegion>
    <SeparatorRegion id="r_18" custom="readingOrder {index:20;}">
            <Coords points="2161,3336 2590,3336 2590,3365 2161,3365"/>
        </SeparatorRegion>
    <SeparatorRegion id="r_19" custom="readingOrder {index:21;}">
            <Coords points="485,3891 3334,3891 3334,3920 485,3920"/>
        </SeparatorRegion>
    <SeparatorRegion id="r_20" custom="readingOrder {index:22;}">
            <Coords points="62,4566 1536,4566 1536,4583 62,4583"/>
        </SeparatorRegion>
    <SeparatorRegion id="r_21" custom="readingOrder {index:23;}">
            <Coords points="30,1148 33,1148 33,1313 30,1313"/>
        </SeparatorRegion>
    <SeparatorRegion id="r_22" custom="readingOrder {index:24;}">
            <Coords points="31,3495 38,3495 38,4115 31,4115"/>
        </SeparatorRegion>
    <SeparatorRegion id="r_23" custom="readingOrder {index:25;}">
            <Coords points="32,652 35,652 35,902 32,902"/>
        </SeparatorRegion>
    <SeparatorRegion id="r_24" custom="readingOrder {index:26;}">
            <Coords points="36,2994 40,2994 40,3237 36,3237"/>
        </SeparatorRegion>
    <SeparatorRegion id="r_25" custom="readingOrder {index:27;}">
            <Coords points="692,249 718,249 718,3904 692,3904"/>
        </SeparatorRegion>
    <SeparatorRegion id="r_26" custom="readingOrder {index:28;}">
            <Coords points="692,3904 703,3904 703,4111 692,4111"/>
        </SeparatorRegion>
    <SeparatorRegion id="r_27" custom="readingOrder {index:29;}">
            <Coords points="1622,2201 1631,2201 1631,2351 1622,2351"/>
        </SeparatorRegion>
    <SeparatorRegion id="r_28" custom="readingOrder {index:30;}">
            <Coords points="3163,251 3177,251 3177,4133 3163,4133"/>
        </SeparatorRegion>
    <SeparatorRegion id="r_29" custom="readingOrder {index:31;}">
            <Coords points="3487,2879 3498,2879 3498,3128 3487,3128"/>
        </SeparatorRegion>
    <SeparatorRegion id="r_30" custom="readingOrder {index:32;}">
            <Coords points="3499,1559 3510,1559 3510,1854 3499,1854"/>
        </SeparatorRegion>
    <SeparatorRegion id="r_31" custom="readingOrder {index:33;}">
            <Coords points="3483,3524 3489,3524 3489,3573 3483,3573"/>
        </SeparatorRegion>
    <SeparatorRegion id="r_32" custom="readingOrder {index:34;}">
            <Coords points="3499,2221 3502,2221 3502,2315 3499,2315"/>
        </SeparatorRegion>
  </Page>
</PcGts>