1971 3146
1179 433 1324 484 - 8 -

642 511 1856 570 40. FLORIAN (Jean-Pierre Claris de), le célèbre fabuliste,

743 562 1788 612 membre de l’Académie française, n. 1755, m. 1794.

776 637 1168 679 L. a. s., 1 p. 1/2 in-8.

757 704 1857 748 Intéressante lettre où il dit qu’il reste enfermé chez lui pour

722 739 1855 783 s’occuper de sa notice sur Voltaire. « Ce nom de Voltaire a bien

720 774 1856 816 embelli mon ouvrage; il tachera qu’il fasse pleurer ceux qui entendront

720 810 1152 844 le récit de ses bienfaits. »

637 890 1423 944 41. FLORIAN (Jean-Pierre Claris de).

772 968 1804 1013 La Sauterelle, fable autographe, 3 p. in-8. Très jolie pièce.

637 1051 1856 1108 42. FLOTOW (Friedrich-Ferdinand de), célèbre composi¬

736 1102 1852 1157 teur de musique allemand, auteur de Martha, n. 1812,

736 1156 912 1191 m. 1883.

775 1226 1851 1276 L. a. s., en français, à Léon Escudier; Paris, 5 mars 1878,

732 1270 894 1310 2 p. in-4.

754 1334 1851 1376 Très belle lettre où il fait l’historique de son ouvrage Zora l'enchan¬

719 1371 1240 1409 teresse. Il parle aussi de Martha.

637 1450 1850 1504 43. FONTENELLE (Bernard Le Bouyer de), célèbre écri¬

734 1501 1846 1555 vain, mathématicien et philosophe, neveu de Corneille,

734 1549 1782 1599 membre de l'Académie française, n. 1657, m. 1757.

774 1630 1640 1672 L. a. s. à M. de Mairan; jeudi 16,1 p. in-8. Rare.

750 1695 1846 1736 Jolie lettre relative à la pension de l’abbé de Genest, de l’Académie

715 1732 870 1769 française.

633 1812 1843 1868 44. FOSCOLO (Ugo), célèbre poète et écrivain italien,

729 1865 1091 1909 n. 1778, m. 1827.

766 1938 1843 1983 L. a. s. à Ugo Brunetti; 23 décembre (1807), 1 p. in-4. Belle

725 1978 827 2008 lettre.

630 2061 1844 2117 45. FRAGONARD (Jean-Honoré), célèbre peintre, élève de

727 2112 1285 2159 Boucher, n. 1732, m. 1806.

764 2188 1843 2235 P. a. s. ; Paris, 26 nivôse an VI (15 janvier 1798), 1 p. in-8

728 2228 963 2266 oblong. Rare.

744 2294 1838 2340 Il donne reçu de la somme de 14 pièces d’or qui lui a été payée

709 2330 1452 2368 pour deux dessins des Contes de La Fontaine.
