<?xml version="1.0" encoding="UTF-8"?>
<PcGts xmlns="http://schema.primaresearch.org/PAGE/gts/pagecontent/2013-07-15" xmlns:xsi="http://www.w3.org/2001/XMLSchema-instance" xmlns:xs="http://www.w3.org/2001/XMLSchema" xmlns:pr="http://schema.primaresearch.org/PAGE/gts/pagecontent/2013-07-15" xsi:schemaLocation="http://schema.primaresearch.org/PAGE/gts/pagecontent/2013-07-15 http://schema.primaresearch.org/PAGE/gts/pagecontent/2013-07-15/pagecontent.xsd">
  <Metadata>
        <Creator/>
        <Created>2019-02-18T15:51:39.316+01:00</Created>
        <LastChange>2019-05-19T22:38:52.932+02:00</LastChange>
        <Comments>
                Measurement unit: pixel
                PrimaryLanguage: English
                Language: FrenchStandard
                Language: EnglishUnitedStates
                Producer: ABBYY FineReader Engine 11</Comments>
        <TranskribusMetadata docId="164171" pageId="6046504" pageNr="9" tsid="10278774" status="DONE" userId="10612" imgUrl="https://files.transkribus.eu/Get?id=QCBKFMCBISISMPAELQXWYJJP&amp;fileType=view" xmlUrl="https://files.transkribus.eu/Get?id=PXEGWENORCSYBWBJSZBXRSNT" imageId="2780593"/>
    </Metadata>
  <Page imageFilename="1896_05_30_ETI-9.png" imageWidth="2179" imageHeight="3146">
    <PrintSpace>
            <Coords points="-259,475 1753,475 1753,3313 -259,3313"/>
        </PrintSpace>
    <ReadingOrder>
            <OrderedGroup id="ro_1604141134730" caption="Regions reading order">
                <RegionRefIndexed index="0" regionRef="r_2_1"/>
                <RegionRefIndexed index="1" regionRef="r_2_2"/>
                <RegionRefIndexed index="2" regionRef="r_2_3"/>
                <RegionRefIndexed index="3" regionRef="r_2_4"/>
                <RegionRefIndexed index="4" regionRef="r_2_5"/>
                <RegionRefIndexed index="5" regionRef="r_2_6"/>
                <RegionRefIndexed index="6" regionRef="r_2_7"/>
                <RegionRefIndexed index="7" regionRef="r_2_8"/>
                <RegionRefIndexed index="8" regionRef="r_2_9"/>
                <RegionRefIndexed index="9" regionRef="r_2_10"/>
                <RegionRefIndexed index="10" regionRef="r_2_11"/>
                <RegionRefIndexed index="11" regionRef="r_2_12"/>
                <RegionRefIndexed index="12" regionRef="r_2_13"/>
                <RegionRefIndexed index="13" regionRef="r_2_14"/>
            </OrderedGroup>
        </ReadingOrder>
    <TextRegion type="paragraph" id="r_2_1" custom="readingOrder {index:0;}">
      <Coords points="819,443 943,443 943,470 819,470"/>
      <TextLine id="tl_2" primaryLanguage="English" custom="structure {type:default;} readingOrder {index:0;}">
        <Coords points="820,444 942,444 942,469 820,469"/>
        <Baseline points="820,462 854,462 890,469 942,463"/>
        <Word id="w_w2aab1b3b2b1b1ab1">
          <Coords points="820,444 942,444 942,469 820,469"/>
          <TextEquiv>
            <Unicode>— 7 —</Unicode>
          </TextEquiv>
          <TextStyle fontFamily="Times New Roman" fontSize="11.0"/>
        </Word>
      </TextLine>
    </TextRegion>
    <TextRegion type="paragraph" id="r_2_2" custom="readingOrder {index:1;}">
      <Coords points="288,513 1508,513 1508,663 288,663"/>
      <TextLine id="tl_3" primaryLanguage="English" custom="structure {type:default;} readingOrder {index:0;}">
        <Coords points="289,514 1507,514 1507,567 289,567"/>
        <Baseline points="289,556 343,554 436,554 674,552 938,562 1089,554 1289,558 1440,552 1507,552"/>
        <Word id="w_w2aab1b3b2b3b1ab1">
          <Coords points="289,514 1507,514 1507,567 289,567"/>
          <TextEquiv>
            <Unicode>35. DU CHASTEL (Tanneguy), habile guerrier, prévôt de</Unicode>
          </TextEquiv>
          <TextStyle fontFamily="Times New Roman" fontSize="13.0"/>
        </Word>
      </TextLine>
      <TextLine id="tl_4" primaryLanguage="English" custom="structure {type:default;} readingOrder {index:1;}">
        <Coords points="382,563 1507,563 1507,616 382,616"/>
        <Baseline points="382,603 494,610 574,600 705,601 753,601 936,602 1109,603 1185,600 1279,602 1342,601 1507,600"/>
        <Word id="w_w2aab1b3b2b3b3ab1">
          <Coords points="382,563 1507,563 1507,616 382,616"/>
          <TextEquiv>
            <Unicode>Paris, qui sauva le dauphin Charles VII lors de l’entrée</Unicode>
          </TextEquiv>
          <TextStyle fontFamily="Times New Roman" fontSize="13.0"/>
        </Word>
      </TextLine>
      <TextLine id="tl_5" primaryLanguage="English" custom="structure {type:default;} readingOrder {index:2;}">
        <Coords points="382,613 1504,613 1504,662 382,662"/>
        <Baseline points="382,652 443,651 738,649 840,651 959,651 1019,651 1143,660 1192,650 1318,654 1381,649 1504,648"/>
        <Word id="w_w2aab1b3b2b3b5ab1">
          <Coords points="382,613 1504,613 1504,662 382,662"/>
          <TextEquiv>
            <Unicode>des Bourguignons dans Paris en 1418, n. 1369, m. 1449.</Unicode>
          </TextEquiv>
          <TextStyle fontFamily="Times New Roman" fontSize="13.0"/>
        </Word>
      </TextLine>
    </TextRegion>
    <TextRegion type="paragraph" id="r_2_3" custom="readingOrder {index:2;}">
      <Coords points="379,687 1505,687 1505,772 379,772"/>
      <TextLine id="tl_6" primaryLanguage="English" custom="structure {type:default;} readingOrder {index:0;}">
        <Coords points="421,688 1504,688 1504,731 421,731"/>
        <Baseline points="421,720 453,721 506,727 562,719 670,726 746,719 861,730 906,721 985,720 1173,728 1215,719 1314,717 1426,725 1456,718 1504,718"/>
        <Word id="w_w2aab1b3b2b5b1ab1">
          <Coords points="421,688 1504,688 1504,731 421,731"/>
          <TextEquiv>
            <Unicode>L. s., en latin, sur vélin, à son trésorier; 4 avril 1448, 1 p.</Unicode>
          </TextEquiv>
          <TextStyle fontFamily="Times New Roman" fontSize="11.0"/>
        </Word>
      </TextLine>
      <TextLine id="tl_7" primaryLanguage="English" custom="structure {type:default;} readingOrder {index:1;} textStyle {offset:17; length:21;italic:true; fontSize:0.0; kerning:0;}">
        <Coords points="380,728 1039,728 1039,771 380,771"/>
        <Baseline points="380,762 506,760 540,761 803,760 846,760 932,760 1039,760"/>
        <Word id="w_w2aab1b3b2b5b3ab1">
          <Coords points="380,728 1039,728 1039,771 380,771"/>
          <TextEquiv>
            <Unicode>in-folio oblong. Superbe et rare pièce.</Unicode>
          </TextEquiv>
        </Word>
      </TextLine>
    </TextRegion>
    <TextRegion type="paragraph" id="r_2_4" custom="readingOrder {index:3;}">
      <Coords points="288,803 1504,803 1504,901 288,901"/>
      <TextLine id="tl_8" primaryLanguage="English" custom="structure {type:default;} readingOrder {index:0;}">
        <Coords points="289,804 1503,804 1503,855 289,855"/>
        <Baseline points="289,844 343,843 510,843 853,851 905,842 1065,842 1184,840 1381,849 1503,832"/>
        <Word id="w_w2aab1b3b2b7b1ab1">
          <Coords points="289,804 1503,804 1503,855 289,855"/>
          <TextEquiv>
            <Unicode>36. DUCIS (Jean-François), le célèbre poète tragique, mem¬</Unicode>
          </TextEquiv>
          <TextStyle fontFamily="Times New Roman" fontSize="13.0"/>
        </Word>
      </TextLine>
      <TextLine id="tl_9" primaryLanguage="English" custom="structure {type:default;} readingOrder {index:1;}">
        <Coords points="382,853 1334,853 1334,900 382,900"/>
        <Baseline points="382,892 446,892 510,892 748,891 954,898 1011,889 1139,897 1208,890 1334,889"/>
        <Word id="w_w2aab1b3b2b7b3ab1">
          <Coords points="382,853 1334,853 1334,900 382,900"/>
          <TextEquiv>
            <Unicode>bre de l’Académie française, n. 1733, m. 1816.</Unicode>
          </TextEquiv>
          <TextStyle fontFamily="Times New Roman" fontSize="13.0"/>
        </Word>
      </TextLine>
    </TextRegion>
    <TextRegion type="paragraph" id="r_2_5" custom="readingOrder {index:4;}">
      <Coords points="417,919 1507,919 1507,962 417,962"/>
      <TextLine id="tl_10" primaryLanguage="English" custom="structure {type:default;} readingOrder {index:0;}">
        <Coords points="418,920 1506,920 1506,961 418,961"/>
        <Baseline points="418,953 450,953 497,952 539,952 582,951 621,951 979,957 1037,951 1221,950 1326,955 1363,949 1410,949 1506,949"/>
        <Word id="w_w2aab1b3b2b9b1ab1">
          <Coords points="418,920 1506,920 1506,961 418,961"/>
          <TextEquiv>
            <Unicode>L. a. s. à Campenon; Versailles, 23 décembre 1813, 2 p. in-4.</Unicode>
          </TextEquiv>
        </Word>
      </TextLine>
    </TextRegion>
    <TextRegion type="paragraph" id="r_2_6" custom="readingOrder {index:5;}">
      <Coords points="364,985 1509,985 1509,1095 364,1095"/>
      <TextLine id="tl_11" primaryLanguage="English" custom="structure {type:default;} readingOrder {index:0;}">
        <Coords points="400,986 1506,986 1506,1025 400,1025"/>
        <Baseline points="400,1017 468,1016 551,1016 648,1014 698,1014 733,1014 829,1014 880,1015 940,1014 1105,1014 1152,1014 1336,1012 1506,1021"/>
        <Word id="w_w2aab1b3b2c11b1ab1">
          <Coords points="400,986 1506,986 1506,1025 400,1025"/>
          <TextEquiv>
            <Unicode>Très jolie lettre où il parle de ses confrères de l’Académie française,</Unicode>
          </TextEquiv>
          <TextStyle fontFamily="Times New Roman" fontSize="10.5"/>
        </Word>
      </TextLine>
      <TextLine id="tl_12" primaryLanguage="English" custom="structure {type:default;} readingOrder {index:1;} textStyle {offset:35; length:42;italic:true; fontSize:0.0; kerning:0;}">
        <Coords points="365,1022 1508,1022 1508,1061 365,1061"/>
        <Baseline points="365,1054 468,1060 581,1050 620,1050 721,1050 758,1051 853,1051 873,1051 898,1049 958,1050 1005,1057 1068,1050 1125,1050 1192,1049 1301,1048 1344,1049 1508,1049"/>
        <Word id="w_w2aab1b3b2c11b3ab1">
          <Coords points="365,1022 1508,1022 1508,1061 365,1061"/>
          <TextEquiv>
            <Unicode>Roger, Auger et Droz. Il signe : « Ducis, une clés sept étoiles de la pleyade</Unicode>
          </TextEquiv>
        </Word>
      </TextLine>
      <TextLine id="tl_13" primaryLanguage="English" custom="structure {type:default;} readingOrder {index:2;} textStyle {offset:0; length:14;italic:true; fontSize:0.0; kerning:0;}">
        <Coords points="365,1060 643,1060 643,1094 365,1094"/>
        <Baseline points="365,1089 402,1088 568,1087 643,1084"/>
        <Word id="w_w2aab1b3b2c11b5ab1">
          <Coords points="365,1060 643,1060 643,1094 365,1094"/>
          <TextEquiv>
            <Unicode>du Luxembourg. »</Unicode>
          </TextEquiv>
        </Word>
      </TextLine>
    </TextRegion>
    <TextRegion type="paragraph" id="r_2_7" custom="readingOrder {index:6;}">
      <Coords points="287,1128 1503,1128 1503,1218 287,1218"/>
      <TextLine id="tl_14" primaryLanguage="English" custom="structure {type:default;} readingOrder {index:0;}">
        <Coords points="288,1129 1502,1129 1502,1179 288,1179"/>
        <Baseline points="288,1170 343,1170 535,1168 814,1176 879,1166 1028,1165 1284,1172 1358,1163 1502,1172"/>
        <Word id="w_w2aab1b3b2c13b1ab1">
          <Coords points="288,1129 1502,1129 1502,1179 288,1179"/>
          <TextEquiv>
            <Unicode>37. DUMAS (Alexandre), le grand romancier, n. 1803,</Unicode>
          </TextEquiv>
          <TextStyle fontFamily="Times New Roman" fontSize="13.0"/>
        </Word>
      </TextLine>
      <TextLine id="tl_15" primaryLanguage="English" custom="structure {type:default;} readingOrder {index:1;}">
        <Coords points="380,1183 560,1183 560,1217 380,1217"/>
        <Baseline points="380,1217 428,1217 560,1215"/>
        <Word id="w_w2aab1b3b2c13b3ab1">
          <Coords points="380,1183 560,1183 560,1217 380,1217"/>
          <TextEquiv>
            <Unicode>m. 1870.</Unicode>
          </TextEquiv>
          <TextStyle fontFamily="Times New Roman" fontSize="13.0"/>
        </Word>
      </TextLine>
    </TextRegion>
    <TextRegion type="paragraph" id="r_2_8" custom="readingOrder {index:7;}">
      <Coords points="379,1242 1508,1242 1508,1319 379,1319"/>
      <TextLine id="tl_16" primaryLanguage="English" custom="structure {type:default;} readingOrder {index:0;} textStyle {offset:29; length:16;italic:true; fontSize:0.0; kerning:0;}">
        <Coords points="421,1243 1507,1243 1507,1286 421,1286"/>
        <Baseline points="421,1278 453,1278 499,1277 543,1277 601,1275 829,1276 868,1275 1042,1275 1079,1274 1346,1280 1386,1272 1431,1273 1507,1273"/>
        <Word id="w_w2aab1b3b2c15b1ab1">
          <Coords points="421,1243 1507,1243 1507,1286 421,1286"/>
          <TextEquiv>
            <Unicode>L. a. s. au propriétaire dti Mercure aptésien; (1864), 5 p. 1/2</Unicode>
          </TextEquiv>
        </Word>
      </TextLine>
      <TextLine id="tl_17" primaryLanguage="English" custom="structure {type:default;} readingOrder {index:1;}">
        <Coords points="380,1289 456,1289 456,1318 380,1318"/>
        <Baseline points="380,1317 456,1318"/>
        <Word id="w_w2aab1b3b2c15b3ab1">
          <Coords points="380,1289 456,1289 456,1318 380,1318"/>
          <TextEquiv>
            <Unicode>in-4.</Unicode>
          </TextEquiv>
          <TextStyle fontFamily="Times New Roman" fontSize="11.0"/>
        </Word>
      </TextLine>
    </TextRegion>
    <TextRegion type="paragraph" id="r_2_9" custom="readingOrder {index:8;}">
      <Coords points="366,1340 1508,1340 1508,1560 366,1560"/>
      <TextLine id="tl_18" primaryLanguage="English" custom="structure {type:default;} readingOrder {index:0;}">
        <Coords points="403,1341 1506,1341 1506,1380 403,1380"/>
        <Baseline points="403,1373 541,1372 645,1371 685,1371 744,1370 918,1370 973,1369 1110,1369 1180,1368 1273,1369 1447,1368 1506,1368"/>
        <Word id="w_w2aab1b3b2c17b1ab1">
          <Coords points="403,1341 1506,1341 1506,1380 403,1380"/>
          <TextEquiv>
            <Unicode>Curieuse lettre à un rédacteur de journal qui avait dénommé les</Unicode>
          </TextEquiv>
          <TextStyle fontFamily="Times New Roman" fontSize="10.5"/>
        </Word>
      </TextLine>
      <TextLine id="tl_19" primaryLanguage="English" custom="structure {type:default;} readingOrder {index:1;} textStyle {offset:28; length:36;italic:true; fontSize:0.0; kerning:0;}">
        <Coords points="367,1377 1503,1377 1503,1416 367,1416"/>
        <Baseline points="367,1409 508,1408 726,1406 865,1412 886,1405 1145,1404 1206,1404 1316,1403 1464,1403 1503,1411"/>
        <Word id="w_w2aab1b3b2c17b3ab1">
          <Coords points="367,1377 1503,1377 1503,1416 367,1416"/>
          <TextEquiv>
            <Unicode>ouvrages d’Alexandre Dumas, les élucubrations du grand Alexandre,</Unicode>
          </TextEquiv>
        </Word>
      </TextLine>
      <TextLine id="tl_20" primaryLanguage="English" custom="structure {type:default;} readingOrder {index:2;}">
        <Coords points="368,1412 1506,1412 1506,1452 368,1452"/>
        <Baseline points="368,1444 396,1444 461,1443 553,1443 671,1442 730,1441 948,1440 1070,1440 1176,1440 1223,1439 1298,1438 1506,1438"/>
        <Word id="w_w2aab1b3b2c17b5ab1">
          <Coords points="368,1412 1506,1412 1506,1452 368,1452"/>
          <TextEquiv>
            <Unicode>et qui avait félicité ses compatriotes d'avoir écarté de leur bibliothèque</Unicode>
          </TextEquiv>
          <TextStyle fontFamily="Times New Roman" fontSize="10.5"/>
        </Word>
      </TextLine>
      <TextLine id="tl_21" primaryLanguage="English" custom="structure {type:default;} readingOrder {index:3;}">
        <Coords points="367,1447 1507,1447 1507,1487 367,1487"/>
        <Baseline points="367,1479 407,1480 533,1478 582,1477 614,1486 881,1477 902,1476 971,1475 1115,1476 1183,1476 1241,1475 1406,1475 1507,1473"/>
        <Word id="w_w2aab1b3b2c17b7ab1">
          <Coords points="367,1447 1507,1447 1507,1487 367,1487"/>
          <TextEquiv>
            <Unicode>les œuvres du grand romancier. il lui rappelle que les habitants d’Apt</Unicode>
          </TextEquiv>
        </Word>
      </TextLine>
      <TextLine id="tl_22" primaryLanguage="English" custom="structure {type:default;} readingOrder {index:4;}">
        <Coords points="367,1483 1507,1483 1507,1523 367,1523"/>
        <Baseline points="367,1515 448,1514 514,1514 664,1512 715,1512 758,1512 867,1512 1004,1512 1047,1511 1081,1512 1122,1511 1217,1511 1283,1509 1321,1510 1420,1510 1507,1510"/>
        <Word id="w_w2aab1b3b2c17b9ab1">
          <Coords points="367,1483 1507,1483 1507,1523 367,1523"/>
          <TextEquiv>
            <Unicode>n’ont pas toujours eu la même opinion et il le raille sur la façon dont</Unicode>
          </TextEquiv>
          <TextStyle fontFamily="Times New Roman" fontSize="10.5"/>
        </Word>
      </TextLine>
      <TextLine id="tl_23" primaryLanguage="English" custom="structure {type:default;} readingOrder {index:5;}">
        <Coords points="367,1522 778,1522 778,1559 367,1559"/>
        <Baseline points="367,1551 418,1551 555,1550 615,1548 778,1548"/>
        <Word id="w_w2aab1b3b2c17c11ab1">
          <Coords points="367,1522 778,1522 778,1559 367,1559"/>
          <TextEquiv>
            <Unicode>son journal est composé.</Unicode>
          </TextEquiv>
          <TextStyle fontFamily="Times New Roman" fontSize="10.5"/>
        </Word>
      </TextLine>
    </TextRegion>
    <TextRegion type="paragraph" id="r_2_10" custom="readingOrder {index:9;}">
      <Coords points="289,1590 1506,1590 1506,1742 289,1742"/>
      <TextLine id="tl_24" primaryLanguage="English" custom="structure {type:default;} readingOrder {index:0;}">
        <Coords points="290,1591 1505,1591 1505,1643 290,1643"/>
        <Baseline points="290,1632 344,1631 850,1628 1071,1634 1232,1628 1334,1626 1393,1626 1505,1627"/>
        <Word id="w_w2aab1b3b2c19b1ab1">
          <Coords points="290,1591 1505,1591 1505,1643 290,1643"/>
          <TextEquiv>
            <Unicode>38. DUPLESSIS-MORNAY (Philippe), illustre chef du parti</Unicode>
          </TextEquiv>
          <TextStyle fontFamily="Times New Roman" fontSize="13.0"/>
        </Word>
      </TextLine>
      <TextLine id="tl_25" primaryLanguage="English" custom="structure {type:default;} readingOrder {index:1;}">
        <Coords points="381,1640 1505,1640 1505,1692 381,1692"/>
        <Baseline points="381,1692 596,1683 688,1677 740,1678 952,1676 1013,1676 1140,1676 1220,1685 1451,1676 1505,1676"/>
        <Word id="w_w2aab1b3b2c19b3ab1">
          <Coords points="381,1640 1505,1640 1505,1692 381,1692"/>
          <TextEquiv>
            <Unicode>protestant, ami et conseiller de Henri IV, surnommé le</Unicode>
          </TextEquiv>
          <TextStyle fontFamily="Times New Roman" fontSize="13.0"/>
        </Word>
      </TextLine>
      <TextLine id="tl_26" primaryLanguage="English" custom="structure {type:default;} readingOrder {index:2;} textStyle {offset:0; length:18;italic:true; fontSize:0.0; kerning:0;}">
        <Coords points="380,1691 1173,1691 1173,1741 380,1741"/>
        <Baseline points="380,1730 479,1730 551,1729 609,1727 796,1735 851,1726 978,1733 1047,1725 1173,1725"/>
        <Word id="w_w2aab1b3b2c19b5ab1">
          <Coords points="380,1691 1173,1691 1173,1741 380,1741"/>
          <TextEquiv>
            <Unicode>Pape des Huguenots, n. 1349, m. 1623.</Unicode>
          </TextEquiv>
        </Word>
      </TextLine>
    </TextRegion>
    <TextRegion type="paragraph" id="r_2_11" custom="readingOrder {index:10;}">
      <Coords points="380,1763 1504,1763 1504,1848 380,1848"/>
      <TextLine id="tl_27" primaryLanguage="English" custom="structure {type:default;} readingOrder {index:0;}">
        <Coords points="419,1764 1503,1764 1503,1806 419,1806"/>
        <Baseline points="419,1797 451,1798 498,1798 541,1799 776,1803 943,1803 999,1794 1078,1794 1178,1801 1209,1794 1253,1794 1403,1795 1503,1794"/>
        <Word id="w_w2aab1b3b2c21b1ab1">
          <Coords points="419,1764 1503,1764 1503,1806 419,1806"/>
          <TextEquiv>
            <Unicode>L. a. s. àVillarnoul; Saumur, 30 juin 1610, 1 p. in-folio. Belle</Unicode>
          </TextEquiv>
          <TextStyle fontFamily="Times New Roman" fontSize="11.0"/>
        </Word>
      </TextLine>
      <TextLine id="tl_28" primaryLanguage="English" custom="structure {type:default;} readingOrder {index:1;}">
        <Coords points="381,1810 475,1810 475,1847 381,1847"/>
        <Baseline points="381,1847 475,1838"/>
        <Word id="w_w2aab1b3b2c21b3ab1">
          <Coords points="381,1810 475,1810 475,1847 381,1847"/>
          <TextEquiv>
            <Unicode>pièce.</Unicode>
          </TextEquiv>
          <TextStyle fontFamily="Times New Roman" fontSize="11.0"/>
        </Word>
      </TextLine>
    </TextRegion>
    <TextRegion type="paragraph" id="r_2_12" custom="readingOrder {index:11;}">
      <Coords points="286,1874 1505,1874 1505,2020 286,2020"/>
      <TextLine id="tl_29" primaryLanguage="English" custom="structure {type:default;} readingOrder {index:0;}">
        <Coords points="287,1875 1504,1875 1504,1932 287,1932"/>
        <Baseline points="287,1920 341,1920 555,1920 642,1919 837,1918 905,1918 1076,1925 1234,1917 1432,1925 1503,1916"/>
        <Word id="w_w2aab1b3b2c23b1ab1">
          <Coords points="287,1875 1504,1875 1504,1932 287,1932"/>
          <TextEquiv>
            <Unicode>39. EUGÈNE DE SAVOIE (le prince), illustre guerrier, un</Unicode>
          </TextEquiv>
          <TextStyle fontFamily="Times New Roman" fontSize="13.0"/>
        </Word>
      </TextLine>
      <TextLine id="tl_30" primaryLanguage="English" custom="structure {type:default;} readingOrder {index:1;}">
        <Coords points="382,1929 1503,1929 1503,1981 382,1981"/>
        <Baseline points="382,1969 443,1969 542,1969 791,1968 1036,1965 1097,1965 1221,1966 1325,1974 1374,1965 1503,1973"/>
        <Word id="w_w2aab1b3b2c23b3ab1">
          <Coords points="382,1929 1503,1929 1503,1981 382,1981"/>
          <TextEquiv>
            <Unicode>des plus redoutables adversaires de Louis XIV, n. 1663,</Unicode>
          </TextEquiv>
          <TextStyle fontFamily="Times New Roman" fontSize="13.0"/>
        </Word>
      </TextLine>
      <TextLine id="tl_31" primaryLanguage="English" custom="structure {type:default;} readingOrder {index:2;}">
        <Coords points="381,1984 560,1984 560,2019 381,2019"/>
        <Baseline points="381,2017 428,2018 560,2018"/>
        <Word id="w_w2aab1b3b2c23b5ab1">
          <Coords points="381,1984 560,1984 560,2019 381,2019"/>
          <TextEquiv>
            <Unicode>m. 1736.</Unicode>
          </TextEquiv>
          <TextStyle fontFamily="Times New Roman" fontSize="13.0"/>
        </Word>
      </TextLine>
    </TextRegion>
    <TextRegion type="paragraph" id="r_2_13" custom="readingOrder {index:12;}">
      <Coords points="377,2044 1503,2044 1503,2130 377,2130"/>
      <TextLine id="tl_32" primaryLanguage="English" custom="structure {type:default;} readingOrder {index:0;}">
        <Coords points="421,2045 1502,2045 1502,2087 421,2087"/>
        <Baseline points="421,2078 451,2079 503,2078 560,2084 624,2078 792,2082 872,2077 954,2076 1012,2075 1156,2083 1230,2074 1292,2074 1502,2083"/>
        <Word id="w_w2aab1b3b2c25b1ab1">
          <Coords points="421,2045 1502,2045 1502,2087 421,2087"/>
          <TextEquiv>
            <Unicode>L. a. s., en français, (au duc de Savoie, roi de Sardaigne,</Unicode>
          </TextEquiv>
          <TextStyle fontFamily="Times New Roman" fontSize="11.0"/>
        </Word>
      </TextLine>
      <TextLine id="tl_33" primaryLanguage="English" custom="structure {type:default;} readingOrder {index:1;}">
        <Coords points="378,2084 1388,2084 1388,2129 378,2129"/>
        <Baseline points="378,2120 483,2118 629,2119 694,2125 854,2125 910,2120 990,2115 1094,2122 1128,2114 1173,2116 1242,2115 1388,2114"/>
        <Word id="w_w2aab1b3b2c25b3ab1">
          <Coords points="378,2084 1388,2084 1388,2129 378,2129"/>
          <TextEquiv>
            <Unicode>Victor Amédée II); Rastadt, 23 juin 1701, 3 p. 1/2 in-folio.</Unicode>
          </TextEquiv>
          <TextStyle fontFamily="Times New Roman" fontSize="11.0"/>
        </Word>
      </TextLine>
    </TextRegion>
    <TextRegion type="paragraph" id="r_2_14" custom="readingOrder {index:13;}">
      <Coords points="364,2150 1505,2150 1505,2360 364,2360"/>
      <TextLine id="tl_34" primaryLanguage="English" custom="structure {type:default;} readingOrder {index:0;}">
        <Coords points="401,2151 1501,2151 1501,2189 401,2189"/>
        <Baseline points="401,2181 569,2182 683,2181 713,2181 938,2178 972,2179 1080,2178 1196,2178 1285,2177 1501,2184"/>
        <Word id="w_w2aab1b3b2c27b1ab1">
          <Coords points="401,2151 1501,2151 1501,2189 401,2189"/>
          <TextEquiv>
            <Unicode>IMPORTANTE LETTRE HISTORIQUE. S’il a quitté l’Italie pour l’Allemagne,</Unicode>
          </TextEquiv>
        </Word>
      </TextLine>
      <TextLine id="tl_35" primaryLanguage="English" custom="structure {type:default;} readingOrder {index:1;}">
        <Coords points="365,2186 1504,2186 1504,2225 365,2225"/>
        <Baseline points="365,2216 432,2217 524,2217 621,2216 867,2215 980,2213 1124,2214 1208,2214 1243,2214 1470,2213 1504,2214"/>
        <Word id="w_w2aab1b3b2c27b3ab1">
          <Coords points="365,2186 1504,2186 1504,2225 365,2225"/>
          <TextEquiv>
            <Unicode>c’est pour aider indirectement Victor Amédée qu’il a recommandé à</Unicode>
          </TextEquiv>
          <TextStyle fontFamily="Times New Roman" fontSize="10.5"/>
        </Word>
      </TextLine>
      <TextLine id="tl_36" primaryLanguage="English" custom="structure {type:default;} readingOrder {index:2;}">
        <Coords points="365,2221 1502,2221 1502,2262 365,2262"/>
        <Baseline points="365,2252 552,2252 597,2251 633,2252 876,2258 913,2250 1048,2249 1093,2249 1235,2250 1291,2249 1381,2249 1446,2248 1502,2249"/>
        <Word id="w_w2aab1b3b2c27b5ab1">
          <Coords points="365,2221 1502,2221 1502,2262 365,2262"/>
          <TextEquiv>
            <Unicode>Malborough et à Stahremberg; il redoute le passage du Rhin par les</Unicode>
          </TextEquiv>
          <TextStyle fontFamily="Times New Roman" fontSize="10.5"/>
        </Word>
      </TextLine>
      <TextLine id="tl_37" primaryLanguage="English" custom="structure {type:default;} readingOrder {index:3;}">
        <Coords points="366,2256 1502,2256 1502,2297 366,2297"/>
        <Baseline points="366,2287 512,2295 615,2289 708,2287 791,2286 850,2286 1009,2284 1061,2284 1156,2285 1201,2285 1294,2283 1360,2284 1502,2285"/>
        <Word id="w_w2aab1b3b2c27b7ab1">
          <Coords points="366,2256 1502,2256 1502,2297 366,2297"/>
          <TextEquiv>
            <Unicode>Français, parce qu’il leur est inférieur en force et n’est pas soutenu</Unicode>
          </TextEquiv>
          <TextStyle fontFamily="Times New Roman" fontSize="10.5"/>
        </Word>
      </TextLine>
      <TextLine id="tl_38" primaryLanguage="English" custom="structure {type:default;} readingOrder {index:4;}">
        <Coords points="367,2287 1502,2287 1502,2332 367,2332"/>
        <Baseline points="367,2331 418,2323 474,2324 602,2323 623,2330 660,2322 783,2322 860,2322 993,2319 1157,2321 1247,2321 1433,2320 1502,2320"/>
        <Word id="w_w2aab1b3b2c27b9ab1">
          <Coords points="367,2287 1502,2287 1502,2332 367,2332"/>
          <TextEquiv>
            <Unicode>par lés Danois ; il espère que Verceil résistera plus longtemps que</Unicode>
          </TextEquiv>
          <TextStyle fontFamily="Times New Roman" fontSize="10.5"/>
        </Word>
      </TextLine>
      <TextLine id="tl_39" primaryLanguage="English" custom="structure {type:default;} readingOrder {index:5;}">
        <Coords points="368,2334 447,2334 447,2359 368,2359"/>
        <Baseline points="368,2358 447,2359"/>
        <Word id="w_w2aab1b3b2c27c11ab1">
          <Coords points="368,2334 447,2334 447,2359 368,2359"/>
          <TextEquiv>
            <Unicode>Suse.</Unicode>
          </TextEquiv>
          <TextStyle fontFamily="Times New Roman" fontSize="10.5"/>
        </Word>
      </TextLine>
    </TextRegion>
    <SeparatorRegion id="r_5" custom="readingOrder {index:14;}">
            <Coords points="1331,77 1504,77 1504,83 1331,83"/>
        </SeparatorRegion>
    <SeparatorRegion id="r_6" custom="readingOrder {index:15;}">
            <Coords points="1614,76 1865,76 1865,81 1614,81"/>
        </SeparatorRegion>
    <SeparatorRegion id="r_7" custom="readingOrder {index:16;}">
            <Coords points="704,2880 1862,2880 1862,2905 704,2905"/>
        </SeparatorRegion>
    <SeparatorRegion id="r_8" custom="readingOrder {index:17;}">
            <Coords points="87,303 112,303 112,2726 87,2726"/>
        </SeparatorRegion>
    <SeparatorRegion id="r_9" custom="readingOrder {index:18;}">
            <Coords points="2064,153 2079,153 2079,374 2064,374"/>
        </SeparatorRegion>
    <SeparatorRegion id="r_10" custom="readingOrder {index:19;}">
            <Coords points="2071,818 2082,818 2082,973 2071,973"/>
        </SeparatorRegion>
    <SeparatorRegion id="r_11" custom="readingOrder {index:20;}">
            <Coords points="2078,626 2080,626 2080,761 2078,761"/>
        </SeparatorRegion>
    <SeparatorRegion id="r_12" custom="readingOrder {index:21;}">
            <Coords points="2086,2593 2099,2593 2099,2790 2086,2790"/>
        </SeparatorRegion>
  </Page>
</PcGts>
