1971 3146
1137 450 1278 477 — 10 —

613 517 1829 580 52. GIRARDON (François), le grand sculpteur, un des déco¬

709 570 1530 622 rateurs de Versailles, n. 1628, m. 1715.

749 646 1428 695 L. a. s.; 2 mars 1693, 1 p. in-4. Rare.

731 707 1833 759 Il indique le nom de deux sculpteurs, Vivien et Maubeuge, qui out

697 753 1229 796 la réputation d’être très habiles.

616 820 1834 886 53. GLINKA (Michel), célèbre compositeur de musique

718 883 1224 931 russe, n. 1804, m. 1857.

756 947 1832 1001 L. a. s., en italien, à M. Cerri; 14 septembre (1832), 1 p. in-8.

713 1002 804 1033 Rare.

737 1055 1835 1105 Belle lettre où il demande une copie d’un mol il de la Sonnambula.

617 1135 1838 1202 54. GOETHE (Jean-Wolfgang), un des plus grands écrivains

716 1192 1409 1249 de l'Allemagne, n. 1749, m. 1832.

753 1263 1692 1315 P. a. s.; léna, 18 juillet 1811, 1/2 p. in-4. Belle pièce.

618 1347 1839 1411 55. GREVY (Jules), célèbre homme politique, troisième pré¬

716 1398 1787 1459 sident de la République française, n. 1807, m. 1891.

756 1478 1426 1525 L. a. s. à M. Millières, 1 p. in-8. Rare.

618 1554 1840 1623 56. GRIMM (Frédéric-Melchior, baron de), célèbre critique

719 1605 1838 1665 et écrivain, auteur de la Correspondance littéraire,

720 1669 1084 1714 n. 1723, m. 1807.

758 1731 1839 1784 L. a. s. au baron de Branc ; Paris, 22 janvier 1755. 1 p. 1/2 in-8.

716 1785 914 1817 Jolie lettre.

623 1856 1841 1918 57. GUIZOT (François-Guillaume), célèbre historien, mi¬

722 1906 1842 1967 nistre de Louis-Philippe, membre de l'Académie

722 1964 1313 2014 française, n. 1787, m. 1874.

765 2031 1606 2085 L. a. s. (à M. Bérard) ; samedi 16, 2 p. 1/2 in-4.

748 2097 1846 2148 Importante lettre relative à la fondation d’une Sociélé pour la

710 2133 1848 2185 publication de textes sur l’histoire de France. « Les compilations des

712 2168 1848 2219 érudits et les combinaisons systématiques des philosophes ne nous

711 2204 1848 2255 contentent plus. Nous voulons connaître les mœurs et les événements

713 2239 1848 2289 des tems anciens dans leur simplicité, avec leurs formes et sous leurs

711 2275 1848 2327 couleurs natives. » Il trace le plan d’une suite de publications composée

712 2312 1845 2363 par l’impression des œuvres laissées parles chroniqueurs qui ont vécu

712 2353 1365 2391 du Ve au XVe siècle. Intéressants détails.
