2179 3146
781 463 931 499 - 5 -

263 541 690 577 23. CATHERINE II.

393 603 1476 647 L. a. s. Sophie, en français, au maréchal von Plessen ; Zerbst,

353 645 1321 689 29 mai 1743, 2 p. in-4. Rare. (Collection von der Tann.)

376 702 1480 741 PRÉCIEUSE LETTRE, écrite comme princesse d’Anhalt-Zerbst, au sujet

341 738 1268 776 de compliments qu'elle doit adresser à un de ses oncles.

266 809 1479 861 24. CHARLES XII, roi de Suède, illustre guerrier, adver¬

358 858 1291 907 saire de Pierre le Grand, n. 1682, tué en 1718.

394 925 1479 968 L. a. s., en français (à Louis XIV); Stralsund, 13 décembre

359 967 775 1008 1714, 1/2 p. in-4. Rare.

377 1023 1481 1061 PRÉCIEUSE PIÈCE Il lui annonce l'envoi du baron de Sparre qui est

342 1059 1304 1098 chargé de ses instructions pour négocier un traité de paix.

266 1129 1481 1182 25. CHATEAUBRIAND (François-René, vicomte de), l’il¬

358 1178 1478 1228 lustre écrivain, membre de l’Académie française,

360 1235 723 1277 n. 1768, m. 1848.

393 1294 1479 1337 L. a. s. à une demoiselle ; Londres, 28 mai 1823, 1 p. 1/2 in-4.

377 1351 1480 1391 Belle lettre où il déclare que la famille de son beau-frère n’habite

343 1387 1479 1428 pas l’Angleterre et qu'elle se trouve dans une situation peu heureuse.

267 1454 1482 1513 26. CHÉNIER (Marie-Joseph de), frère cadet d’André Ché¬

359 1507 1481 1559 nier, conventionnel, auteur dramatique, membre de

358 1559 1168 1607 l’Académie française, n. 1764, m. 1811.

395 1624 1208 1667 L. a. s. à un confrère; 12 juin 1806, 1 p. in-8.

377 1680 1481 1721 Intéressante lettre où il parle de ses études relatives à l’instruction

344 1716 1481 1757 publique sur lesquelles il appelle l'attention du gouvernement. Il

344 1751 1446 1793 déclare qu’il est urgent pour lui de trouver des moyens d’existence.

266 1824 1479 1878 27. CHERUBINI (Louis), célèbre compositeur de musique,

359 1881 714 1923 n. 1760, m. 1842.

396 1940 1231 1983 Morceau de musique aut. sig., 1 p. in-8 oblong.

377 2002 766 2038 C’est un sujet de fugue.

267 2068 1481 2123 28. CHOPIN (Frédéric), célèbre pianiste et compositeur de

361 2121 921 2170 musique, n. 1810, m. 1849.

402 2183 1479 2228 L. a. s. (à Franchomme); Nohant (4 juillet 1844), 1 p. in-8.

361 2228 527 2259 Très rare.

381 2276 1482 2317 PRÉCIEUSE PIÈCE, relative à la publication d’une de ses œuvres dont

349 2312 1480 2352 il demande 600 francs. En post-scriptum Chopin fait mention de

348 2351 559 2389 George Sand.
