1971 3146
1165 482 1306 515 - 6 -

635 549 1834 608 29. CONDÉ (Henri II de Bourbon, prince de), célèbre chef

731 602 1838 667 protestant, père du Grand Condé, chef du Conseil de

731 654 1829 706 Régence après la morl de Louis XIII, n. 1588, m. 1646.

769 721 1829 772 L. a. s. au pape (Urbain VIII) ; Paris, 9 novembre 1645, 1 p,

733 765 1196 801 in-folio, adresse et cachet.

750 818 1830 859 SUPERBE LETTRE où il le supplie de considérer les intérêts de la France

714 855 1627 893 avec autant d’affection que l'ont fait ses prédécesseurs.

634 922 1830 979 30. DANTON (Georges), le célèbre conventionnel, n. 1759,

731 961 1830 1023 décapité en 1794.

771 1039 1773 1080 P. s.; Paris, 22 août 1792, 3 p. 1/4 in-folio, cachet. Rare.

754 1095 1825 1136 Signature apposée sur une copie conforme de la loi du 20 août 1792

719 1126 1831 1172 réglementant le service des troupes suisses au service de la France.

635 1196 1850 1250 31. DASCHKOW (Catherine Romanofna, princesse), favorite

734 1247 1831 1299 de l’impératrice Catherine II, qui lui dut son avènement

733 1302 1291 1345 au trône, n. 1744, m. 1810.

772 1363 1830 1410 L. a. s., en français, au R. P. Hermengilde Pini; Pise,

734 1403 1565 1447 10 juillet, 1 p. in-4. Très rare, (Coll. A. Bovet.)

755 1461 1831 1499 Belle lettre de remerciements du cadeau qu’il lui a envoyé. « Vous

720 1497 1831 1536 m’obligeriez infiniment si vous me donniez quelques renseignements

720 1533 1831 1570 sur les endroits de l’Italie qui me restent à voir où je puisse trouver

722 1568 1830 1608 des choses qui regardent l’histoire naturelle. » Très jolie lettre au

719 1604 1830 1645 point de vue des relations littéraires qui unissaient les beaux esprits

721 1644 973 1679 à cette époque.

640 1708 1829 1760 32. DICKENS (Charles), le célèbre romancier anglais,

735 1762 1093 1803 n. 1812, m. 1870.

774 1823 1830 1867 L. a. s. D (à son frère Fred); Londres, 28 février 1848,

735 1866 1171 1905 1 p. 1/2 in-8. Jolie lettre.

639 1939 1829 1992 33. DOSTOIEWSKI (Théodor), le célèbre romancier russe,

735 1979 1122 2036 n. 1821, m. 1881.

775 2055 1464 2097 L. a. s. ; 3 juillet 1848, 1 p. in-4. Rare.

640 2125 1828 2178 34. DONIZETTI (Gaëtano), le célèbre compositeur de

738 2176 1449 2226 musique italien, n. 1798, m. 1848.

775 2243 1825 2283 L. a. s. au comte Giulio Pullé; Venise, 20 février 1837,

734 2284 1404 2325 2 p. 1/2 in-8. Légers raccommodages.

754 2340 1825 2379 Très intéressante lettre, toute musicale. La musique sérieuse, dit-il,

720 2377 1109 2406 a besoin d’être mâchée.
