1971 3146
1187 468 1331 513 - 4 -

672 544 1861 607 18. BOISSY D’ANGLAS (François-Antoine de), député de

763 593 1859 646 l'Ardèche à la Convention, qui s'illustra par son

771 645 1860 696 héroïque conduite lors de l'insurrection de Prairial

762 701 1275 751 an III, n. 1756, m. 1826.

801 770 1862 823 L. a. s. au baron Mounier; Paris, 12 juillet 1814, 2 p. in-folio.

759 824 961 856 Belle lettre.

673 897 1861 960 19. BONAPARTE (Catherine), reine de Westphalie, femme

764 952 1617 1007 de Jérôme Bonaparte, n. 1783, m. 1835.

802 1028 1853 1077 L. a. s. en français à Madame de Hautmesnil; Florence

761 1070 1613 1120 24 décembre 1831, 1 p. in-12. Jolie et rare pièce.

668 1152 1862 1214 20. BUSSY-RABUTIN (Roger, comte de), cousin de

767 1202 1861 1262 Madame de Sévigné, auteur de l'Histoire amoureuse des

768 1251 1861 1314 Gaules, membre de l’Académie française, n. 1618,

765 1315 944 1350 m. 1693.

806 1379 1712 1427 P. s. sur vélin ; 31 décembre 1665, 1 p. in-4 oblong.

785 1444 1863 1493 Reçu d'un mois de ses appointements de maître de camp général de

751 1490 1060 1529 la cavalerie légère.

751 1558 1869 1613 21. CAMPAN (Jeanne-Louise-Henriette GENET), lectrice de

768 1611 1860 1672 Marie-Antoinette, auteur de Mémoires, n. 1752,

768 1674 942 1710 m. 1822.

804 1736 1862 1788 L. aut. à sa nièce, la duchesse d’Elchingen; Clermont,

764 1787 1175 1828 28 août 1810, 3 p. in-4.

788 1843 1863 1893 CURIEUSE LETTRE où elle lui demande si elle est allée à Paris pour la

754 1879 1862 1928 fête de l’Empereur. Au cas où elle ne l’aurait pas fait, elle lui con¬

755 1915 1862 1959 seille de le faire l’année suivante et elle lui transcrit le canevas d’une

755 1951 1863 2002 conversation qu’elle pourrait avoir avec l’Empereur. « Les vieux usages

754 1987 1863 2035 doivent revenir avec les formes qui appartenaient aux grands. » Cette

753 2023 1863 2073 lettre porte au dos un certificat d’authenticité de la maréchale Ney.

678 2104 1869 2155 22. CATHERINE II, dite la Grande, impératrice de Russie, n. 1729, m. 1796.

773 2166 1138 2212 n. 1729, m. 1796.

811 2230 1861 2282 P. s. sur vélin; Saint-Pétersbourg, 29 avril 1765, 1 p. in-folio,

772 2272 1681 2323 encadrements à sujets, grand cachet bien conservé.

793 2337 1863 2386 SUPERBE PIÈCE, contresignée par sou fils Paul, le futur empereur, en

757 2382 1164 2422 qualité de grand-amiral.
