3238 5284
1524 54 1839 127 -8 -

525 222 3166 375 de la marine, né à la Rochelle. — 20 l. a. s. à Truguet ;

522 320 3161 471 Saint-Domingue, la Martinique, Brest, 1819-1829, 60 p. in-4.

2942 464 3163 541 30 »

495 566 3163 698 Importante correspondance où il parle de ses expéditions, des troubles

422 638 3162 767 de Saint-Domingue, des guerres de l’Amérique du Sud. Cette correspon¬

422 706 3161 833 dance fournit d’utiles renseignements pour la biographie de l’amiral

422 776 744 852 Duperré.

139 923 3161 1084 43504. DUREY DE MEINIÈRES (Jean-Baptiste-François), magistrat

514 1039 3158 1172 et publiciste, qui avait réuni une immense collection de

514 1127 3157 1262 documents juridiques. — L. a. s. à M. Boullenois, 22 dé¬

515 1226 3153 1355 cembre 1767, 2 p. in-4. 10 »

490 1384 3159 1491 Curieuse lettre où il donne des instructions pour poursuivre un usurier

419 1454 3153 1559 nommé Dumay de la Brosse qui, par ses friponneries, a ruiné son fils,

420 1523 1233 1600 Durey de Bourneville.

140 1685 3158 1806 43505. ENNERY (Adolphe d’), le fécond auteur dramatique, mort

512 1782 3153 1900 récemment. — L. a. s., 1 p. in-16. 3 »

134 1961 3157 2072 43506. FABRE (Ferdinand), célèbre romancier, auteur de l'Abbé

514 2057 3147 2168 Tigrane. — L. a. s. ; Paris, 8 décembre 1886, 2 p. in-8. 5 »

482 2228 3151 2326 Il exprime la douleur qu’il ressent à faire des suppressions dans un de

416 2298 3151 2385 ses ouvrages. «En vérité, ce n’est pas à un écrivain ae mon caractère, de

411 2366 3150 2451 ma conscience j’aurai la fierté d’ajouter: de mon talent, que devraient être

416 2434 1660 2513 réservés de si poignants ennuis.»

126 2599 3152 2698 43507. FEBVRE (Frédéric), célèbre acteur du Théâtre-Français. —

502 2698 3149 2800 L. a. s., 2 p. in-8. 4 »

128 2875 3153 2980 43508. FERRAND (Jean-Henri Becaÿs), général, qui défendit Valen¬

502 2967 3151 3065 ciennes contres les Autrichiens, en 1793, né à La Caussade,

500 3059 3151 3162 près Monflanquin (Lot-et-Garonne). — L. a. s. au citoyen

495 3150 3152 3258 Verrières; Maëstricht, 13 ventôse an IX, 2 p. in-4. Rare. 8 »

120 3311 3150 3442 43509. FEUCHÈRES (Sophie DAWES, baronne de), la maîtresse du

497 3420 3148 3535 dernier prince de Condé. — L. a. s.; Palais-Bourbon,

495 3510 3146 3628 31 décembre 1833, 1 p. in-4. 10 »

469 3674 3145 3777 CURIEUSE LETTRE. Elle remercie son correspondant de l’hommage d’un

396 3748 2581 3846 livre et se plaint d’avoir été en butte à d’injustes calomnies.

115 3902 3141 4029 43510. FEUILLET (Octave), le célèbre romancier et auteur drama¬

492 3994 3142 4124 tique, membre de l’Académie française. — L. a. s. (à Ana¬

488 4084 3136 4214 tole de La Forge); Versailles, 21 octobre 1883, 1 p. 1/2 in-8.

2913 4178 3126 4249 12 »

467 4329 3140 4455 CURIEUSE LETTRE. Il le félicite à propos de son dernier discours et lui

398 4396 3138 4529 prédit, qu’au cas où il deviendrait ministre, il sera aimé pour lui-même.

400 4466 3143 4588 « Je n’ai pas besoin de vous dire qu’en vous voyant nommé à Paris en

393 4533 3143 4659 première ligne j’ai salué, comme vous faisiez à l’Odéon le soir d'Echec et

395 4615 2601 4727 mat. Faites que la République nous soit légère, mon ami ! »

108 4767 3145 4918 43511. FONTENAY-MAREUIL (François Duval, marquis de), géné¬

487 4858 3139 5005 ral et diplomate, auteur de Mémoires. — L. s., avec la

489 4950 3136 5104 souscript. aut. ; Rome, 31 janvier 1642, 1 p. in-fol. Légères

486 5039 3132 5192 taches. (Coll. Rathery). 10 »
