3215 5412
1466 95 1785 174 - 5 -

472 281 3137 407 bataille d’Iéna en 1806. — 8 l. a., en français dont 7 signées,

471 376 3134 499 au célèbre diplomate anglais William Hamilton ; 1766 à

470 472 3131 593 1769, 42 p. in-4 ou in-8, enveloppes et cachets. 100 »

447 633 3137 719 IMPORTANT DOSSIER. Toutes ces lettres ont été écrites avant l’avènement

379 702 3132 802 du prince. Elles donnent d’intéressants détails sur ses voyages à Naples et

379 772 3134 872 à Paris. On y trouve des anecdotes curieuses sur de grands personnages,

377 843 3130 945 une piquante appréciation sur les femmes en général, etc. Le duc parle de

378 913 3130 1009 vases étrusques et demande qu’Hamilton lui envoie tout ce qui paraîtra de

378 984 3128 1074 beau en musique. — Dans une lettre datée de Brunswick, le 20 avril 1769,

380 1052 3132 1147 il fait le portrait du roi de Danemark qui est venu dans cette ville. «Il est

380 1120 3127 1216 de la taille comme celui de Naples l’étoit lorsque je l’ai vu. Il a beaucoup

381 1191 3127 1284 d’esprit. L’on ne peut être plus poli qu’il l'est, et il est beaucoup plus porté

380 1263 3125 1354 pour l'Angleterre que pour la France, pourquoi il a gagné une grande

379 1331 949 1407 popularité ici.»

107 1471 3121 1581 43478. BULOZ (François), le fondateur de la Revue des Deux-Mondes,

473 1564 3119 1673 directeur du Théâtre français. — 13 l. a. à M. de Forcade,

471 1656 3115 1765 30 p. in-8. 10»

447 1803 3118 1875 Intéressantes lettres toutes relatives à la collaboration de M. de Forcade

376 1873 1384 1937 à la Revue des Deux-Mondes.

105 2009 3114 2122 43479. BYRON (Noël), l’illustre poète anglais. — L. a. s. à Henry

468 2106 3114 2212 Webster; Venise, 28 mars 1818, 2 p. in-4. Coupée dans le

472 2198 3113 2304 bas du premier feuillet, de sorte qu’il manque deux lignes

472 2290 3109 2376 au verso et au recto. Très rare. 40 »

446 2435 3113 2520 Intéressante lettre relative à des peintures dont il se charge de faire exécuter

375 2506 3019 2589 des copies. Il le prie de le rappeler au souvenir de ses amis d’Angleterre.

103 2637 3114 2748 43480. CAGLIOSTRO (Giuseppe BALSAMO, dit), le fameux aventu¬

467 2736 3112 2841 rier. — L. a. à sa femme ; 4 février, 2 p. in-4. Très rare.

2841 2839 3110 2909 100 »

442 2971 3115 3059 Curieuse lettre intime, où il rend grâces aux amis qui prennent part à

373 3045 3112 3126 leurs intérêts communs. «Il faut leur dire que nous ne sommes pas des

373 3111 1783 3192 capucins.» Témoignages de tendresse.

107 3241 3106 3355 43481. CAILLEBOTTE (Gustave), peintre, un des chefs de l’école

463 3339 3108 3447 impressionniste. — L. a. s. à un critique d’art; 17 avril

467 3433 3104 3540 1879, 3 p. in-8. 5 »

441 3579 2759 3664 Il le remercie d’avoir pris la défense de l’école impressionniste.

108 3711 3101 3839 43482. CAROLINE D’AUTRICHE, reine de Naples, sœur de Marie-

464 3804 3101 3917 Antoinette, épouse de Ferdinand IV, fameuse par sa cruauté

465 3898 3101 4007 et par la faveur qu’elle accorda à Acton et à lady Hamil¬

463 3988 3102 4098 ton. — L. a. s., en français, à une amie ; Palerme, 23 avril

467 4080 3096 4192 1809, 2 p. in-4. 100 »

439 4237 3101 4328 SUPERBE LETTRE, où elle se plaint de sa malheureuse situation, «ne

369 4306 3102 4395 pouvant, ni ayant l’authorité de faire le bien et portant injustement sur

371 4372 3098 4470 mes épaules tout le blâme du mal». Le duc d’Orléans (Louis-Philippe) a

367 4441 3098 4533 passé quelque temps avec elle à Palerme et il est parti pour Cagliari. Elle

370 4511 3102 4601 voudrait voir le général Stuart, car le moment est décisif et on peut

368 4580 2766 4668 espérer que tout changera en bien, sans quoi l’Europe est perdue.

101 4707 3100 4830 43483. CASELLI (Giovanni), physicien italien, inventeur d’un télé¬

459 4805 3096 4921 graphe électrique, adopté en France en 1865. — P. a. s.;

458 4894 3092 5009 Paris, 24 mars 1860, 1 p. in-12. 6»

436 5049 3096 5159 Souvenir adressé à l’abbé Moigno et reproduit par l’appareil de Caselli,

369 5126 2400 5214 qui donnait en quelque sorte un fac-similé de l’écriture.

2822 5270 2847 5321 1
