3227 5375
1395 46 1769 133 -3-

57 215 3030 345 43461. ANTOINE DE BOURBON, roi de Navarre, père de Henri IV.

419 306 3034 431 – L. s., avec la souscription aut., à Sébastien de l'Aubes¬

420 396 3024 525 pine, ambassadeur en Espagne ; Saint-Germain-en-Laye,

426 485 3027 610 3 décembre 1561, 2 p. in-folio. 25 »

401 655 3036 759 PIÈCE HISTORIQUE. Il l’informe que depuis sa dernière lettre il a eu une

335 724 3036 828 conversation avec l’ambassadeur d’Espagne, qui lui a donné bon espoir au

337 792 3038 893 sujet des intentions du roi d’Espagne relativement à la Navarre. Afin que

335 859 3041 957 M. de l’Aubespine soit au courant de ses intentions il lui envoie des

337 930 3043 1023 instructions par un courrier très sûr et lui donne dans cette lettre des

337 995 3040 1094 instructions générales pour la direction des négociations. «Vous entendez

336 1063 3048 1161 Monsieur de Lymoges mieulx que je ne vous puys escrire, comme cest

338 1131 3045 1227 affaire se doyt manyer, qui fera que je men remectray a vous, qui considerez

337 1200 3045 1295 bien aussi que mes predecesseurs et moy, n’avons pas actendu si longue¬

339 1267 3044 1361 ment la raison d’un si beau et si ancien Royaume que celuy dont je porte

336 1334 3045 1433 le tiltre, pour me contanter de peu, ne de chose qui ne fust digne de moy.»

62 1506 3042 1617 43462. ARNOULD (Arthur), membre de la Commune de 1871,

429 1596 3042 1710 célèbre romancier. — 3 l. a. s. ; Genève, 1879, 10 p. in-8.

2828 1698 3041 1766 15 »

405 1858 3046 1944 Intéressantes lettres où il critique la politique du parti républicain qui

337 1926 3046 2022 s’attache plus aux personnalités qu’aux principes. « Tant que Grévy sera là

336 1995 3050 2080 il n’y aura pas péril en la demeure, mais je crains qu’il ne s’en dégoute et

335 2065 2278 2147 ne s’en aille trop tôt pour le salut de la République.»

60 2233 3057 2342 43463. BARNI (Jules), philosophe et homme politique, traducteur

426 2320 3058 2422 de Kant, né à Lille. — L. a. s. au recteur de l’Académie de

427 2411 3056 2524 Rouen ; Rouen, 27 décembre 1852, 1 p. in-8. 5 »

400 2592 3064 2683 CURIEUSE PIÈCE. Il vient d’apprendre que le cours de philosophie de

328 2659 3068 2755 l’école normale vient d’être suspendu et que l’agrégation de philosophie est

330 2728 3070 2822 supprimée. «Ces mesures et les desseins qu’elles témoignent me tracent

331 2797 3064 2890 ma conduite: je ne conserverai pas davantage des fonctions désormais

332 2864 3062 2960 sans dignité et sans indépendance. Je viens donc vous remettre ma démis¬

331 2958 566 3013 sion. »

56 3105 3070 3226 43464. BARRIAS (Louis-Ernest), célèbre sculpteur, membre de

418 3196 3074 3316 l’Académie des Beaux-Arts. — L. a. s. ; 2. p. 1/2 in-8. Peu

422 3288 3074 3390 commun. 10 »

57 3460 3078 3586 43465. BART (Jean), un des plus illustres et plus populaires marins

423 3551 3079 3678 de la France, né à Dunkerque. — P. s ; Dunkerque,

420 3642 3085 3772 29 avril 1680, 2 p. in-fol. Très rare sur papier. 80 »

399 3824 3089 3934 SUPERBE PIÈCE. Etat des vivres qu’il faut embarquer dans la frégate

331 3908 2097 4007 Sorcière, commandée par le capitaine Jean Bart.

55 4069 3094 4206 43466. BAUDRY (Paul), le célèbre peintre. — L. a. s. ; Paris,

429 4166 3095 4300 18 mai 1860, 1 p. in-8. Rare. 10 »

402 4333 3102 4452 Jolie lettre où il se refuse à porter une appréciation sur son œuvre. « Si

324 4431 1734 4525 je vous disais, comme j’en ai l’envie

578 4507 1542 4597 « Mes petits sont mignons

577 4556 2586 4665 « Beaux, bien faits et jolis sur tous leurs compagnons,

321 4615 3101 4740 je n’aurais plus, en cas de mésaventure, le droit de me plaindre et c’est,

329 4687 3108 4809 vous le reconnaîtrez, notre seul recours, recours bien innocent, contre la

329 4803 787 4882 critique. »

54 4903 3112 5074 43467. BÉRANGER (Pierre-Jean de), le célèbre chansonnier. —

426 5020 3110 5172 L. a. s. ; 1 p. in-8, 3 »
