2119 3451
1828 186 1853 230 9

63 190 673 233 6 RUE BLANCHE, PARIS

62 275 920 322 4283 CUBIÈRES (Général), ministre de

110 329 920 362 la Guerre au ministre de l’Instruction

112 377 919 418 publique. — L. a. s., 1844, 1 p. in-4.

809 425 920 456 12 fr.

196 475 924 508 Il lui recommande un candidat pour

152 511 691 546 la bibliothèque de l’Arsenal.

66 587 921 628 4284 DALAYRAC (Nicolas), célèbre

114 635 923 676 compositeur de musique. — L. a. s. à

112 682 923 721 Bonnet, directeur du théâtre Les Arts,

115 730 922 771 an 12, 1 p. in-4. 25 fr.

197 792 925 827 Au sujet de la représentation du

154 828 926 863 Pavillon du Calife et des artistes Lays

154 865 360 893 et Laforet.

68 935 926 974 4285 DARTIGOEYTE (Pierre-Arnaud),

116 982 924 1022 comédien et conventionnel (1745-1820).

116 1030 928 1070 — Lettre a. s. à Villars, représentant

118 1078 928 1117 du Peuple ; Paris, an III, une page

119 1126 927 1158 in-f°. 35 fr.

202 1181 931 1216 « Je t’adresse une lettre que j’écris au

158 1218 932 1253 comité d’instruction publique ; vuille

165 1254 933 1288 (sic) la lire, la remetre (sic) ensuite, la

160 1289 934 1324 faire enregistrer et joindre au travail

160 1326 750 1354 relatif aux écoles centrales. »

76 1401 934 1442 4286 DAVID D ANGERS (P.-J.j, célè¬

124 1449 934 1489 bre statuaire français. — L. a. s. à

124 1497 935 1538 Monsieur..., 1844, 1 p. in-4, collée sur

124 1545 934 1585 bristol. On y a joint : une brochure :

127 1593 936 1633 A P. J. David d’Angers par Constant

129 1641 935 1682 Dubos, en vers, Pagnerre, 1843. 25 fr.

213 1702 940 1730 « Au milieu de l’encombrement causé

168 1739 939 1773 par le travail, il serait impossible de lire,

170 1775 942 1810 avec toute l’attention que je désire ap¬

170 1811 942 1845 porter, votre notice, qui devait être bien

171 1847 943 1878 intéressante, écrite avec les sentiments

172 1883 603 1917 que je vous connais. »

86 1958 944 1999 4287 DEBUSSY (Claude), célèbre com¬

136 2006 944 2046 positeur, 1861-1917. — L’ombre des

136 2054 946 2092 arbres dans la lumière embaumée, An-

137 2102 948 2142 dante pour chant et piano. Manuscrit

139 2149 948 2190 aut. n .s. Paris, 1885, 2 p. in-4, 8 por¬

139 2197 947 2237 tées triples. (Très rare). 450 fr.

222 2260 952 2292 Très beau manuscrit, d'une écriture

179 2296 952 2331 très soignée. Chant pour soprano ou

181 2332 288 2360 ténor.

95 2401 953 2441 4288 DEBUSSY (Claude). — En Sour¬

143 2449 955 2488 dine, pour piano et chant, manuscrit

145 2496 954 2537 aut. s., Vienne, 1882, 3 p. in-4 et une p.

145 2544 955 2584 de titre, douze portées triples. 550 fr.

229 2605 956 2640 Chant pour soprano ou ténor sur la

186 2640 959 2674 célèbre poésie de Verlaine : Calmes dans

188 2677 959 2712 le demi-jour que les branches hautes

187 2714 267 2747 font.

232 2749 962 2777 LES AUTOGRAPHES DE CLAUDE DE¬

188 2791 870 2813 BUSSY SONT EXTREMEMENT RARES.

106 2853 961 2899 4289 DÉCORATION DU LYS.— a)

150 2908 963 2948 Brevet autorisant M. Bruni) de Lyon

151 2956 964 2996 à porter la décoration du Lys.— Jolie

152 3003 963 3043 pièce signée du Cte de Précy, Lyon,

155 3051 965 3091 1814, 1 p. in-4 obl., sur formule impri¬

153 3098 963 3130 mée. 20 fr.

1126 275 1857 316 Cette décoration était accordée par

1083 315 1857 353 Monsieur, frère du Roi, à tous ceux qui

1082 352 1858 382 avaient concouru à la défense de la ville

1082 388 1433 422 de Lyon en 1793.

1047 445 1856 488 b) Formule imp. et ms. signée Cte de la

1045 493 1856 536 Ferronnaye, Paris, 1814, 1 p. in-f°.

1744 544 1859 577 10 fr.

1128 592 1860 629 Permission à G. Mercier de porter la

1084 628 1668 664 décoration de la fleur de Lys.

1000 686 1862 734 4290 DÉJAZET (Virginie), célèbre ar¬

1050 740 1860 781 tiste dramatique. — Deux lettres a. s.

1047 788 1867 829 à M. Garnier ens. ; 7 pages in-8 (légers-

1048 836 1862 876 raccommodages). 30 fr.

1132 898 1865 932 Lettres ayant rapport à son état de

1089 933 1866 962 santé et à sa mauvaise situation finan¬

1089 970 1866 1005 cière. Il lui est impossible de payer son

1089 1005 1427 1034 billet de fin août.

1003 1064 1868 1104 4291 DELACROIX (Eugène), célèbre

1050 1112 1868 1152 peintre. — a) L. a. s. 1861, 1 p. in-8,

1753 1160 1868 1192 20 fr.

1137 1210 1870 1245 Au sujet de l’envoi de billets pour un

1093 1246 1160 1274 bal.

1058 1303 1870 1344 b) L. a. s. 1857, 1 p. in-4. 20 fr.

1142 1366 1873 1401 Il prie son correspondant d’excuser

1096 1403 1873 1436 son absence, ayant gardé la chambre

1096 1439 1520 1473 depuis trois semaines.

1010 1496 1874 1536 4292 DELAMBRE (Jean-Baptiste-

1058 1544 1874 1584 Joseph), célèbre astronome. — Pièce

1059 1592 1875 1632 aut. s, 1814, 1 p. petit in-4, à en-tête

1059 1640 1877 1678 de V Institut de France, collée sur bris¬

1060 1688 1875 1720 tol. 50 fr.

1146 1750 1880 1778 Lettre intéressante. « Martianus Mi¬

1102 1786 1879 1820 nucius Félix Capella le Carthaginois est un

1104 1822 1879 1856 compilateur assez maladroit qui copie ce

1104 1857 1881 1892 qu’il a lu sans le comprendre et qui n’est

1105 1894 1880 1928 pas toujours d’accord avec lui-même ;

1100 1930 1882 1964 mais il a rencontré quelques lignes fort

1106 1965 1882 2000 justes et fort saines sur la théorie de

1108 2001 1883 2035 Mercure et de Vénus. Il annonce positi¬

1104 2037 1883 2072 vement que la terre n’est pas le Centre des

1108 2075 1749 2108 mouvements des planètes. » etc.

1024 2137 1884 2176 4293 DELARUE-MARDRUS (Mme

1072 2185 1884 2226 Lucie), femme de lettres. — L. a. s. à

1072 2232 1884 2273 un confrère, 1921, 3 p. in-8. 20 fr.

1156 2293 1888 2322 Lettre intéressante à cause de la liste

1113 2330 1889 2364 de ses œuvres, classée par éditeurs et

1114 2367 1890 2401 qui commence par « un grand Zut cour¬

1115 2403 1264 2430 roucé. »

1030 2460 1890 2506 4294 DELCASSÉ (Théophile), homme

1078 2514 1890 2554 politique — L. a. s. 1897, 1 p. in-8.

1776 2562 1892 2593 15 fr.

1033 2626 1893 2666 4295 DELIBES (Léo), compositeur de

1081 2674 1893 2715 musique. — L. a. s. 3 p. in-12. 25 fr.

1165 2736 1897 2771 Réponse à une invitation. « Rien ne

1122 2773 1897 2807 me serait plus agréable que de m’y rendre

1122 2809 1898 2836 et de me trouver chez vous avec Made¬

1123 2844 1898 2872 moiselle Arnoldson et Monsieur Meilhac. »

1039 2908 1898 2948 4296 DEMBLON (Célestin), député

1085 2955 1899 2995 belge, professeur à l’Université de

1084 3003 1900 3040 Bruxelles, l’auteur de « Lord Rutland

1088 3051 1901 3091 est Shakespeare ». — L. a. s. à un poète,

1091 3098 1901 3138 1918 ; 2 p. in-8. 20 fr.

522 3182 1488 3226 ACHAT DE LIVRES ET D’AUTOGRAPHES
