2101 3439
1853 127 1877 167 7

89 117 694 168 6, RUE RLANCHE, PARIS

89 218 942 259 4259 BRIEUX (Eugène), auteur drama¬

136 266 941 307 tique. — L. a. s. à Madame..., 1 p.

137 314 941 347 in 12. 12 fr.

222 376 944 411 Il annonce son départ pour la cam¬

176 419 295 447 pagne.

88 494 942 534 4260 BROGLIE (Achille-Charles-

135 543 941 584 Léonce Victor, prince, puis duc de),

134 591 942 631 homme politique, 1785-1870. — Pièce

134 639 940 679 a. s. Paris, 1814, une p. in 4. 20 fr.

217 701 944 735 « Je certifie que M. Behourt, suppléant

171 737 943 771 le juge de paix pendant les temps ora¬

171 773 942 807 geux de la révolution a principalement

172 809 941 844 contribué à conserver les jours sérieuse¬

171 846 814 880 ment menacés de mes parents. »

82 942 940 982 4261 BRONGNIART (Alexandre), célè¬

130 990 939 1031 bre chimiste et géologue, directeur de

130 1038 938 1071 la manufacture de Sèvres. — Deux

130 1087 936 1127 lettres a. s. Paris, 1839-1843 ; eus. 3 p.

128 1134 935 1167 in-8 et in-4. 25 fr.

210 1197 938 1232 Dans la première lettre, il donne ren¬

166 1233 938 1268 dez-vous à son aide naturaliste pour le

166 1270 937 1304 mettre en possession de la collection des

166 1306 936 1341 archives de la Société Philomatique ;

165 1342 937 1376 dans l’autre il réclame des portraits de

165 1379 897 1413 la famille royale pour les reproduire.

79 1466 934 1508 4262 BUONAROTTI (Philippe-Michel),

124 1515 935 1553 révolutionnaire, ami de Babeuf, des¬

125 1563 933 1603 cendant de Michel Ange, né à Pise,

128 1611 933 1643 1761-1837. — Deux lettres a. s. au

125 1658 932 1699 député Félix Réal. Paris, 1834, ens. 2 p.

125 1707 932 1739 in 8 et in-4. 40 fr.

209 1769 935 1803 « Agréez mes remerciements pour la

163 1805 936 1839 démarche que vous avez eu la bonté de

164 1841 936 1869 faire à l’effet d’obtenir la restitution des

164 1878 936 1912 papiers qui me furent enlevés par la

164 1914 936 1948 police. Ces papiers sont ma propriété

163 1950 936 1984 et contiennent des choses qui me sont

163 1985 936 2019 utiles et sur lesquelles je n’ai aucune ex¬

163 2021 547 2056 plication à donner. »

76 2115 936 2156 4263 CAJELLA (Henri), chanteur. —

124 2164 933 2203 Lettre a. s. à Stephen de la Madeleine,

124 2211 932 2252 Caen, s. d. (vers 1850), 2 p. in-8. 20 fr.

208 2274 935 2308 « Mon succès ici lundi passé a était

164 2311 934 2346 piramidal. La salle de la mairie était

164 2346 935 2382 pleine comble, 300 personnes à 5 fr. le

163 2383 934 2417 ticket. Nous partons samedi pour le

164 2420 417 2451 Havre, etc. »

76 2499 934 2540 4264 CAMPENON (Vincent), poète

124 2547 931 2588 dramatique (1772-1843). — Lettre a. s.

124 2595 930 2635 s. l. n. d., une p. in-4. 25 fr.

208 2656 935 2690 «Je vous dois, Monsieur plus d’une

164 2693 934 2727 sorte de remerciements ; vous me procu¬

163 2729 933 2763 rez les moyens de lire et de garder un bel

164 2765 934 2799 et bon ouvrage que je ne connassais

164 2801 934 2836 pas, et vous accompagnez ce présent de

164 2837 933 2872 vers pleins de grâce où je retrouve tout

163 2872 930 2907 votre esprit et toute votre politesse. »

76 2943 932 2988 4265 CARRÉ (Albert), directeur de

124 2996 931 3037 l'Opéra Comique. — Lettre a. s. Paris,

124 3044 920 3085 2 pages in-12 sur carte. 18 fr

1149 219 1877 254 « Vous voulez bien me proposer M.

1103 254 1877 291 Mischa. Il ne nous est pas possible d’ac¬

1104 291 1877 325 cueillir cette proposition, notre cadre

1104 327 1565 362 de ténors est complet. »

1016 395 1874 437 4265 bis CASSAGNAC (Granier, Louis

1065 444 1874 484 et Paul de), publicistes et hommes

1064 491 1873 531 politiques. — Dix lettres a. s. à

1064 539 1872 581 MM. Dutacq et Azambre. ens. 14 p.

1065 586 1874 624 in-8, et in-16 et un article a. s. de

1067 635 1872 677 Granier de Cassagnac, sur M. Dupin,

1067 683 1872 722 14 p. in-12. 25 fr.

1016 760 1873 801 4266 CAUCHON (Pierre), auditeur de

1063 808 1874 849 la chambre des comptes de Paris. —

1064 857 1872 898 Pièce s. Paris, 1603, une p. in-8 obl.

1061 904 1871 943 parchemin. 20 fr.

1145 968 1873 1001 Quittance donnée au nom d’Elizabeth

1100 1004 1737 1036 Morin, fille de Mathurin Monin.

1012 1075 1870 1118 4267 CERTIFICAT DE RÉFORME,

1059 1127 1872 1168 délivré par les colonels, major et capi¬

1058 1176 1871 1216 taines du régiment d’infanterie alle¬

1058 1224 1870 1262 mande de La Mardi. Cambrai, 1713,

1057 1272 1871 1312 une page in-f°. 25 fr.

1142 1341 1871 1375 « Certifions que le Sr de Centreye,

1096 1377 1868 1411 capitaine, est atteint de vertiges qui luy

1096 1413 1870 1446 prennent souvant mêmes devant les

1097 1449 1871 1482 postes de détachemens où il s’est trouvé

1096 1485 1869 1519 commandé pour le service du Roy ; ce

1097 1522 1869 1556 qui nous a obligé de l’en exempter. » La

1096 1558 1804 1592 pièce porte 15 signatures d’officiers.

1009 1632 1866 1672 4268 CHAMPFLEURY (Jules Husson

1057 1681 1866 1721 dit), littérateur.— a) L. a. s. à Dutacq,

1059 1730 1254 1770 1 p. in-8.

1139 1791 1695 1826 Relative à plusieurs lettres.

1060 1849 1866 1891 b) Quittance s. de Champfleury, 1854.

1140 1911 1867 1946 Reçu du journal « Le Pays », 54 fr.

1095 1948 1613 1984 pour rédaction de Janvier.

1369 2005 1865 2045 Les deux pièces : 25 fr.

1009 2088 1865 2128 4269 CHANGARNIER (Nicolas), géné¬

1056 2137 1865 2177 ral et homme politique. —- L. a. s. à

1056 2184 1863 2224 un Intendant, 1851, 1 p. in-4. 30 fr.

1141 2257 1867 2293 Il demande qu’on lui envoie une ces¬

1094 2294 1865 2330 sion de paiement afin de pouvoir

1094 2330 1867 2364 toucher l’indemnité allouée aux repré¬

1096 2370 1262 2397 sentants.

1010 2435 1865 2476 4270 CHERUBINI (Luigi), compositeur

1055 2483 1863 2522 italien. — Lettre a. s. (en français) au

1054 2531 1864 2575 pianiste Zimmermann. Paris, s. d. une

1054 2578 1862 2623 p. petit in-8. 25 fr.

1139 2646 1865 2681 « Je suis chargé par votre commère (?)

1093 2682 1865 2718 de vous engager à dînner pour demain

1093 2718 1865 2753 samedi, et afin de vous donner un sti¬

1093 2754 1866 2790 mulant de plus pour accepter cette invi¬

1092 2790 1865 2826 tation, je vous préviens que le Docteur

1092 2826 1630 2864 Nagendie est de la partie. »

1007 2895 1862 2932 4271 CHIMIE. — Lettre a. s. de De

1057 2942 1862 2982 Servières à Delessert, ministre de l’In¬

1053 2990 1860 3033 térieur, Paris, 1791, une page in-f°.

1743 3038 1858 3070 25 fr.

492 3126 1446 3169 ACHAT DE LIVRES ET D’AUTOGRAPHES
