2127 3455
132 127 742 173 6, RUE BLANCHE, PARIS

1897 127 1922 170 5

131 223 986 263 4230 BAUDRY (Paul), le célèbre pein¬

178 270 986 311 tre. — L. a. s. à un ami. 4 pp. in-8,

179 317 985 350 écriture serrée. 25 fr.

261 380 986 414 Parlant de son séjour en Italie, il lui

217 416 987 444 recommande l’achat des tableaux des

217 452 986 486 peintres Bertaux, Vimont et Layraud.

216 488 434 515 Belle lettre.

130 540 985 593 4231 BEAUMONT (Plie de), géolo¬

177 601 984 640 gue. — L. a. s. au secrétaire de l’Insti¬

175 648 982 688 tut, 1864, 1 p. in-8, collée sur bristol.

871 697 982 728 12 fr.

256 746 806 780 Au sujet de M. Le Verrier.

127 822 985 862 4232 BEAUNIER (André), écrivain. —

172 870 981 910 Article a. s. sur Stuart Merrill, 17 p.

174 918 982 958 in-8, ayant servi à l’impression, ratures

173 966 980 1006 et corrections autographes. 25 fr.

123 1043 980 1085 4233 BEAUVOIR (Edouard-Roger de),

172 1091 980 1130 poète et littérateur, 1809-1866. — Trois

171 1139 981 1172 lettres a. s. dont deux ornées de des¬

170 1187 979 1227 sins humoristiques à la plume, 1863 et

170 1235 981 1275 s. d. ens. 3 p. — On y a joint une lettre

170 1283 981 1325 a. s. de son second fils, Henri-Roger

170 1330 979 1365 de Beauvoir. 50 fr.

253 1392 980 1427 Lettres d'un style spirituel, avec vers

209 1429 980 1463 et quatrains. « Je passe mes nuits sans

209 1464 979 1500 sommeil, je lis les journaux et je crois

208 1500 981 1536 qu’on viole dans les wagons. N’y monte

208 1537 650 1570 pas, on t’assassinerait.

251 1591 925 1626 Chartier, d’Antoine heureux époux ;

251 1627 809 1662 Pardon pour ma muse falotle

251 1663 852 1698 Et ne vous en prenez qu’à vous

248 1699 698 1733 Si je cultive la carotte. »

120 1763 976 1810 4234 BÉDIER (Joseph), homme de let¬

166 1818 976 1858 tres. — Pièce a. s. 1/2 p. in-8, à en¬

167 1864 974 1906 tête de L'Académie Française. 18 fr.

249 1926 675 1961 « Li temps s’en vient,

248 1963 535 1997 Je ne fais rien

249 1998 593 2033 Li temps s’en vait

248 2034 570 2069 Je n’ai rien fait.

248 2082 937 2117 Vers d’un paresseux du XIIIe siècle. »

118 2152 974 2193 4235 BEN DAVIES (E.), chanteur an¬

166 2200 974 2239 glais. – Trois lettres a. s. à Mischa

166 2247 973 2288 Léon (en anglais). Londres, 1923-24,

165 2295 971 2335 ens. 4 p. in-12. 20 fr.

248 2358 976 2388 Lettres de remerciements et de com¬

204 2393 976 2430 pliments élogieux. « J’ai une haute opi¬

205 2429 976 2460 nion de vos talents. Je vous souhaite

205 2465 453 2493 bon succès. »

118 2529 973 2572 4236 BENEDETTI (Vincent), diplo¬

165 2577 973 2618 mate français (1817-1900). — Lettre

164 2625 971 2665 a. s., Paris, 1859, 3 p. in-8. 20 fr.

246 2686 975 2721 Recommandation auprès du Secré¬

204 2722 974 2760 taire général de l’Instruction Publique

203 2758 972 2796 pour Mlle Thérèse Lattalier-Lasquin.

116 2820 972 2861 4237 BENOIT (Pierre), romancier. —

164 2868 970 2911 Lettre a. s. Alexandrie, s. d. 2 p. 1 /2,

164 2915 969 2952 in-8. 25 fr.

245 2977 973 3015 Jolie lettre adressée de l’Hôtel Régina,

203 3014 973 3049 sur papier du Claridge’s, avec la mention,

203 3050 974 3085 au-dessous de la signature : » strict in¬

1149 220 1923 255 cognito. » « Nous pourrions nous ren¬

1148 256 1923 292 contrer demain matin dimanche à l’apé¬

1148 293 1923 326 ritif vers 11 heures 1 /2, dans un endroit

1148 329 1922 363 que je vous laisse le soin de désigner. »

1061 386 1922 432 4238 BÉRANGER (Pierre-Jean de). —

1109 440 1920 480 Lettre a. s. 1850, 3 p. in-12. — On y a

1106 487 1918 527 joint un portrait sur bois, par Charlet.

1803 536 1917 567 25 fr.

1192 592 1920 625 « J’ai lu votre ouvrage avec autant

1146 628 1920 662 d’intérêt que d’empressement. Il vous

1146 664 1920 698 appartenait de nous donner la narra¬

1146 700 1919 728 tion de tant d’événements où vous avez

1146 736 1920 770 eu votre part d’honneur, dont l’Italie

1145 773 1835 806 vous tiendra sans doute compte... »

1058 835 1917 876 4239 BERGSON (Henri), célèbre phi¬

1105 883 1916 924 losophe. — L. a. s. à un confrère, 1916,

1107 931 1914 973 1 p. 1 12, in-8. 50 fr.

1190 987 1917 1022 11 lui présente M. Charles Bioche, pro¬

1144 1022 1916 1057 fesseur de mathématiques, qui désire

1142 1058 1917 1094 l’entretenir d’un projet utile à réaliser

1143 1096 1496 1125 à l’heure actuelle.

1071 1153 1913 1193 — BERGSON (Henri). — Voir aussi

1104 1204 1267 1235 n° 4482.

1055 1266 1912 1307 4240 BERNHARDT (Sarah), célèbre

1102 1314 1912 1358 tragédienne. — L. s. à un rédacteur,

1102 1361 1911 1406 4 p. in-16, papier à sa devise. 25 fr.

1184 1418 1914 1454 Ne voulant pas être la cause de

1142 1454 1914 1486 manifestations contradictoires elle re¬

1142 1488 1911 1522 fuse son concours à la fête dédiée à la

1142 1528 1698 1558 mémoire d’Alfred de Musset.

1053 1594 1910 1637 4211 BERRYER (P. Nicolas), célèbre

1101 1643 1912 1688 avocat et jurisconsulte (1757-1841). —-

1101 1691 1908 1730 L. a. s au chevalier Deleuze (1836),

1102 1738 1909 1785 1 /2 p. in-4, accompagnée d’un article

1099 1787 1909 1833 (imprimé) de 5 pp. 1 /2, in-4, nom¬

1099 1834 1908 1873 breuses corrections. 35 fr.

1181 1897 1910 1933 L’article traite du projet du ministre

1136 1933 1908 1967 des finances relatif aux statuts de la

1136 1969 1911 2008 Banque de France. Le Ministre projette

1136 2005 1909 2045 la prorogation du privilège de la banque

1136 2041 1908 2074 en lui réservant l’émission des billets.

1133 2076 1908 2117 Berryer fait remarquer que les billets

1136 2112 1908 2150 sont refusés en province. « Notre mal le

1136 2148 1907 2189 plus réel est la rareté du numéraire, d’où

1136 2185 1908 2224 la stagnation universelle, le dépérisse¬

1136 2224 1680 2258 ment de nos fabriques, » etc.

1048 2292 1906 2333 4242 BERRYER (P.-Nicolas). — Let¬

1096 2339 1904 2380 tre a. s. Paris, an XIII, (1804), une

1096 2387 1904 2434 page in-12 ; 10 fr.

1179 2449 1905 2483 Relative à des allaires judiciaires.

1048 2513 1903 2556 4243 BLANQUI (Adolphe), publiciste

1096 2561 1901 2600 et économiste — L. a. s. 1848, 1 p.

1095 2609 1904 2650 in-8 montée sur bristol (cachet du gou¬

1094 2656 1901 2701 vernement provisoire). 12 fr.

1177 2717 1904 2753 Lettre en faveur du citoyen Savelli.

1046 2783 1901 2826 4244 BLISS (Arthur), compositeur an¬

1094 2830 1900 2877 glais. — Lettre a. s. (en anglais), s. d.

1092 2876 1900 2924 (1923), 3 p. gr. in-8, au crayon fixé.

1786 2925 1899 2956 25 fr.

1175 2975 1901 3013 Très importante lettre contenant la

1132 3013 1901 3049 liste chronologique complète des œuvres

1132 3053 1445 3086 du compositeur.

523 3138 1484 3172 ACHAT DE LIVRES ET D AUTOGRAPHES
