2093 3391
577 225 1653 309 DU DROIT DE CITATION

579 345 1657 427 DANS LES CATALOGUES

325 536 1999 583 Avec l’autorité qui s’attache à tout ce qu’il écrit, M. Paul Souday a soulevé, dans un

227 584 2000 631 numéro récent du Temps, une question qui intéresse au plus haut point les acheteurs et les

228 632 2000 679 vendeurs d’autographes. Un auteur contemporain trouva citées, dans un catalogue de mar¬

227 680 1998 729 chand, quelques lignes d’un billet qu’il avait jadis adressé à un ami et dont il n’avait pas

227 727 2000 776 conservé le souvenir. Il se demanda si la lettre était authentique et protesta contre la publi¬

227 776 1997 823 cation de cette lettre dans un catalogue, sans qu’il en eût été avisé, sans que l’expert lui en

227 823 2001 868 eût demandé la permission, M. Paul Souday a pris le parti de notre confrère et lui a donné

228 871 2000 918 raison. Voilà donc appelée au tribunal de l’opinion cette question intéressante au plus

228 919 2002 964 haut point : Peut-on imprimer sans autorisation préalable quelques lignes d’un auteur

227 967 380 998 vivant ?

327 1014 2000 1060 Tout d’abord, une observation s’impose : les auteurs vivants ne sont pas seuls en cause:

228 1063 2001 1106 ceux qui sont morts depuis moins de cinquante ans doivent être englobés dans la même

228 1110 2001 1155 catégorie, puisque leurs œuvres ne sont pas tombées dans le domaine public. Il faudrait

227 1158 2000 1201 donc s’en référer aux ayants droits et, s’il est relativement facile de retrouver les

228 1205 2001 1250 héritiers littéraires d’un Verlaine ou d'un Barrès, comment découvrir au pied levé quel est

228 1254 1824 1297 l’ayant-droit littéraire actuel du Général Boulanger ou de Ferdinand de Lesseps ?

324 1301 2001 1345 On sait qu’une jurisprudence constante attribue au destinataire la propriété maté¬

228 1348 2001 1391 rielle de toute lettre missive. Cette propriété, comportant le droit de cession, même à titre

228 1396 2004 1439 onéreux, il s’ensuit que le vendeur a le droit absolu de faire connaître aux acheteurs éven¬

227 1445 2001 1487 tuels ce qui constituera le mérite et le prix de la chose vendue. De là l’usage, quand on vend

228 1493 1384 1534 un autographe, d’en publier des extraits dans le catalogue.

323 1541 1999 1582 On sait que ces catalogues sont distribués gratuitement : aussi, voit-on mal sur quoi

227 1588 1999 1630 se fonderait une demande éventuelle de droits d’auteur et sur quelle base il serait possible

227 1636 713 1667 d’en calculer le montant.

321 1684 1997 1726 En droit, les vendeurs d’autographes me paraissent donc parfaitement fondés à con¬

227 1732 1997 1773 tinuer, comme par le passé, à publier, en tout ou en partie, les autographes modernes qu’ils

226 1779 665 1819 offrent à leur clientèle.

323 1827 956 1868 Ce droit n’a d’autre limite que :

322 1875 1746 1915 1° L’ordre public, au cas où il s’agirait d’un texte immoral ou séditieux.

320 1922 1995 1963 2° Les intérêts des tiers, si la lettre était calomnieuse ou diffamatoire, ou même, sim¬

224 1970 1638 2011 plement, si elle révélait des faits qu’un tiers pouvait désirer tenir cachés.

319 2017 1996 2059 3° L’abus du droit de citation : on ne saurait, par exemple, sous prétexte de mettre

225 2064 1997 2107 en vente un manuscrit de Thaïs, réimprimer en entier le roman de France et le distribuer

226 2114 680 2154 gratuitement au public.

321 2159 1996 2202 Il me semble que cette triple restriction sauvegarde amplement les droits de l’auteur

223 2206 1993 2249 de l’autographe : au reste, ne sommes-nous pas en France sous le régime de la libre publi¬

223 2256 1993 2298 cation et non sous celui de la censure préalable ? L'expert-vendeur est un commerçant res¬

221 2303 1674 2345 ponsable et peut toujours être poursuivi par l’auteur qui s’estimerait lésé.

319 2352 1993 2392 Quant à la question d’authenticité, soulevée par M. Paul Souday et par son corres¬

220 2395 1991 2440 pondant, on me permettra d’être sceptique. Dans bien des cas, l’appréciation autorisée d’un

221 2441 1992 2488 expert en autographes aura plus de poids que la mémoire défaillante d’un écrivain. Là

221 2491 1992 2534 encore, en cas de contestation, le recours aux tribunaux est toujours possible — et même

219 2541 335 2581 facile.

317 2581 1990 2630 Qu’on me permette une dernière observation : la même question a déjà été tranchée,

220 2632 1991 2677 pour un cas presque identique, par l’autorité législative. Il y a quelques années, lors du vote

219 2678 1991 2725 de la loi sur la propriété artistique, il a été nettement stipulé par les Chambres que la repro¬

220 2727 1989 2772 duction d’une peinture moderne, dans un catalogue de vente distribué gratuitement, ne

217 2771 1989 2819 tombait pas sous le coup de la loi et que le commissaire-priseur ne pouvait être tenu, ni de

219 2819 1991 2866 solliciter une autorisation, ni de payer un droit de reproduction. Le cas n’est-il pas abso¬

220 2866 1990 2914 lument parallèle, qu’il s’agisse d’une peinture de Manet ou d’une lettre de notre excellent

219 2920 542 2960 confrère Y. Z. ?

1273 2998 1874 3043 SEYMOUR DE RICCI.
