2085 3423
613 181 1315 247 CATALOGUE

77 310 934 350 4201 ABOUT (Edmond), célèbre écri¬

124 358 931 399 vain. — L. a. s. ,1865, 3 p. in-8. 30 fr.

207 421 936 456 Curieuse lettre dans laquelle il reven¬

163 457 936 492 dique la liberté complète pour le com¬

164 493 937 527 merce de la librairie. « La pire peste de

163 529 936 564 notre pays est l’ignorance absolue du

164 565 936 600 peuple sur les questions qui l’intéres¬

165 602 937 636 sent le plus... telle commune où per¬

164 636 938 669 sonne ne s’établit libraire, se mettra à

164 673 937 708 acheter des livres quand l’épicier, le

165 710 938 744 mercier et tous les petits marchands pour¬

165 746 496 773 ront en vendre. »

80 809 936 856 4202 ABRANTÈS (Laure Permon, du¬

127 863 937 904 chesse d’), femme du général Junot. —

128 911 934 952 Lettre a. s., 4 p. in-8. 50 fr.

211 973 938 1008 Superbe lettre adressée à un jeune

168 1009 939 1043 poète. « J’ai été touchée, mais touchée à

168 1045 939 1080 l’âme de votre admirable simplicité en

168 1082 940 1116 louant Victor Hugo, en disant ses vers,

168 1117 941 1152 en appuyant sur leurs beautés, les fai¬

169 1154 941 1188 sant remarquer avec une adresse de

169 1189 938 1222 frère. Cela est bien, vraiment bien...

168 1226 941 1260 Je dois ajouter qu’aimant Victor Hugo,

169 1261 942 1295 étant admiratrice de son talent au point

170 1298 941 1332 de prendre le nom d’hugonienne, j’ai

169 1333 941 1368 joui de son éloge fait par un homme tel

171 1377 418 1404 que vous... »

84 1439 941 1480 4203 ABRANTES (Joséphine, duchesse

132 1487 940 1528 d’), fille de la précédente. — Lettre a.

132 1535 940 1576 s. à un docteur (vers 1839), une p.

133 1583 941 1615 in 8. 15 fr.

217 1644 944 1680 « Ne vous étiez-vous pas intéressé à

173 1681 945 1715 ma mère, ne l’aviez-vous pas soignée

172 1717 946 1751 comme un fils. Si vous l’eussiez soignée

173 1753 945 1788 seul, peut-être vivrait-elle encore ? »

88 1825 945 1865 4204 ADAM (Adolphe), compositeur de

137 1873 943 1913 musique. — L. a. s. à M. Bocage, 2 p.

139 1920 944 1952 in-8. 20 fr.

221 1975 948 2004 Recommandation en faveur d’une

178 2013 313 2040 actrice.

92 2082 947 2122 4205 ADAM (Edmond), préfet de Po¬

139 2129 945 2170 lice.— L. a. s. janvier 1871, 1 p. in-8.

835 2177 946 2208 12 fr.

228 2234 949 2267 Il recommande un jeune homme et

180 2269 949 2298 demande de le faire entrer dans la

183 2306 732 2338 Garde Nationale sédentaire.

94 2376 950 2416 4206 AICARD (Jean), poète et roman¬

143 2423 950 2461 cier. — L. a. s. à un confrère, 1899,

147 2471 950 2512 1 p. in-8. 15 fr.

230 2532 954 2568 Il renvoie des épreuves corrigées et

184 2569 954 2598 deux vers transformés comme il suit.

229 2617 928 2649 « Vous êtes mes biens, mon château

231 2653 913 2686 Ma Belle Etoile et mon flambeau. »

99 2723 955 2763 4207 ALBANY (Mme Th.), chanteuse

149 2770 955 2812 anglaise. —- L. a. s. (en anglais), à

150 2817 955 2859 Mischa Léon, 1923, 1 p. in-12. 10 fr.

1056 311 1867 352 lettre du général Herbillon, comman¬

1056 359 1865 400 dant la province de Constantine, 1848.

1057 407 1866 447 ens. 6 p. 1 /2, in-f° ; 25 fr.

1140 469 1869 506 Relatif à l’affaire du Zouagha, en

1096 505 1870 542 Khabylie. La Guerre Sainte prêchée

1096 541 1870 578 par le marabout Bilkassem. Capture du

1097 577 1870 612 Cheik Mohammed ben Azzedin, etc.

1011 647 1869 690 4209 ALOPEUS (David, comte d’),

1059 695 1869 737 diplomate russe : gouverneur de la

1060 743 1870 777 Lorraine en 1814. — L. a. s. en fran¬

1059 791 1869 832 çais ; Berlin, 1824, 1 p. in-4. 20 fr.

1142 854 1873 889 Lettre de recommandation pour

1098 890 1874 926 Madame de Korsakoff, veuve d’un géné¬

1097 926 1660 962 ral, qui désire visiter Nancy.

1012 996 1872 1037 4210 ALVAREZ (Mme T. d’), canta¬

1061 1044 1873 1085 trice anglaise. — Lettre a. s. (en an¬

1062 1092 1871 1133 glais). Londres, s. d., 2 p. in-4. 15 fr.

1015 1170 1873 1217 4211 AMPÈRE (Jean-Jacques), litté¬

1063 1224 1873 1265 rateur. — L. a. s., 1/2 p. in-8, collée sur

1063 1272 1873 1311 papier fort. 10 fr.

1016 1344 1874 1391 4212 ANGOULÊME (Louis-Antoine

1063 1398 1874 1439 duc d’), fils de Charles X, époux de la

1062 1445 1874 1479 fille de Louis XVI. — L. a. s. à M. Ba¬

1063 1494 1873 1533 vez, 1. p in-4. 25 fr.

1148 1555 1877 1591 « C’est tout de notre cœur que nous

1104 1592 1877 1626 donnons, la Duchesse d’Angoulême et

1104 1628 1877 1662 moi, notre entière approbation à la

1104 1664 1878 1697 nomination d’un aussi fidel (sic) ser¬

1104 1700 1878 1734 viteur du Roi que vous, qui a donné

1105 1736 1879 1769 autant de preuves dans tous les tems. »

1019 1812 1876 1852 4213 ANTOINE (François-de-Paule),

1067 1860 1877 1898 duc de Cadix, frère de Ferdinand VII,

1067 1908 1878 1948 roi d’Espagne (1795-1860). — Lettre

1068 1955 1879 1995 a. s. à Louis-Philippe, Roi des Fran¬

1068 2003 1879 2043 çais. Madrid, 1848, 2 p. in-4, avec en¬

1068 2051 1878 2091 veloppe aut, cachet. 40 fr.

1154 2113 1881 2147 « Demain matin aura lieu le départ

1109 2148 1881 2182 de ma bien aimée Louise qui se rend à

1110 2184 1882 2219 Paris avec son époux le duc de Sassa.

1109 2221 1883 2255 Je profitte donc de cette occasion pour re¬

1110 2256 1883 2290 nouveller à Votre Majesté ma gratitude

1111 2292 1883 2327 pour toutes ses bontés envers moi et

1111 2328 1883 2362 ma famille, bontés qu’elle voudra bien

1111 2365 1884 2398 dispenser aux jeunes voyageurs... »

1026 2433 1883 2472 4214 ARA O O (François-Victor-Em¬

1074 2481 1884 2521 manuel), homme politique. — Quatre

1075 2529 1884 2569 lettres a. s. (vers 1841); ens. 4. p 1 /2,

1076 2577 1884 2609 in-12. 25 fr.

1159 2639 1888 2667 Envoi d’une stalle de théâtre. Excuse

1117 2675 1889 2708 de ne point se rendre à une invi¬

1116 2711 1889 2744 tation. Demandes de documents judi¬

1117 2747 1889 2780 ciaires. « Vous m’avez promis de me

1116 2782 1890 2817 remettre quelques documents de juris¬

1118 2819 1890 2852 prudence sur une question de diffama¬

1118 2855 1890 2888 tion, entre autres un jugement de la

102 2891 956 2929 4208 ALGÉRIE. — Pièces officielles du

150 2943 957 2982 Ministère de la Guerre, relatives à

151 2990 957 3032 l’Algérie. — a) Copie d’une dépêche

152 3040 958 3080 du général Marey-Monge, gouverneur

152 3086 958 3129 de l’Algérie, 1848. — b) Copie d’une

1118 2890 1891 2918 Police correctionnelle. Mon affaire vient

1118 2926 1298 2953 demain. »

1031 2989 1890 3029 4215 ARCOS (René), littérateur. —

1080 3037 1891 3077 L. a. s. à un confrère, 1 p. 1 2, in-8

1080 3084 1891 3125 obl. à l’encre rouge. 12 fr.

520 3169 1479 3213 ACHAT DE LIVRES ET D’AUTOGRAPHES
