2127 3425
275 185 323 226 10

1503 200 2042 232 LIBRAIRIE SIMON KRA

399 279 1123 314 « Je vous remercie pour votre flatteuse

352 315 1123 348 appréciation de ma découverte Rutlan¬

353 350 1122 386 dienne. Elle va prendre des proportions

352 388 1117 422 que peu de personnes soupçonnent. »

265 449 1118 491 4297 DESAUGIERS (Marc-Antoine-

312 497 1119 538 Madeleine), chansonnier. —- Le vieux

311 545 1118 587 Soldat, chanson signée, écrite et égale¬

311 593 1118 633 ment signée par son collaborateur

311 640 1115 682 Gentil de Chavagnac, 3 p. in-4. 20 fr.

346 696 1032 731 D’puis vingt ans, d'succès en succès

346 733 1026 768 J’ons prom’né c't'uniforme français

347 768 882 804 Aisément cela se peut croire

346 804 930 838 El ça sans un’ tache seul’ment.

258 863 1115 909 4298 DESDORIDES (Louis), général

306 916 1113 955 de division. — Pièce s., Paris, an V,

306 964 1112 1005 une page in f° vignette gravée. 20 fr.

388 1020 1114 1055 Certificat donné au citoyen François

344 1056 1114 1091 Rageau, attestant qu’il ne jouit que de

342 1092 1110 1127 2400 francs d’appointements par an.

257 1154 279 1197 4299 DEVAL (Marguerite), actrice.

279 1154 1109 1198 4299 DEVAL (Marguerite), actrice.

303 1203 1107 1244 L. a. s. à Monsieur..., 3 p. in-8. 18 fr.

385 1259 1111 1287 Lettre de recommandation en faveur

340 1294 802 1329 de Mlle Léonie Georges.

253 1357 1108 1398 4300 DEVERIA (Achille), célèbre pein¬

299 1406 1107 1443 tre. — L. a. s. à Tamburini, artiste au

300 1453 1106 1493 Théâtre italien, 1833, 1 p. in-8. 30 fr.

381 1509 1109 1543 « C’est un vrai chagrin pour moi d’avoir

336 1545 1107 1580 fait un portrait qui ne vous soit pas

335 1581 1106 1616 agréable. Mais quand je n’ai pas réussi

335 1616 1107 1651 à un travail, il m’est impossible de le

333 1661 630 1681 recommencer. »

246 1715 1103 1756 4301 DIDEROT. — Article anonyme

293 1763 1103 1804 de critique sur l'Essai sur Sénèque de

294 1811 1099 1849 Diderot ; ms. du XVIIIe siècle. 11

292 1859 1098 1899 pages petit in-4. 25 fr.

373 1914 1100 1949 Très intéressante pièce. Critique très

328 1950 1100 1984 documentée sur l’ouvrage de Diderot,

328 1987 1100 2020 qui paraît avoir été faite par une per¬

327 2023 794 2056 sonne de son entourage.

239 2085 1096 2126 4302 DIONISI (Giangiacomo), littéra¬

287 2134 1096 2173 teur italien, auteur de la Preparazione

284 2181 1092 2220 allô studio di Dante (1738-1808). — L.

280 2229 1092 2269 a. s. (en italien), à Francesco Colmo, s. d.

282 2276 1092 2316 une p. in-8 obi. un peu froissé. 20 fr.

364 2332 1094 2366 Envoi d’un essai promis. « On se ser¬

319 2368 1094 2402 vira pour cette impression du privilège

318 2404 866 2437 des églises de Vorcella. » etc.

228 2466 1092 2507 4303 DOCHE (Eugénie), actrice. —

274 2514 1090 2554 Lettre a. s. à Bocage ; s. d. (1851), une

275 2562 1087 2601 p. in-8. 20 fr.

357 2620 1089 2654 « Il s’agit de donner au souffleur de

313 2655 1088 2684 la Porte-Saint-Martin l’autorisation de

313 2691 1088 2726 me copier le manuscrit de Claudie. Je

312 2727 1081 2761 désire jouer l’ouvrage à Bruxelles. »

223 2790 1083 2830 4304 DONIZETTI (Gaetano), composi¬

270 2838 1082 2878 teur. — Billet a. s. 1/2 p. in-8 (raccom¬

269 2884 1080 2925 modé). 12 fr.

220 2949 1079 2991 4305 DORIA (Sinibaldo), évêque de

266 2997 1077 3035 Bénévent m. en 1733. — Lettre s. (en

267 3045 1075 3084 italien), au Vice-Roi de Naples ; 1733,

262 3091 1072 3132 3 p. in-4. 30 fr.

1327 282 2044 317 Il explique comment le couvent des

1282 318 2043 347 Moniales de Sainte Catherine de Sienne

1279 354 2043 382 de Montefresco a été détaché de l’obé¬

1279 390 2042 422 dience de son diocèse, et comment les

1279 425 2042 460 chanoines de l’église collégiale de ce

1279 462 2042 493 même endroit, voulant vivre » avec une

1278 496 2042 531 liberté séculière prétendent y avoir

1277 533 2041 567 droit parce que leur collège a été fondé

1277 569 2041 603 en 1395 par les anciens rois de Naples. »

1276 606 1338 631 etc.

1189 660 2038 700 4306 DROUYN DE L'HUYS (Edmond)

1236 709 2038 749 homme d’état français. —- L. a. s. à

1236 756 2037 797 Merruau, 1860, une p. in-8. 20 fr.

1320 818 2038 851 « Le sieur Graillon, ancien concierge du

1274 849 2038 887 ministère des Affaires Étrangères ayant

1274 889 2038 923 éprouvé des revers de fortune, désire¬

1275 925 2036 959 rait vivement être nommé inspecteur du

1274 961 2038 995 balayage... je vous serais particulière¬

1273 997 1626 1031 ment obligé, etc. »

1184 1060 2034 1101 4307 DU BOGCAGE (Marie Le Page,

1231 1108 2034 1148 dame), célèbre poétesse. — L. a. s. au

1231 1155 2031 1196 marquis de Saint-Aignan), 1769, 2 p.

1232 1203 2032 1234 in-4. 30 fr.

1314 1264 2034 1300 « J’ai peine à me défendre de l’illu¬

1269 1301 2034 1336 sion que votre mérite et ma vanité me

1270 1336 2033 1372 font sur vos louanges. Je vous dirai sou¬

1269 1376 1859 1406 vent en vers comme en prose.

1312 1426 1785 1461 Si tu trompe ma vanité

1312 1461 1952 1496 Du moins le soin que prend ta lire

1312 1498 1847 1533 Me dit que l'amitié l’inspire.

1311 1533 1807 1569 Ce prix vaut l'immortalité. »

1180 1603 2029 1643 4308 DUMAS (Alexandre), père, ro¬

1226 1649 2029 1686 mancier. — Lettre a. s. à Giraud, édi¬

1227 1697 2027 1739 teur, s. d. une page 1/2, in-8, papier à

1224 1744 2026 1778 son chiffre. 25 fr.

1307 1805 2026 1839 « Je suis arrivé le dimanche gras à

1262 1841 2026 1876 trois heures. Je me suis reposé le lundi

1261 1877 2026 1913 et le mardi ; je suis allé au Bal masqué.

1261 1912 2026 1949 Ah ! c’est là qu’on retrouve la vie !... »

1173 1982 2024 2023 4309 DUMAS FILS (Alexandre), célè¬

1220 2030 2022 2072 bre auteur dramatique. — L. a. s. à

1219 2077 2022 2119 l’acteur Lafontaine, 3. p. 1/2 in-8 ;

1218 2124 2019 2168 légères taches. 40 fr.

1298 2186 2023 2222 Belle lettre au sujet d’un article. « J’au¬

1254 2221 2022 2258 rais autant aimé qu’il ne parût pas, mais

1253 2257 2021 2295 je suis habitué depuis longtemps à ces

1255 2294 2021 2331 petites trahisons-là... C’est peut-être une

1254 2328 2020 2364 sottise, mais comme je n’ai plus besoin

1252 2363 2020 2402 d’argent j’aime mieux en gagner moins

1252 2401 2019 2435 et avoir un succès moindre, que de rom¬

1252 2435 2019 2474 pre des relations qui m’ont jours été

1251 2476 1494 2507 chères, etc. »

1164 2534 2015 2575 4310 DUMAS FILS (Alexandre), —

1211 2580 2013 2620 Lettre a. s. à un confrère, 3 p. in-8.

1900 2627 2012 2659 30 fr.

1295 2693 2014 2722 Il lui conseille de mettre son œuvre

1245 2724 2014 2764 au point ; J’ai vu Claretie. Il a, paraît-il,

1245 2762 2014 2799 des engagements formels pour le commen¬

1244 2795 2013 2830 cement de la saison. S’il n’en avait qu’a¬

1243 2837 1450 2865 vec moi. »

1156 2894 2009 2939 4311 DUMAS (Marie), fille d’Alexandre

1203 2943 2006 2986 Dumas père, actrice. — Deux lettres

1201 2990 2005 3032 a. s. Paris, 1867 et 1884, eus. deux p.

1199 3040 2006 3078 in-12 et in-4, l’une d’elles sur program¬

1197 3082 2004 3120 me illustré d’un de ses concerts. 40 fr.

638 3172 1593 3216 ACHAT DE LIVRES ET D’AUTOGRAPHES
