1891 3051
875 425 1050 465 - 5-

466 538 1697 593 né à Pau. — L. a. s. au général de Wimpffen; Paris,

463 593 1697 648 19 mars 1869, 1 p. in-8°. 5 »

430 659 1374 698 Il lui recommande son neveu, Théodore de Mottreux.

235 724 1698 780 88063 BOURGET (Paul), le célèbre romancier, membre de l’Aca¬

463 782 1697 836 démie française. —- L. a. s. à un ami, 1 p. in-8°. 5 »

429 847 1693 890 Il demande des places pour voir jouer Sacha Guitry qu’il n’a jamais vu.

235 912 1695 969 88064 BOURGAULT-DUCOUDRAY (Louis-Albert), compositeur

462 970 1692 1023 de musique, auteur de Thamara, né à Nantes. — L. a. s.

461 1025 1617 1079 à l’éditeur Klein; 22 novembre 1887, 3 p. 1/2 in-8°.

1571 1097 1694 1122 10 »

429 1146 1697 1187 Intéressante lettre relative à la représentation de ses œuvres à Rouen.

232 1210 1695 1266 88065 BUNSEN (Robert), célèbre chimiste et physicien allemand,

458 1268 1694 1321 né à Gottingue. — L. a. s. à M. Dumas; Heidelberg,

459 1314 1695 1377 14 décembre 1858, 2 p. 1/2 in-8°.  15 »

422 1388 1695 1431 Il lui recommande un de ses élèves le Dr Schneider de Strasbourg, qui

378 1432 1408 1472 recherche une place au Collège commercial de Mulhouse.

228 1495 1696 1556 88066 CABANIS (Pierre-Jean-Georges), le célèbre physiologiste

455 1552 1695 1606 et philosophe. — L. a. s. à Suard; Auteuil, 19 prairial

455 1607 1692 1659 an XI, 1 p. in-8°. 15 »

421 1673 1695 1714 Jolie lettre où il s’excuse de ne pouvoir se rendre à la séance de l’Ins¬

371 1716 1210 1755 titut et le prie de venir le voir avec sa femme.

221 1774 1687 1836 88067 CARÊME (Marie-Antoine), fameux gastronome. — L. a. s.

450 1838 1689 1891 à M. Jay; Paris, Ier juin 1829, 2 p. in-8°. 10 »

421 1904 1690 1946 Il l’approuve de chercher à s’affranchir de la servitude par la mise en

380 1949 759 1979 action de ses talents.

219 2007 1686 2063 88068 CARPEAUX (Jean-Baptiste), le célèbre sculpteur, né à Va¬

448 2065 1688 2114 lenciennes. — L. a. s. à un docteur; Paris, 18 novembre

450 2120 1684 2174 1874, 2 p. in-8°. 20 »

392 2179 1686 2222 Il souffre horriblement, des affaires d’intérêt l’empêchent de partir pour

373 2225 1426 2271 Naples. Il lui dit adieu et le remercie de ses bons sentiments.

217 2291 1685 2346 88069 CASSAGNAC (Paul de), le célèbre publiciste, né à Paris. —

445 2347 1684 2400 Le droit au deuil, manuscrit aut. sig., 11 p. in-folio, cou¬

443 2404 1680 2457 pées pour l’impression. 15 »

415 2469 1680 2510 Il établit que la France a le droit de porter le deuil de l’Alsace-Lorraine

370 2513 1679 2555 et de garder fidèlement le souvenir de ces deux provinces, surtout après les

352 2553 1257 2604 élections protestataires qu’elles venaient de faire.

213 2618 1678 2674 88070 CAVAIGNAC (Godefroid), un des chefs du parti républi¬

442 2674 1676 2729 cain sous Louis-Philippe. — L. a. s. à Mme H. Cornu;

443 2730 1677 2784 Orléansville, 16 novembre 1843,  11 p. 1/2 in-8°. 20 »

413 2790 1676 2834 Longue et intéressante lettre relative à l’Algérie, il lui parle d’un combat

370 2836 1175 2869 où le cheval de son frère et le sien ont été tués.
