1879 3092
815 413 1010 471 — 6 —

192 522 1650 588 88071 COROT (Camille), le grand peintre. — L. a. s. à M. Morin;

417 580 1655 639 Paris, 3 mai 1872, 1 p. in-8°. 15 »

388 650 1656 701 Il le prie d’expédier un de ses tableaux à M. M. Tedesco, pour le cas où

343 700 1128 746 il n’aurait pas trouvé preneur à l’exposition.

195 768 1656 832 88072 CORVISART (Jean-Nicolas, baron), premier médecin de

418 824 1658 886 Napoléon Ier, né à Dricourt (Ardennes). —- L. a. s. à

420 879 1658 937 M. Louis, avocat à Paris; Bourbonne-les-Bains, 15 juillet

420 939 1657 998 1816, 1 p. 1/2 in-4°. 12 »

389 1007 1660 1057 Il lui reproche, d’un ton humoristique, de ne pas l’avoir entretenu de ses

347 1063 831 1095 affaires et de ses embarras.

196 1125 1661 1189 88073 CRÉBILLON fils (Claude-Prosper), conteur licencieux,

423 1182 1662 1245 auteur du Sopha, — Note aut. sig. (3 lignes), écrite à la

423 1237 1663 1301 dernière page d’un manuscrit; Paris, 6 septembre 1768,

423 1299 1665 1349 in-folio. 25 »

393 1367 1665 1416 Permis d’imprimer pour le manuscrit intitulé la Morale au Théâtre-Fran¬

352 1410 1665 1461 çais, composé d’extraits d’un grand nombre de pièces du répertoire du

351 1467 657 1504 Théâtre-Français.

202 1529 1665 1590 88074 DARWIN (Charles-Robert), l’illustre naturaliste anglais.

428 1585 1668 1644 — L. a. s.; Down, 1 p. in-8°. Quelques mots ont été

426 1642 1669 1701 récrits, en interlignes, par une autre main. 15 »

201 1723 1667 1785 88075 DAUBENTON (Louis-Jean-Marie), célèbre naturaliste,

426 1781 1669 1835 collaborateur de Buffon, né à Montbard. — L. a. s. ; au

427 1837 1671 1896 Jardin du Roi, 17 septembre 1788, 2 p. in-4°. 15 »

396 1908 1671 1955 Il demande l’approbation d’une dépense de 120 livres pour la nourriture

355 1953 1673 1999 d’un casoar et l’indemnité à donner au quartier-maître qui l’a soigné depuis

355 1997 1293 2045 l’île de France jusqu’à la ménagerie du Jardin du Roi.

202 2064 1673 2131 88076 DAUBRÉE (Gabriel-Auguste), célèbre géologue et minéra¬

429 2127 1671 2184 logiste, membre de l’Institut, né à Metz. — L. a. s.;

431 2182 1676 2242 Paris, 19 juin, 2 p. in-8°. 8 »

398 2254 1676 2302 Il demande quel est le procédé à employer pour désinfecter une chambre

357 2306 865 2345 occupée par un scarlatineux.

204 2367 1678 2431 88077 DAUDET (Alphonse), le célèbre romancier, né à Nimes. —

432 2427 1677 2488 L. a. s. à M. Lapierre, 1 p. in-8°. 15 »

399 2499 1678 2547 Il demande si l’on pourrait obtenir le prêt, pour quelques jours, du

362 2544 1677 2590 masque de Flaubert. « M. Leduc voudrait faire le buste de son grand

361 2593 1255 2635 compatriote et l’exposer à Rouen s’il est réussi. »

209 2658 1681 2722 88078 DAUDET (Léon), publiciste et romancier contemporain. —

435 2708 1626 2779 L. a. s., sur une carte-correspondance, 1 p. 1/2 in-16.

1580 2783 1679 2821 5 »

212 2836 1676 2902 88079 DAVID (Félicien), compositeur de musique, auteur du
