1887 3011
877 441 1050 483 - 4 -

392 546 1704 603 sent, arrivé la veille, il n'a jamais songé à rien de pareil pour faire son devoir

392 591 1702 648 et pour dire, au sujet d’un grand homme tel que Spontini, toute l’admira¬

394 651 787 692 tion qu’il lui inspire.

243 703 1704 773 88056 BERRY (Charles-Ferdinand, duc de), le père du comte de

468 759 1706 821 Chambord, assassiné en 1820. — P. s.; Paris, Ier octo¬

468 814 1706 881 bre 1816, 1 p. in-folio oblong, grande vignette gravée

466 874 1708 939 par Lorichon. 35 »

435 936 1705 991 Il atteste que le comte Gaëtan de La Rochefoucauld a suivi le roi en

395 981 1707 1037 Belgique [en 1815], et qu’il a donné des preuves de fidélité, de zèle et de

396 1026 1707 1080 dévouement pour le service du roi comme commandant les volontaires

393 1077 1249 1126 royaux de l’Est en Suisse et en Franche-Comté.

246 1137 1710 1204 88057 BEURNONVILLE (Pierre Riel, marquis de), célèbre géné¬

471 1193 1710 1259 ral des guerres de la République, ambassadeur, maréchal

474 1249 1710 1312 de France en 1816. — P. s. ; quartier-général à Mulheim,

475 1305 1713 1369 10 brumaire an V, 1 p. in-folio, jolie vignette gravée de

474 1363 1715 1415 l’armée du Nord. 10 »

447 1427 1712 1481 Ordre au citoyen Joseph Darey, chef de bataillon, de se rendre au camp

404 1472 1713 1525 de la 29e demi-brigade et d’y prendre le commandement du 3e bataillon.

255 1539 1718 1607 88058 BLANC (Louis), homme politique, historien de la Révolu¬

480 1595 1720 1657 tion française. — L. a. s. à un confrère ; Brighton, 15 avril

481 1652 1722 1715 1868, 2 p. in-folio. 10 »

447 1718 1717 1770 Il remercie pour les lignes de sympathie imprimées dans le Petit Figaro,

407 1763 1717 1814 à l’occasion de la perte de sa mère, perte que le journal croyait récente. « Je

405 1807 1718 1859 l’ai perdue, il n’est que trop vrai, mais quand j’étais tout enfant; et voici

407 1861 1097 1904 que l’âge mûr est déjà derrière moi ! »

255 1919 1722 1986 88059 BOMBONNEL (Charles), fameux chasseur, surnommé le

486 1975 1722 2039 Tueur de panthères, né à Spoy (Aube). — L. a. s. ; Dijon,

487 2030 1727 2094 9 février 1864, 3 p. in-8°. 6 »

454 2102 1390 2150 Il invite son correspondant à venir chasser le sanglier.

262 2163 1728 2230 88060 BONAPARTE (Hortense de Beauharnais, épouse de Louis

491 2220 1727 2283 Louis), reine de Hollande, mère de Napoléon III. — P. s.

491 2276 1732 2340 deux fois; Paris, 26 janvier 1809, 1 p. in-folio. 20 »

458 2342 1731 2395 Pouvoir donné à M. Rougemont de Loowenberg pour toucher les divi¬

417 2391 1393 2439 dendes de ses soixante actions de la Banque de France.

267 2451 1731 2520 88061 BERTHOLON (Pierre, l’abbé), médecin, ami de Franklin,

495 2508 1730 2572 auteur de recherches sur l’électricité, né à Lyon. — L. a.

495 2564 1734 2628 s. à M. Guérin fils; Béziers, 30 octobre 1785, 2 p. 1/2 in-4°,

497 2621 1737 2672 adresse. 10 »

464 2686 1737 2740 Il l’entretient de ses expériences sur l’électricité, des effets de la foudre,

426 2739 1023 2784 de l’imperméabilité du verre, etc.

274 2796 1736 2865 88062 BOURBAKI (Charles), célèbre général, qui commanda l’ar¬

499 2851 1736 2918 mée de l’Est en 1870, vainqueur de Werder à Villersexel,
