1887 3095
843 282 1014 325 - 8 -

220 394 1679 455 88086 DIAZ (Porfirio), général et homme politique mexicain. —

442 449 1677 506 P. s. ; Oaxaca, 14 novembre 1866, 3 p. in-folio. 10 »

407 515 1677 561 Note destinée au général Aymard relative à un échange de prisonniers.

220 582 1676 641 88087 DILLON (Arthur, comte), général, qui se distingua dans

439 637 1676 696 les guerres d’Amérique, commandant de l’armée du

440 694 1675 752 Nord en 1792, décapité le 13 avril 1794. — P. a. s.;

439 749 1679 807 Sivry-la-Perche, 6 octobre 1792, 1/2 p. in-8°. 10 »

410 816 1680 860 Ordre au sergent Louis Narbonne de faire enterrer six cadavres trouvés

365 865 1006 904 dans les maisons de Sivry-la-Perche.

218 920 1679 986 88088 DILLON (Arthur, comte). — L. a. s. au rédacteur du Moni¬

440 985 1681 1040 teur universel, 1 p. 1/2 in-4°. 10 »

414 1049 1679 1095 Il proteste contre le texte d’une lettre, insérée dans le n° du 5 août, rela¬

371 1094 1680 1139 tive à ce qu’on appelle le blocus de la ville de Saint-Pierre de la Martini¬

371 1138 1680 1183 que. Le comte de Damas n’a commis aucun des excès qui lui sont reprochés

365 1192 682 1222 dans cette lettre.

218 1251 1678 1310 88089 DROZ (Gustave), célèbre romancier, auteur de Monsieur,

442 1308 1681 1361 Madame et Bébé. — L. a. s. à un docteur; (10 décembre

445 1366 1682 1421 1884), 4 p. in-8°. 15 »

414 1429 1682 1474 Il lui signale l’état alarmant de son vieil ami Labiche père, dont la phy¬

375 1474 1683 1517 sionomie reflète l’anxiété de ceux qui s’en vont. Il lui promet de lui cher¬

385 1517 1682 1562 cher pour femme une parisienne qui consente à passer l’hiver dans le

388 1570 474 1599 midi.

229 1629 1682 1688 88090 DRYANDER (Jonas Eichmann, dit), naturaliste suédois,

449 1686 1684 1743 qui se fixa en Angleterre et devint le bibliothécaire de

449 1742 1685 1798 Banks. — L. a. s., en anglais; Londres, 23 septembre

449 1799 1688 1854 1805, 2 p. in-4°. 15 »

413 1867 835 1908 Belle lettre scientifique.

231 1928 1691 1990 88091 DUCORNET (Louis-César-Joseph), peintre estimable, né

450 1987 1692 2044 sans bras, à Lille. — i° L. a. s. à M. Legrip, 1 p. in-8°. —

453 2044 1689 2100 2° Dessin au crayon, avec dédicace aut. sig., 1 p. in-4°.

1567 2107 1693 2146 25 »

421 2154 1226 2198 Joli dessin représentant un soldat napolitain.

233 2215 1694 2280 88092 DUFOUR (Guillaume-Henri), général et homme d’État

453 2278 1692 2333 suisse, né à Constance. — L. a. s. à M. Tognietti, 1 p.

453 2333 1694 2385 in-8°. 5 »

231 2402 1697 2464 88093 DUPUYTREN (Guillaume), célèbre chirurgien, né à Pierre-

455 2461 1693 2519 Buffière (Haute-Vienne). — P. a. s.; 8 décembre 1827,

455 2519 1696 2572 2 p. in-4°. 10 »

426 2583 1698 2628 Procès-verbal de deux visites qu’il a faites à un blessé qui a reçu une

384 2627 1697 2673 balle dans le cerveau. Il a reçu quarante francs pour chacune des visites,

379 2672 1696 2717 mais aucune rétribution pour l’opération qu’il a faite au blessé, qui s’est

380 2721 935 2756 trouvé mieux immédiatement.
