1923 3050
890 319 1072 367 — 7 —

488 437 1719 487 Désert, né à Cadenet (Vaucluse). — L. a. s. à M. A. Me¬

484 491 1718 542 réaux, à Rouen; (23 mars 1846), 1 p. 1/2 in-8°. 15 »

450 563 1621 601 Intéressante lettre pour la transposition du rôle du ténor du Désert.

255 634 1711 686 88080 DELAMBRE (Jean-Baptiste-Joseph), célèbre astronome,

484 692 1714 740 qui fut chargé, avec Méchain, de la mesure d’un arc du

483 748 1712 796 méridien, né à Amiens. — L. a. s. au général Sanson;

486 803 1714 852 (s. d., mais après 1799), 4 p. in-4°. 25 »

452 874 1712 910 Intéressante lettre scientifique entièrement relative à la confrontation et

407 917 1712 954 à la mesure des trois règles qui ont servi à la mesure des bases de Melun et

407 962 1713 998 de Perpignan. Il demande que l’on remettre au bureau des longitudes les

405 1007 1712 1043 matériaux qu’il avait rassemblés pour servir à l’histoire de l’astronomie.

405 1051 1537 1087 Ces matériaux sont complètement inutiles au dépôt de la guerre.

252 1122 1715 1172 88081 DENECOURT (Claude-François), le Sylvain de la Forêt de

479 1180 1711 1227 Fontainebleau. — L. a. s. à M. Alphonse Duchesne;

480 1235 1715 1283 2 mars 1859, 4 p. 1/2. 10 »

445 1306 1708 1341 Très curieuse lettre dans laquelle il se défend contre les attaques de

404 1350 1705 1385 Champfleury, qui l’accusait d’avoir saccagé la forêt de Fontainebleau.

405 1394 1658 1429 Denecourt proteste vigoureusement et donne des détails sur son œuvre.

250 1459 1714 1513 88082 DESCHAMPS (Émile), célèbre poète de l’école romantique,

479 1520 1713 1568 né.à Bourges. — P. de vers aut. sig. (10 vers), 1 p. in-4°.

1588 1584 1716 1610 20 »

446 1634 1456 1669 Curieuse pièce dans laquelle il fait l’éloge de la musique :

494 1689 1468 1724 « Langue sainte, où jamais ne germe un mauvais livre !

494 1733 1410 1766 « S’il est des mortels sourds ou froids à tes accords,

487 1774 1423 1819 « C’est que Dieu n’a pas mis une âme dans leur corps.

246 1849 1714 1897 88083 DESGENETTES (René Dufriche, baron), le célébré méde¬

472 1903 1712 1952 cin militaire, né à Alençon (Orne). —L. a. s. à l’intendant

471 1959 1710 2008 général de l’armée; quartier général à Berlin, 15 septem¬

472 2015 1709 2063 bre 1807, 2 p. in-folio. 20 »

438 2085 1706 2128 Il appelle son attention sur des inobservations des règlements militaires

397 2130 1026 2165 concernant l’évacuation des blessés.

241 2204 1705 2252 88084 DESMOULINS (Camille), le célèbre publiciste, député de

469 2258 1705 2306 Paris à la Convention, né à Guise (Aisne), décapité avec

469 2314 1707 2363 Danton le 5 avril 1794. — Pièce aut., 1 p. in-4°. 30 »

437 2381 1615 2425 Fragment d'un article où il met en cause La Fayette et Louis XVI.

239 2458 1708 2512 88085 DETAILLE (Édouard), le célèbre peintre. — L. a. s. à

470 2518 1650 2569 M. J. Doucet; 17 janvier 1889, 2 p. in-8°, enveloppe.

1581 2584 1704 2610 12 »

434 2639 1703 2679 Il se plaint des faussaires et déclare qu’il n’a aucun croquis à vendre et

392 2684 1705 2724 qu’il ne veut pas en vendre. Toutes ses affaires, d’ailleurs, sont traitées par

388 2731 720 2765 la maison Boussod.
