1913 2972
318 396 1770 476 LETTRES AUTOGRAPHES

863 511 1219 541 EN VENTE CHEZ

452 581 1638 654 Noël CHARAVAY, expert en autographes

745 678 1335 711 3, rue de Furstenberg, à Paris

351 780 1772 824 (Depuis le mois d’avril 1918, nos prix sont absolument nets à cause de

306 835 1764 883 la taxe de 10 % sur les objets de collection ; nous prenons, d’ailleurs, cette

308 892 1188 936 taxe à notre charge en compte avec le Trésor.)

302 1050 1764 1107 88043 ALENÇON (René de Valois, duc d’), prince du XVe siècle,

527 1110 1766 1163 que Louis XI fit enfermer dans une cage de fer pour

526 1166 1766 1218 avoir voulu vendre son duché au duc de Bourgogne. —

526 1222 1763 1273 P. s., sur vélin; Alençon, 14 mars 1484 avant Pâques;

526 1277 1758 1329 1 p. in-4° oblong. Petite déchirure enlevant trois mots.

1636 1346 1761 1383 50 »

495 1389 1583 1427 Reçu de la somme de 600 livres pour la dépense de son hôtel.

296 1455 1759 1511 88044 ALENÇON (François, duc d'), cinquième fils de Henri II et

524 1508 1761 1566 de Catherine de Médicis, prétendant à la main d’Élisa¬

522 1564 1761 1621 beth d’Angleterre. — P. s., sur vélin ; Mons, 1 septem¬

521 1625 1760 1676 bre 1578, 1 p. in-folio oblong. 15 »

486 1691 1759 1730 Commission à Guillaume Macé pour la charge de contrôleur ordinaire des

444 1736 1102 1774 guerres en l’armée du duc d’Alençon.

288 1801 1757 1855 88045 AMIEL (Henri-Frédéric), écrivain et moraliste suisse, né à

515 1858 1753 1911 Genève. — L. a. s. à un poète; Genève 24 décembre 1879,

516 1916 1755 1966 1 p. in-8°. 15 »

480 1981 1670 2020 Il lui reproche de l’oublier et lui demande l’envoi de ses brochures.

288 2042 1755 2101 88046 ANDRÉOSSY (Antoine-François), célèbre général et diplo¬

514 2104 1752 2159 mate, né à Castelnaudary. — L. s. au citoyen Gau; Paris,

516 2160 1753 2213 Ire jour complémentaire an IX, 1 p. in-4°, vignette im¬

511 2217 1752 2268 primée. 5 »

286 2288 1750 2348 88047 ANGOULÊME (Jean d’ORLÉANS, comte d’), seigneur

512 2345 1750 2403 d’Épernay et de Romorantin, grand-père de Fran¬

512 2405 1747 2457 çois Ier. — P. s., sur vélin ; 17 avril 1465 après Pâques,

511 2464 1750 2515 1 p. in-4° oblong. Rare. 50 »

476 2526 1746 2567 Mandement à M. Robert Bassart, receveur général des finances, de

434 2572 1745 2614 payer à Pierre Bragier, seigneur de Puygarreau, la somme de 500 écus

435 2615 1745 2656 d’or neufs en déduction de la somme de 4.500 écus pour ce qu’il reste lui

433 2659 1744 2703 devoir sur l’acquisition de la terre et seigneurie de Bourg-Charente (Cha¬

428 2708 538 2744 rente).
