1924 2992
871 382 1048 427 — 3 —

228 489 1686 553 88048 BARBEY D’AURÉVILLY (Jules), le célèbre écrivain, né à

457 546 1686 608 Saint-Sauveur-le-Vicomte (Manche). — L. a. s. à Mlle Éli¬

466 607 1694 664 sabeth Bouillet: Saint-Louis, 1884, 1 p. in-8°. 20 »

422 672 1389 715 Belle lettre intime, signée Jiules, écrite à l’encre rouge.

227 733 1680 796 83049 BARBEY D’AURÉVILLY (Jules). — Billet aut. sig. J. B.

457 795 1684 851 d'A. à une dame ; 1 p. in-12 oblong. 10 »

421 866 1684 910 Très aimable billet écrit à l’encre rouge, sur une carte lettre au verso de

379 904 1683 956 laquelle la signature Jules Barbey d’Aurévilly est fac-similée à l’encre verte.

228 979 1681 1040 88050 BARRAS (Paul), fameux conventionnel et directeur né à

454 1039 1680 1096 Fox-Amphoux. —L. a. s. B. à Mme de Montpezat ; Paris,

453 1095 1683 1150 dimanche, 1 p. in-8°. 50 »

422 1166 1683 1210 Il lui recommande de prendre du chocolat de Beaune pour ses douleurs

380 1210 1683 1254 d’estomac ; pour lui il va mieux grâce, sans doute, au vin de Nuna campana

379 1253 1683 1298 dont il fait usage. Le secrétaire de Kléber, (Barras écrit Cléber), lui a donné

380 1298 1682 1342 de curieux détails sur la fin tragique de ce grand homme de guerre. « L’An¬

380 1342 1685 1386 glais ne se désaisira pas du rocher important de Malthe pour y placer le

377 1386 1149 1427 misérable (Napoléon ?) qui a tout opprimé. »

226 1450 1683 1511 88051 BARTET (Julia Régnault, Mme), artiste dramatique,

454 1506 1682 1562 sociétaire du Théâtre-Français. — L. a. s., 2 p. in-8°.

454 1562 1685 1618 Jolie pièce. 10  »

227 1637 1681 1697 88052 BAYEN (Pierre), pharmacien et célèbre chimiste, dont les

452 1695 1682 1751 découvertes préparèrent celle de Lavoisier, né à Châlons-

449 1750 1680 1807 sur-Marne (Marne). — L. a. s. à M. Charlard, apothicaire

452 1805 1626 1861 du duc d’Orléans ; Bayeux, 22 septembre, 3 p. in-8°.

1558 1884 1680 1919 15 »

415 1918 1590 1963 Il l’entretient de ses travaux et se plaint d’être surchargé de travail.

221 1983 1680 2042 88053 BECQUEREL (Antoine-César), célèbre physicien, membre

411 2041 1678 2101 de l’Académie des Sciences. — L. a. s. ; Paris, 26 mai

450 2096 1678 2153 1868, 3 p. in-8°. 12 »

418 2168 1676 2213 Lettre scientifique relative à ses recherches sur le magnétisme de l’oxy¬

366 2203 457 2253 gène.

218 2279 1673 2337 88054 BEDEAU (Alphonse), général de l’armée d’Afrique, il fut

446 2335 1673 2392 nommé divisionnaire après la bataille d’Isly, ministre de

445 2390 1669 2448 la guerre en 1848, né à Vertou près de Nantes. — L. a. s.

444 2445 1668 2502 à un colonel; Constantine, 8 décembre 1846, 3 p. in-8°.

1571 2520 1670 2556 5 »

409 2561 1670 2606 Il lui donne les raisons pour lesquelles il ne peut inscrire le capitaine

371 2607 973 2641 Rose sur le tableau d’avancement.

214 2671 1671 2731 88055 BERLIOZ (Hector), l’illustre compositeur de musique. —

442 2723 1669 2785 L. a. s. à Érard, 2 p. in-8°. 25 »

411 2800 1666 2845 Il lui exprime le chagrin qu’il a ressenti en recevant son magnifique pré¬
