1959 3034
873 278 263 50 — 292 —

298 370 1055 66 DUPONT (Pierre). — 10, rue Claude-Debussy, 176

354 452 385 61 3792 Paysage.

351 508 370 60 3723 Portrait

301 614 1321 68 HOUILLON (Maurice), 9, avenue Bellevue, à Bagnolet (Seine).

356 692 395 71 13724 Peinture.

356 753 393 63 3725 Peinture.

288 844 1438 73 JOUVIN (Mme Marguerite), née à Bois-Colombes. — 130, boulèvrd

333 906 311 51 de Clichy, 188.

359 975 779 69 3726 Quelques roses. — 450 fr.

361 1031 788 61 3727 Cour normande. — 300 fr.

516 1150 984 68 PROIETS D’EMBLÊMES DECORATIES

432 1221 1177 63 POUR NOS RUES ET ROUTES DE ERANCE

329 1342 1409 66 11 y a plus d’un an, la Confédération des TFravailleurs Intellec¬

288 1400 1438 53 (tuels avait été saisie d’un proiet, émanant de MM. Vermare

288 1448 1453 56 Paillet et Grange, sculpteurs, qu’elle a retenu, non seulement pour

283 1499 1450 50 le proposer au Service des Beaux-Arts de la Ville de Paris, mais

295 1549 765 50 pour le plan d’équipement national¬

336 1590 1400 55 Ai point de départ des boulevards, des avenues, des rues. à

291 1640 1450 53 Paris, d’abord, puis, sans doute, dans bien d’aûtres villes françaises.

291 1683 1447 64 (des bas-reliets. de proportions harmonieuses, devraient être fixés

288 1736 1448 54 (évoquant le personnage, le fait historique, l’idée ou le souvenir du

293 1782 1450 58 passé que les noms des voies publiques doivent rappeler aux

295 1842 197 45 passants.

329 1873 1409 58 Les dimensions de ces motits décoratits, exécutés en matière

291 1926 1442 56 ou à l’état de proiets, devraient être suffisantes pour que le suie.

296 1974 1452 58 Soit clairement exprimé et lisible, sans dépasser certaines mesures

296 2026 521 52 (sélon les emplacements.

340 2073 1393 50 Suivant les crédits et selon les éditices sur lesquels elles seraien

308 2123 1423 49 apposées, ces plaques seraient exécutées en pièrre, granit, marbr

298 2170 752 49 jou bronze. fresques, mosaique, etc.

336 2212 1407 55 (Elles resteraient la propriêté des villes en cas de démolition ou de

296 2262 1113 53 transformation des bâtiments qu’elles orneraient.

341 2310 1415 53 Cette innovation pourrait aider les artistes à traverser une

300 2359 1202 51 période de chômage qui sévit particulièrement sur eux.

336 2404 1417 56 C’est pourquoi le Comité de la Société des Artistes Indépen¬

296 2452 1437 56 (dants à cru bon de donner la possibilité aux sociétaires de pré

311 2550 1056 69 emplacemene spécial dans l’Exposition de 1935,

1444 2592 260 59 LE CoMIé.

303 2497 1445 59 senter des proiets répondant à cette suggestion, en réservant un
