5866 9133
1888.0 1022.0 2197.0 258.0 CATALOGUE

2834.0 1460.0 332.0 114.0 D'UNE

2178.0 1778.0 1615.0 164.0 BELLE COLLECTION

2942.0 2145.0 109.0 59.0 DE

1064.0 2388.0 3845.0 335.0 LETTRES AUTOGRAPHES.

2064.0 3454.0 1827.0 179.0 PREMIÈRE VACATION.

1550.0 3730.0 2838.0 170.0 Mercredi 14 mai 1845. -Via 94.

1116.0 3936.0 2077.0 221.0 1 ACADÉMIE FRANÇAISE.

1457.0 4124.0 3446.0 190.0 Arrêté de Messieurs de l’Académie française, mis entre les mains

1330.0 4245.0 3570.0 199.0 de Monseigneur le chancelier Protecteur, en date du 15 avril 1659,

1335.0 4363.0 3566.0 205.0 pour lui témoigner le grand désir qu'ils ont de voir finir les divi¬

1335.0 4487.0 3561.0 201.0 sions qui la troublent.... « A cet effet a été adressé le présent acte,

1342.0 4611.0 3558.0 201.0 « signé des vingt-trois membres présents. » Suivent les signatures

1331.0 4731.0 3560.0 203.0 de « l’abbé Tallemant, Hardoin de Péréfixe, Bautru , Chapelain,

1332.0 4857.0 3560.0 191.0 « Desmarest, Olivier Patru, Charpentier, Lachambre, Pellisson-

1332.0 4971.0 3558.0 201.0 « Fontanier, La Meinadière, De La Mothe, Doujat, Chaumont,

1325.0 5099.0 3560.0 205.0 « Giry, Gombault, César d’Eslrées, Priézac, Ch. Cotin, Mézeray,

1320.0 5231.0 936.0 127.0 « De Metz, etc. »

1089.0 5368.0 3785.0 260.0 2. ACADÉMIE FRANÇAISE (Membres de I’), 4 lettres.

1438.0 5554.0 3448.0 204.0 BISSY (Claude Thiard de). Aut. sig. à M. Desmarest. 18 août

1322.0 5681.0 1384.0 146.0 1773. 1 page in-4 ; cachet.

1441.0 5802.0 3442.0 202.0 LANGURT DE GERGY, archev. de Sens. Aut. sig. à M. Mar¬

1320.0 5925.0 1390.0 144.0 ville. 1 page in-4 ; cachet.

1427.0 6044.0 3442.0 208.0 CAYLUS (de), évêque d’Auxerre. Aut. sig. à M. Grosset. 10 juin

1317.0 6167.0 958.0 136.0 1742. 2 page in-4.

1424.0 6270.0 2888.0 207.0 LA TRÉMOILLE (Le duc de). Aut. sig. 15 mai 1732.

1072.0 6443.0 3787.0 258.0 3. ACADÉMIE FRANÇAISE (Membres de l’), 4 lettres.

1426.0 6628.0 3444.0 196.0 DE MESMES (J.-Ant., comte d’Avaux). Aut. sig. à M. l’abbé

1299.0 6747.0 2033.0 160.0 Pucelle. 23 février 1712. 1 page in-4.

1418.0 6864.0 3445.0 210.0 HARCOURT (Franç -Henri, duc d’). Aut. sig. au marquis de

1290.0 6993.0 2044.0 158.0 Castries. 18 février 1783. 1 page in-4.

1409.0 7116.0 3456.0 200.0 GUIBERT (Jacq.-Ant.-Hippol , comte de). Copie d’une lettre

1286.0 7237.0 3564.0 197.0 de M. de Choiseuil à M. Guibert, et donnée par M. Guibert à

4184.0 7467.0 42.0 97.0 1
