1861 2850
644 413 556 45 CATALOGUE

743 554 353 29 D'UNE BELLE COLLECTION

444 754 954 61 LETTRES AUTOGRAPHES

383 1089 1080 49 1. ADAM (Adolphe), célèbre compositeur de musique, au¬

421 1131 250 33 teur du Châlet.

459 1179 1000 44 1° Billet aut. sig’., 1 p. in-32. — 2° L’Orpheline de village,

417 1216 1043 45 romance aut. sig., paroles et musique, 6 sept. 1845, 2 p.

416 1252 235 39 in-f., oblong.

375 1303 1083 48 2. ALMELOVEEM (Théod.-Jaus. Van), savant médecin

416 1344 807 49 hollandais, traducteur d’Hippocrate et de Celse.

451 1395 1006 47 45 lot. aut. sig., en latin, h Henri Van Sypesteyn, à

414 1431 1043 44 Doorn; Harderwick (Hollande), 1693-1711, environ 80 p.

416 1468 235 37 in-4, cachets.

470 1514 988 37 Correspondance littéraire, bibliographique et scientifique fort intéressante.

373 1558 1085 47 3. ARNOULD (Sophie), actrice de l’Opéra, aussi célèbre

414 1600 554 45 par son esprit que par son talent.

448 1649 1006 42 L. a., sig. Sojrirfe Ar., à sa chère amie... ; Paris, 1er fruct.

410 1687 323 39 an 9, 4 p. pl. in-4.

465 1733 991 38 Epître tout à la fois triste et plaisante sur son état de maladie, qui la force

434 1766 1022 37 à rester sur son cul comme un vieux singe. Si elle sort, c’est pour faire

434 1799 1020 37 quatorze lieues en quinze jours. Tout au plus peut-elle se traîner aux

431 1831 1025 37 Tuileries, et s'y camper sur une chaise pour y regarder les passants et s'en¬

431 1863 1022 37 nuyer de son oisiveté « Qu’y faire ? dit-elle ; souffrir et puis mourir !... La

431 1896 218 27 belle chute!... »

368 1940 1084 47 4. AUBRY-LECOMTE (H.-L.-V.-J.-B ), très habile

408 1981 400 45 dessinateur lithographe.

445 2026 1005 44 L. a. s. à Potrelle, marchand d’estampes, 1824, 1 p. in-8.

409 2065 589 40 Avec une notice biog. imprimée.

366 2113 1086 47 5. BARBIER (A.-A.), savant bibliographe, né à Coulom¬

442 2204 718 43 L. a. s.; Paris, 21 fév. 1807, 1 p. 1/2 in-4.

462 2251 612 34 Relative à son Dictionnaire des Anonymes.

366 2288 1082 57 6. LE MÊME. 4 l. a. s. à Amanton; Paris, 1808-22,

462 2386 988 39 Relatives à son Dictionnaire des anonymes et à sa Bibliothèque d’un

427 2421 229 33 homme de goût.

905 657 30 17 DE

406 2158 101 34 miers.

405 2343 159 38 7 p. in-4.
