1861 2850
644.0 413.0 556.0 45.0 CATALOGUE

743.0 554.0 353.0 29.0 D'UNE BELLE COLLECTION

905.0 657.0 30.0 17.0 DE

444.0 754.0 954.0 61.0 LETTRES AUTOGRAPHES

383.0 1089.0 1080.0 49.0 1. ADAM (Adolphe), célèbre compositeur de musique, au¬

421.0 1131.0 250.0 33.0 teur du Châlet.

459.0 1179.0 1000.0 44.0 1° Billet aut. sig’., 1 p. in-32. — 2° L’Orpheline de village,

417.0 1216.0 1043.0 45.0 romance aut. sig., paroles et musique, 6 sept. 1845, 2 p.

416.0 1252.0 235.0 39.0 in-f., oblong.

375.0 1303.0 1083.0 48.0 2. ALMELOVEEM (Théod.-Jaus. Van), savant médecin

416.0 1344.0 807.0 49.0 hollandais, traducteur d’Hippocrate et de Celse.

451.0 1395.0 1006.0 47.0 45 lot. aut. sig., en latin, h Henri Van Sypesteyn, à

414.0 1431.0 1043.0 44.0 Doorn; Harderwick (Hollande), 1693-1711, environ 80 p.

416.0 1468.0 235.0 37.0 in-4, cachets.

470.0 1514.0 988.0 37.0 Correspondance littéraire, bibliographique et scientifique fort intéressante.

373.0 1558.0 1085.0 47.0 3. ARNOULD (Sophie), actrice de l’Opéra, aussi célèbre

414.0 1600.0 554.0 45.0 par son esprit que par son talent.

448.0 1649.0 1006.0 42.0 L. a., sig. Sojrirfe Ar., à sa chère amie... ; Paris, 1er fruct.

410.0 1687.0 323.0 39.0 an 9, 4 p. pl. in-4.

465.0 1733.0 991.0 38.0 Epître tout à la fois triste et plaisante sur son état de maladie, qui la force

434.0 1766.0 1022.0 37.0 à rester sur son cul comme un vieux singe. Si elle sort, c’est pour faire

434.0 1799.0 1020.0 37.0 quatorze lieues en quinze jours. Tout au plus peut-elle se traîner aux

431.0 1831.0 1025.0 37.0 Tuileries, et s'y camper sur une chaise pour y regarder les passants et s'en¬

431.0 1863.0 1022.0 37.0 nuyer de son oisiveté « Qu’y faire ? dit-elle ; souffrir et puis mourir !... La

431.0 1896.0 218.0 27.0 belle chute!... »

368.0 1940.0 1084.0 47.0 4. AUBRY-LECOMTE (H.-L.-V.-J.-B ), très habile

408.0 1981.0 400.0 45.0 dessinateur lithographe.

445.0 2026.0 1005.0 44.0 L. a. s. à Potrelle, marchand d’estampes, 1824, 1 p. in-8.

409.0 2065.0 589.0 40.0 Avec une notice biog. imprimée.

366.0 2113.0 1086.0 47.0 5. BARBIER (A.-A.), savant bibliographe, né à Coulom¬

406.0 2158.0 101.0 34.0 miers.

442.0 2204.0 718.0 43.0 L. a. s.; Paris, 21 fév. 1807, 1 p. 1/2 in-4.

462.0 2251.0 612.0 34.0 Relative à son Dictionnaire des Anonymes.

366.0 2288.0 1082.0 57.0 6. LE MÊME. 4 l. a. s. à Amanton; Paris, 1808-22,

405.0 2343.0 159.0 38.0 7 p. in-4.

462.0 2386.0 988.0 39.0 Relatives à son Dictionnaire des anonymes et à sa Bibliothèque d’un

427.0 2421.0 229.0 33.0 homme de goût.
