1876 2807
850.0 132.0 198.0 40.0 - 14 -

239 230 1446 47 26 David (Félicien), célèbre compositeur, l’auteur du Désert, — L.

307 275 1381 45 a. s. à M. Boïeldieu, 1 p. in-18. 1 50

238 320 1448 46 27 Deguerry (Gaspard), célèbre prédicateur, curé de la Madeleine,

307 364 1380 48 un des otages de la commune, fusillé avec l’archevêque de

306 409 1380 46 Paris. — L. a. s., 1849, 2 p. in-4. 10 »

349 455 1341 40 Il demande, au nom de la fabrique de la Madeleine, d’être remis en jouissance

307 494 1382 41 de la chapelle de Saint-Hyacinthe, attenante à l'église de l’Assomption, pour des

308 533 951 34 réunions en faveur des classes laborieuses et souffrantes.

240 572 1448 46 28 Delavigne (Casimir), illustre poète, de l’Acad. fr., né au Havre.

307 616 1382 48 — L. a. s. à M. Dufey, libr., 1831, 2p. in-8. Très-jolie lettre. 5 »

240 667 1453 45 29 Delescluze (L.-Ch.), publiciste révolutionnaire, membre de la

308 711 1382 46 Commune et délégué à la guerre, né à Dreux le 2 oct. 1809,

307 755 1384 47 tué aux barricades du Château-d’Eau. — L. a. s. à un jeune

307 794 1382 52 poète; 20 juillet (1869), 1 p. 1/4 in-8. 8 »

349 845 1345 40 Son correspondant n’espérant pas recevoir une réponse, il lui affirme qu’il

308 885 1386 40 répond à toutes les lettres qu'il reçoit. « A mes yeux, c’est un devoir pour tout le

309 924 1383 40 monde, mais surtout pour un journaliste. Je suis d’ailleurs toujours disposé à

311 964 1381 40 accueillir les jeunes gens qui veulent travailler. Par malheur, la poésie ne convient

309 1003 1384 41 guère aux journaux politiques, et la périodicité hebdomadaire du Réveil se prête

311 1043 997 39 peu à la reproduction du travail que vous me proposez...»

242 1087 1452 45 30 De Seine (L.-P.) célèbre sculpteur. — L. a. s. aux sénateurs,

311 1131 1380 46 an XI, 1 p. in-4. 5 »

340 1175 1357 43 Envoi de sa Lettre sur la sculpture destinée à orner les temples catholiques.

315 1216 1383 40 « Daignez, citoyens sénateurs, dit-il, accueillir avec bonté mes opinions sur la

311 1255 1388 41 nécessité indispensable de rendre aux édifices consacrés à la religion catholique cette

312 1295 874 39 magnificence extérieure qui commande le respect. »

245 1338 1452 45 31 Dosne (Mlle S.), belle-sœur de M. Thiers. — L. a. s. écrite à un

312 1384 1383 45 général au nom de M. Thiers, 1 p. in-8. 4 »

245 1433 1454 48 32 Dumas (Alex.) fils, célèbre auteur dramatique. — L. a. s. à

313 1478 1383 46 M. Boïeldieu, 1 p. in-18. 3 »

246 1528 1451 46 33 Enfantin (P.), le père suprême des Saint-Simoniens. — L. a.

314 1572 1384 47 s. au général commandant en chef la garde nationale de Paris,

322 1609 1375 54 1849, 1 p. in-4. Rare. 10 »

358 1663 1341 40 Il demande à être rayé des contrôles de la garde nationale. Agé de 53 ans,

317 1703 1383 40 n'ayant pas été jugé digne de recevoir un fusil depuis février, il fait valoir, com¬

317 1741 1385 41 me motif de retraite, qu'il a été décoré du Lys, pour son service comme artilleur

315 1781 1387 40 polytechnicien en 1814. « Je vous assure, dit-il, que je ferais aujourd'hui le plus

315 1821 1387 39 mauvais soldat du monde. Je suis doué dés infirmités morales et physiques les plus

315 1860 1384 40 incompatibles avec le service, je suis aussi énormément pacifique que je suis gros,

315 1902 315 35 gras et pesant... »

249 1943 1452 46 34 Failly (P.-L.-Ch.-A. de), général, commandant les troupes

317 1986 1381 52 françaises à la bataille de Montana, et d’un corps d’armée pen¬

318 2027 1382 54 dant la dernière guerre. — L. a. s., camp de Châlons, 1857,1 p.

318 2075 1380 49 in-8, enveloppe. 6 »

250 2128 1454 47 35 Faure (J.-B.), le plus célèbre chanteur contemporain, né à

321 2173 1379 46 Moulins. — L. a. s. (1854), 1 p. in-8. 3 »

251 2217 1451 49 36 Favart (Marie), célèbre comédienne du Théâtre-Français. —

319 2262 1382 46 L. a. s.. 1 p. in-8. 3 »

252 2312 1452 47 37 Feuillet (Octave), célèbre auteur dramatique, de l’Acad, fr. —

323 2357 1379 46 L. a. s., 1 p. in-8. 3 »

252 2406 1453 47 38 Fix (Delphine), une des meilleures comédiennes du Théâtre-

320 2452 1382 49 Français, née dans la Moselle. — L. a. s., 1 p. in-8. 3 »

253 2502 1454 46 39 Frossard (le général Ch.-Aug.), commandant des troupes à

322 2545 1384 48 Sarrebruck au début de la guerre, battu à Forbach. — Billet

324 2592 1378 46 aut. sig., 1856, 1/2 p. in-8. Rare. 5 »
