1432 2245
599.0 102.0 122.0 27.0 - 6 -

152 176 1091 33 arriver à bon port, c’est qu’apparemment je n’étais pas fait pour être

151 208 1092 32 auteur. Je ne sais pourtant si je suis bien appelé à l’état d’avocat,

151 239 458 32 que je suis venu reprendre. »

99 269 1147 39 19 Condé (Henri II de Bourbon, prince de), père du Grand Condé.

151 306 1093 37 — L. a. s.; Valéry, 13 oct. 1621, 1 p. in-4. Légère

151 341 1092 30 écornure. 15 »

190 377 1053 32 Relative à l’expédition des Bulles de l’Archevêché de Bourges et

154 408 613 32 des abbayes de Breteuil et de Ferrières.

99 440 1144 37 20 Condé (Louise-Marie-Thérèse-Bathilde d'Orléans, princesse

154 475 1085 37 de), mère du duc d’Enghien. — L. a. s.; fév. 1789, 1 p.

153 511 1090 28 in-8. 10 »

192 547 1053 31 Demande de pension en faveur de la veuve du sieur Gros, vétéran

154 578 343 32 de la musique du Roi.

100 608 1143 42 21 Crébillon père, poète tragique, de l’Acad. fr. — Approbation

154 645 1090 35 de 4 lig. aut. sig. au bas du manuscrit du Siège de Cythère,

152 677 1097 38 1743, 30 p. in-f. 5 »

101 716 1141 35 22 Cuvier (Georges), illustre naturaliste, de de l’Acad. fr. — L. a.

153 745 1092 48 s. à Michaud, 1 p. in-4. Rare aut. sig. 8 »

194 787 732 31 Sur sa collaboration à la Biographie Michaud.

101 818 1145 37 23 Gzynski (Jean), littérateur et historien polonais. — L. a. s.,

156 853 1089 42 en français, à un auteur dramatique, 1861, 2 p. in-8. 3 »

195 889 1051 32 Il annonce qu’il a fait représenter deux comédies et un drame au

156 920 1088 32 théâtre de la Porte-Saint-Martin, sous le pseudonyme d’Ernest Rollin,

160 952 1038 32 et qu’il lui enverra son dernier travail intitulé : Israël en Pologne.

102 983 1143 40 24 Delaroche (Paul), peintre célèbre. — L. a. s. à M. Bureau

156 1018 1089 36 de la Malle, 1 p. in-8. Jolie lettre. 5 »

103 1053 1144 37 25 Delisle de la Drevetière (L.-F.), poète et auteur drama¬

156 1089 1087 37 tique du XVIIIe siècle, né à Sèze-la-Rousse (Drôme). — L. a.

157 1125 1086 37 s. à Danchet, de l’Acad. fr.; Versailles, 30 juil. 1737, 1 p.

156 1161 1091 28 in-4. Cachet armorié. 5 »

105 1196 1145 36 26 Demoustiers (Ch.-A.), littérateur célèbre, auteur des Lettres

157 1231 1092 36 à Emilie, né à Villers-Cotterets. — L. a. s. à M. Deshayes;

158 1267 1089 42 Compiègne, 30 therm. an VIII, 1 p. 1/2 in-8. 5 »

195 1304 667 25 Jolie lettre sur le mauvais état de sa santé.

106 1338 1141 37 27 Des Essarts (Charlotte de la Haye), comtesse de Romorantin,

157 1373 1092 37 maîtresse de Henri IV, puis du cardinal de Guise, maréchale

157 1409 1094 37 de l’Hospital, condamnée par contumace, en 1633, pour sa

158 1445 1091 37 participation au traité signé avec l’Espagne. — Quitt. sig.,

156 1480 1092 35 sur vélin, 1622, in-4. obi. 15 »

193 1516 1057 31 Reçu de la somme dé 12,000 livres, à elle ordonnée par sa Majesté

156 1548 1092 31 pour être employée à l’acquittement des dettes de Mlles de Romorantin,

156 1580 377 24 sœurs naturelles du Roi.

100 1614 1148 39 28 Fiquet (François), sculpteur distingué du XVIIIe siècle. —

153 1649 1095 38 Quitt. sig., sur vélin, 1704, in-8. Obl. 3 »

99 1689 1150 41 29 Foix (Paul de), homme illustre du règne de Charles IX par son

152 1725 1096 38 savoir et sa tolérance, archevêque de Toulouse. — Quit. sig.

152 1760 1095 37 sur vélin, 16 déc. 1578, in-4, fragment de cachet. Très-rare. 10 »

191 1796 1057 31 Reçu de 300 écus sols comme » commissaire député par sa Majesté

152 1827 1097 32 pour l’établissement et observance de l’édit de pacification des troubles

151 1859 823 32 des provinces do Guienne, Languedoc et Dauphiné. »

98 1894 1150 36 30 Girardin (Emile de), le célèbre publiciste. — L. a. s. à un

151 1930 1094 37 littérateur; Enghien, jeudi 2 août, 5 heures du matin, 4 p.

154 1966 1094 28 in-8. 12 »

189 2001 1061 32 Belle et remarquable lettre. Après avoir débuté par une espèce de

152 2032 1098 32 cours d'hygiène, il se livre à des considérations physiologiques sur

151 2056 1097 40 l’esprit de notre époque. Des femmes, selon lui, s'accoutument trop
