1432 2245
621.0 104.0 122.0 28.0 — 6 -

132 179 1133 38 7 Aubryet (Xavier), littérateur et romancier contemporain. —

166 215 1099 37 L. a. s. à Philarète Chasles, 1 p. in-18. 3 »

205 251 1061 34 Spirituelle lettre d'invitation pour assister, au Théâtre-Lyrique, à une

167 283 1082 32 représentation du Médecin malgré lui, mis en musique par Gounod.

131 314 1137 42 8 Baer (Alexandre), général et savant russe, grand-maître de la

166 349 1101 63 police à Riga, puis à Moscou. —L. a. s., en français, à M. Jules

167 380 1098 43 Leportier ; Saint-Pétersbourg, 1836, 3 p. 1/2 in-4, cachet. 3 »

130 420 1138 42 9 Balzac (Honoré de), le grand romancier. — L. a. s. de ses

166 460 1101 38 initiales à Mme... (le nom a été biffé), 1 p. in-4, cachet. 4 »

114 500 1153 38 10 Barrot (Odilon), célèbre orateur et homme d’Etat. — L. a. s.;

164 535 1102 38 Villeneuve, près Soissons, 2 avril 1848, 2 p. in-8. 3 »

201 572 1067 32 Curieuse lettre sur les élections. Il donne son opinion sur deux can¬

170 602 1099 34 didats, MM. Evariste Bavoux et Bastide. Il croit le premier complète¬

168 635 1101 32 ment opposé aux idées anti-sociales; quant au second, il le tient pour

166 666 365 31 républicain très-avancé.

114 702 1154 36 11 Barruel (l’abbé), célèbre par ses luttes contre les philosophes

165 737 1102 35 et la Révolution, auteur des Mémoires sur le Jacobinisme. — Reçu

165 768 1100 42 de 2 lig. aut. sig., 1789, 1/2 p. in-4. 2 »

113 812 1153 42 12 Barthélemy-Saint-Hilaire (Jules), philosophe, publiciste et

166 849 1096 44 homme politique, ministre des affaires étrangères. — L. a. s.

166 884 1101 37 à l’éditeur Didier, 1858, 1 p. in-8. 3 »

202 920 759 32 Belle lettre sur la nouvelle édition de Channing.

115 956 1152 36 13 Baudin (Charles), célèbre amiral, né à Sedan. — L. a. s. au

165 991 1103 38 chef d’état-major de la province d’Oran ; Mers-el-Kébir, 2 mars

169 1027 1099 37 1837, 2 p. in-4. 4 »

203 1063 656 32 Curieuse lettre sur la campagne d’Afrique.

116 1098 1156 37 14 Baudot (M.-A.), célèbre conventionnel (Saône-et-Loire), défen¬

169 1134 1098 36 seur de Hoche contre Saint-Just, mort en 1830. — Pièce aut.

169 1170 1101 37 sig. ; Bayonne, 5 vent, an III, 1 p. in-4, cachet. 4 »

203 1206 1070 32 Belle lettre écrite comme représentant du peuple près l'armée des

172 1237 1099 32 Pyrénées-Occidentales. En marge se trouve une apostille signée du

170 1269 249 31 général Moncey.

118 1303 1153 37 15 Beauvillier (Marie de), abbesse de Montmartre, maîtresse de

172 1339 1099 37 Henri IV. — Quitt. sig. sur vélin, 1639, in-8, cachet. 3 »

121 1380 1153 36 16 Bellegarde (Roger de Saint-Larry, seigneur de), grand-écuyer

172 1415 1102 36 de France, amant de Gabrielle d’Estrées avant Henri IV. —

172 1451 1101 37 Pièce sig., 1628, 3 p. in-f. 5 »

122 1487 1152 44 17 Belloc (Louise Sw.), femme de lettres distinguée, dont les

173 1522 1100 36 travaux ont initié la France à la littérature anglaise moderne.

174 1558 1100 35 — L. a. s. au libraire Cherbuliez, 1838, 1 p. in-8. 3 »

212 1593 1061 33 Curieuse lettre relative à sa traduction du Vicaire de Wakefield,

178 1626 760 32 qu’elle désire présenter pour le prix académique.

124 1661 1151 37 18 Benoit XIV (Prosper Lambertini), pape, un des plus grands

176 1697 1095 37 pontifes qui aient gouverné l’Eglise. — Let. sig. avec la souscr.

176 1732 1095 38 aut., au marquis Albergati Capacelli; Ancône, 1729, 1 p.

177 1769 1097 28 in-4. 5 »

124 1803 1151 37 19 Béranger (P.-J.), le célèbre chansonnier. — L. a. s. à M. Du¬

177 1839 1098 38 guet, 1832, 1 p. in-8. 5 »

215 1875 1063 38 Il demande une place pour assister à des prédications saint-simo¬

181 1906 1097 33 niennes. A propos d une brochure de J. Le Chevalier, il dit : « Si j’étais

181 1937 952 32 saint-simonien, elle ébranlerait ma foi dans plus d’un point. »

124 1973 1153 37 20 Berchoux (Jos.), célèbre poète, auteur de la Gastronomie, né

177 2009 1097 40 près de Lyon. — L. a. s. à son frère, 1825, 2 p. 1/4 in-4.

178 2045 1098 31 Rare. 8 »

212 2080 434 33 Intéressante lettre politique.
