1432 2245
655.0 137.0 121.0 46.0 - 2 -

170.0 218.0 1127.0 38.0 5 Andrieux (Fr.-Guill.-J.-S.), poète comique, de l'Acad. franc.,

207.0 255.0 1091.0 36.0 né en 1759, mort en 1833. — L. a. s. à M. Valant, homme de

207.0 290.0 1092.0 38.0 lettres; 17 janvier 1829, 1 p. in-4. 5 »

236.0 327.0 1065.0 32.0 Il repousse l’épithète de favori d'Apollon et regrette de ne pouvoir

205.0 358.0 1096.0 37.0 prendre d’engagement vis-vis du désir qu’il lui exprime de se présenter

204.0 389.0 1097.0 32.0 à l’Académie française, le règlement défendant formellement de dis¬

205.0 421.0 336.0 31.0 poser de son suffrage.

170.0 452.0 1132.0 35.0 6 Anne d’Autriche, reine de France, femme de Louis XIII. —

205.0 487.0 1095.0 37.0 L. a. s., 1 p. in-4. Belle lettre. 45 »

171.0 521.0 1129.0 39.0 7 Argencourt (Pierre de Conty d’), célèbre ingénieur du règne

205.0 559.0 1097.0 45.0 de Louis XIII, protégé par Richelieu, connu par ses travaux

205.0 588.0 1096.0 44.0 pour la construction de la digue de La Rochelle. — Quittance

205.0 631.0 1095.0 36.0 sig., 1625, 1 p. in-8 oblong. Rare. 11 »

170.0 666.0 1132.0 41.0 8 Armaignac, gentilhomme français du XVIe siècle, fidèle valet

206.0 702.0 1095.0 37.0 de chambre de Henri IV qu'il aida à fuir de St-Germain, le

205.0 738.0 1096.0 36.0 20 février 1576; il est souvent parlé de lui dans les Mémoires de

206.0 773.0 1095.0 37.0 d'Aubigné. — P. s.; Nérac, 31 août 1579, 1. p. in-4. 12 »

242.0 810.0 1062.0 29.0 Pièce curieuse. Il reconnaît avoir reçu du trésorier du roi de Na¬

207.0 841.0 1095.0 31.0 varre la somme de 200 livres à lui comptées pour la pension et l’entre¬

206.0 872.0 607.0 26.0 tien annuels de son fris «aux escolles».

170.0 903.0 1136.0 37.0 9 Artistes, 4 feuilles de présence, 10 pages in-f. — Ces feuilles

208.0 939.0 1097.0 37.0 contiennent environ 300 signatures de peintres, statuaires,

206.0 975.0 1099.0 34.0 musiciens, acteurs, hommes de lettres, etc. 15 »

245.0 1010.0 1066.0 33.0 On remarque dans le nombre : Isabey père, Auber, Léon de La¬

207.0 1042.0 1098.0 32.0 borde, Farochon, Rohaul de Fleury, Justin Ouvrié, Samson, Signol,

206.0 1073.0 1064.0 33.0 Dantan jeune, Mainvielle, Menjaud, Elwart, Vogt, Habeneck, etc.

155.0 1104.0 1151.0 38.0 10 Aumale (Mlle d'), amie et secrétaire de Mme de Maintenon. —

208.0 1141.0 1099.0 36.0 L. a. s. au cardinal de Fleury; Soissons, 5 octobre 1739,

207.0 1177.0 1099.0 35.0 2 p. in-4. 16 »

156.0 1211.0 1150.0 37.0 11 Banks (Jos.), célèbre naturaliste et voyageur anglais du

206.0 1248.0 1102.0 36.0 XVIIIe siècle, compagnon du capitaine Cook, né en 1740, mort

208.0 1283.0 1098.0 37.0 en 1820. — L.a. s. à M. John lngen Housz, à Vienne; Londres,

209.0 1319.0 1097.0 37.0 1782, 4 p. in-4. Très belle lettre scientifique. 15 »

156.0 1354.0 1151.0 38.0 12 Banville (Théodore de), poète romantique. — Le Pressoir, très

205.0 1390.0 1101.0 37.0 jolie pièce de vers aut. sig., 1 p. 1/2 in-4. 15 »

157.0 1426.0 1151.0 37.0 13 Barante (A.-G.-P., baron de), historien des ducs de Bour¬

209.0 1462.0 1098.0 38.0 gogne, de l'Académie française. — L. a. s. (à Philarète Chasles);

211.0 1495.0 1097.0 40.0 1 juillet 1861, 1 p. 1/2 in-8. 10 »

245.0 1533.0 1065.0 31.0 Curieuse lettre où il lui accuse réception de son ouvrage sur les

210.0 1564.0 1099.0 30.0 Mœurs de l'Italie au commencement du XVIIe siècle et fait l’éloge de

210.0 1596.0 1100.0 31.0 son talent. Il lui rappelle qu’il est toujours disposé à lui donner son suf¬

212.0 1627.0 1099.0 32.0 frage à l’Académie française. «On est obligé de choisir, non point

211.0 1659.0 1100.0 31.0 d’après le mérite des candidats, mais d’après les chances probables

212.0 1690.0 1099.0 32.0 de succès. » (On sait que Philarète Chasles était depuis longtemps sur

212.0 1721.0 1096.0 32.0 les rangs, mais, que son caractère difficile, qui lui avait créé beaucoup

211.0 1753.0 559.0 30.0 d’ennemis, fut toujours un obstacle).

160.0 1784.0 1149.0 36.0 14 Barthélemy (A.-M.), poète, auteur de Némésis, né en 1796,

213.0 1820.0 1095.0 36.0 mort en 1867. — L. a. s. à Mme Le Chevalier; Londres, 4 mai

214.0 1856.0 1095.0 36.0 1848, 3 p. in-4, cachet. 5 »

250.0 1891.0 740.0 32.0 Il exprime ses craintes sur la situation politique.

161.0 1922.0 1150.0 36.0 15 Beaumarchais (Caron de), l'auteur du Mariage de Figaro. — L.

214.0 1958.0 1097.0 37.0 a. s. au libraire Bossange; 17 nivôse an 7, 1 p. in-8. 30 »

249.0 1994.0 1064.0 33.0 Spirituelle épitre. « Vous savés que le cuivre des œufs gravés, qu’à

213.0 2025.0 1101.0 33.0 pondus notre grand Voltaire, nous manque : vous savés même que les

212.0 2057.0 1102.0 31.0 7 exemplaires livrés sont privés de cette gravure! J’en suis chagrin. Il

214.0 2088.0 1097.0 32.0 nous faut fondre (non cette cloche), car ce n’est qu’une sonnette. Mais

216.0 2119.0 462.0 26.0 efin il nous faut la fondre! »
