<?xml version="1.0" encoding="UTF-8"?>
<alto xmlns:xsi="http://www.w3.org/2001/XMLSchema-instance"
      xmlns="http://www.loc.gov/standards/alto/ns-v4#"
      xsi:schemaLocation="http://www.loc.gov/standards/alto/ns-v4# https://gitlab.inria.fr/scripta/escriptorium/-/raw/develop/app/escriptorium/static/alto-4-1-baselines.xsd">
  <Description>
    <MeasurementUnit>pixel</MeasurementUnit>
    <sourceImageInformation>
      <fileName>1883_10_RDA_N080-2.png</fileName>
    </sourceImageInformation>
  </Description>
  
  <Tags>
    <OtherTag ID="BT1" LABEL="Title" DESCRIPTION="block type Title"/><OtherTag ID="BT2" LABEL="Main" DESCRIPTION="block type Main"/><OtherTag ID="BT202" LABEL="Numbering" DESCRIPTION="block type Numbering"/><OtherTag ID="BT203" LABEL="Figure" DESCRIPTION="block type Figure"/><OtherTag ID="BT204" LABEL="Stamp" DESCRIPTION="block type Stamp"/><OtherTag ID="BT205" LABEL="Running Title" DESCRIPTION="block type Running Title"/>
    <OtherTag ID="LT85" LABEL="Default" DESCRIPTION="line type Default"/>
  </Tags>
  
  <Layout>
    <Page WIDTH="1432"
          HEIGHT="2245"
          PHYSICAL_IMG_NR="50"
          ID="eSc_dummypage_">
      <PrintSpace HPOS="0"
                  VPOS="0"
                  WIDTH="1432"
                  HEIGHT="2245">
        
        <TextBlock HPOS="656"
                   VPOS="135"
                   WIDTH="120"
                   HEIGHT="48"
                   ID="region_1542141489990_2981"
                   TAGREFS="BT202">
          <Shape><Polygon POINTS="656 135 656 183 776 183 776 135"/></Shape>
          
          
          <TextLine ID="line_1542141490292_2984"
                    
                    BASELINE="656 168 688 168 717 178 746 172 776 170" 
                    HPOS="655"
                    VPOS="137"
                    WIDTH="121"
                    HEIGHT="46">
            <Shape><Polygon POINTS="655 137 692 137 716 142 741 141 776 139 776 175 747 177 717 183 687 173 656 173"/></Shape>
	    <String CONTENT="- 2 -"
                    HPOS="655"
                    VPOS="137"
                    WIDTH="121"
                    HEIGHT="46"></String>
          </TextLine>

          
        </TextBlock>
        
        <TextBlock HPOS="108"
                   VPOS="204"
                   WIDTH="1235"
                   HEIGHT="1951"
                   ID="eSc_textblock_cafe62af"
                   TAGREFS="BT2">
          <Shape><Polygon POINTS="108 204 108 2155 1343 2155 1343 204"/></Shape>
          
          
          <TextLine ID="tl_1"
                    
                    BASELINE="170 246 187 246 234 247 697 255 804 248 976 253 1029 248 1162 249 1297 254" 
                    HPOS="170"
                    VPOS="218"
                    WIDTH="1127"
                    HEIGHT="38">
            <Shape><Polygon POINTS="170 218 1297 218 1297 256 170 256"/></Shape>
	    <String CONTENT="5 Andrieux (Fr.-Guill.-J.-S.), poète comique, de l&#39;Acad. franc.,"
                    HPOS="170"
                    VPOS="218"
                    WIDTH="1127"
                    HEIGHT="38"></String>
          </TextLine>

          
          
          <TextLine ID="tl_2"
                    
                    BASELINE="207 282 245 282 300 282 399 288 498 283 551 283 646 284 697 276 750 283 800 284 846 284 882 284 942 283 1094 291 1240 283 1298 283" 
                    HPOS="207"
                    VPOS="255"
                    WIDTH="1091"
                    HEIGHT="36">
            <Shape><Polygon POINTS="207 255 1298 255 1298 291 207 291"/></Shape>
	    <String CONTENT="né en 1759, mort en 1833. — L. a. s. à M. Valant, homme de"
                    HPOS="207"
                    VPOS="255"
                    WIDTH="1091"
                    HEIGHT="36"></String>
          </TextLine>

          
          
          <TextLine ID="tl_3"
                    
                    BASELINE="207 317 333 326 382 318 523 319 617 326 644 318 694 320 787 320 1247 319 1299 316" 
                    HPOS="207"
                    VPOS="290"
                    WIDTH="1092"
                    HEIGHT="38">
            <Shape><Polygon POINTS="207 290 1299 290 1299 328 207 328"/></Shape>
	    <String CONTENT="lettres; 17 janvier 1829, 1 p. in-4. 5 »"
                    HPOS="207"
                    VPOS="290"
                    WIDTH="1092"
                    HEIGHT="38"></String>
          </TextLine>

          
          
          <TextLine ID="tl_4"
                    
                    BASELINE="236 351 257 351 405 351 558 352 592 353 725 352 761 352 933 351 1066 352 1114 352 1165 352 1301 352" 
                    HPOS="236"
                    VPOS="327"
                    WIDTH="1065"
                    HEIGHT="32">
            <Shape><Polygon POINTS="236 327 1301 327 1301 359 236 359"/></Shape>
	    <String CONTENT="Il repousse l’épithète de favori d&#39;Apollon et regrette de ne pouvoir"
                    HPOS="236"
                    VPOS="327"
                    WIDTH="1065"
                    HEIGHT="32"></String>
          </TextLine>

          
          
          <TextLine ID="tl_5"
                    
                    BASELINE="205 395 321 382 543 383 655 383 705 383 794 383 873 383 927 383 1065 383 1109 383 1149 383 1301 383" 
                    HPOS="205"
                    VPOS="358"
                    WIDTH="1096"
                    HEIGHT="37">
            <Shape><Polygon POINTS="205 358 1301 358 1301 395 205 395"/></Shape>
	    <String CONTENT="prendre d’engagement vis-vis du désir qu’il lui exprime de se présenter"
                    HPOS="205"
                    VPOS="358"
                    WIDTH="1096"
                    HEIGHT="37"></String>
          </TextLine>

          
          
          <TextLine ID="tl_6"
                    
                    BASELINE="204 414 219 414 399 414 566 420 614 415 788 415 951 415 1174 415 1227 415 1301 408" 
                    HPOS="204"
                    VPOS="389"
                    WIDTH="1097"
                    HEIGHT="32">
            <Shape><Polygon POINTS="204 389 1301 389 1301 421 204 421"/></Shape>
	    <String CONTENT="à l’Académie française, le règlement défendant formellement de dis¬"
                    HPOS="204"
                    VPOS="389"
                    WIDTH="1097"
                    HEIGHT="32"></String>
          </TextLine>

          
          
          <TextLine ID="tl_8"
                    
                    BASELINE="170 478 186 478 306 480 344 480 645 480 698 480 846 487 979 480 1032 480 1145 480 1248 481 1302 473" 
                    HPOS="170"
                    VPOS="452"
                    WIDTH="1132"
                    HEIGHT="35">
            <Shape><Polygon POINTS="170 452 1302 452 1302 487 170 487"/></Shape>
	    <String CONTENT="6 Anne d’Autriche, reine de France, femme de Louis XIII. —"
                    HPOS="170"
                    VPOS="452"
                    WIDTH="1132"
                    HEIGHT="35"></String>
          </TextLine>

          
          
          <TextLine ID="tl_9"
                    
                    BASELINE="205 515 240 515 284 515 338 522 367 515 414 516 510 516 620 516 746 516 1248 516 1300 513" 
                    HPOS="205"
                    VPOS="487"
                    WIDTH="1095"
                    HEIGHT="37">
            <Shape><Polygon POINTS="205 487 1300 487 1300 524 205 524"/></Shape>
	    <String CONTENT="L. a. s., 1 p. in-4. Belle lettre. 45 »"
                    HPOS="205"
                    VPOS="487"
                    WIDTH="1095"
                    HEIGHT="37"></String>
          </TextLine>

          
          
          <TextLine ID="tl_10"
                    
                    BASELINE="171 550 185 550 234 551 566 552 599 551 693 551 797 558 937 551 1125 551 1181 552 1300 551" 
                    HPOS="171"
                    VPOS="521"
                    WIDTH="1129"
                    HEIGHT="39">
            <Shape><Polygon POINTS="171 521 1300 521 1300 560 171 560"/></Shape>
	    <String CONTENT="7 Argencourt (Pierre de Conty d’), célèbre ingénieur du règne"
                    HPOS="171"
                    VPOS="521"
                    WIDTH="1129"
                    HEIGHT="39"></String>
          </TextLine>

          
          
          <TextLine ID="tl_11"
                    
                    BASELINE="205 587 242 587 354 588 459 593 606 587 679 587 878 590 1000 587 1081 587 1150 588 1302 587" 
                    HPOS="205"
                    VPOS="559"
                    WIDTH="1097"
                    HEIGHT="45">
            <Shape><Polygon POINTS="205 559 1302 559 1302 604 205 604"/></Shape>
	    <String CONTENT="de Louis XIII, protégé par Richelieu, connu par ses travaux"
                    HPOS="205"
                    VPOS="559"
                    WIDTH="1097"
                    HEIGHT="45"></String>
          </TextLine>

          
          
          <TextLine ID="tl_12"
                    
                    BASELINE="205 631 286 623 331 623 563 623 617 623 664 623 776 623 829 623 889 623 1070 623 1301 623" 
                    HPOS="205"
                    VPOS="588"
                    WIDTH="1096"
                    HEIGHT="44">
            <Shape><Polygon POINTS="205 588 1301 588 1301 632 205 632"/></Shape>
	    <String CONTENT="pour la construction de la digue de La Rochelle. — Quittance"
                    HPOS="205"
                    VPOS="588"
                    WIDTH="1096"
                    HEIGHT="44"></String>
          </TextLine>

          
          
          <TextLine ID="tl_13"
                    
                    BASELINE="205 658 277 664 372 665 399 657 446 659 530 658 563 659 744 659 1244 658 1300 656" 
                    HPOS="205"
                    VPOS="631"
                    WIDTH="1095"
                    HEIGHT="36">
            <Shape><Polygon POINTS="205 631 1300 631 1300 667 205 667"/></Shape>
	    <String CONTENT="sig., 1625, 1 p. in-8 oblong. Rare. 11 »"
                    HPOS="205"
                    VPOS="631"
                    WIDTH="1095"
                    HEIGHT="36"></String>
          </TextLine>

          
          
          <TextLine ID="tl_14"
                    
                    BASELINE="170 694 185 694 234 694 673 695 828 694 884 694 968 683 1090 699 1200 694 1302 695" 
                    HPOS="170"
                    VPOS="666"
                    WIDTH="1132"
                    HEIGHT="41">
            <Shape><Polygon POINTS="170 666 1302 666 1302 707 170 707"/></Shape>
	    <String CONTENT="8 Armaignac, gentilhomme français du XVIe siècle, fidèle valet"
                    HPOS="170"
                    VPOS="666"
                    WIDTH="1132"
                    HEIGHT="41"></String>
          </TextLine>

          
          
          <TextLine ID="tl_15"
                    
                    BASELINE="206 730 243 730 407 730 464 730 580 730 643 731 740 731 833 730 870 729 956 730 1013 730 1250 737 1301 730" 
                    HPOS="206"
                    VPOS="702"
                    WIDTH="1095"
                    HEIGHT="37">
            <Shape><Polygon POINTS="206 702 1301 702 1301 739 206 739"/></Shape>
	    <String CONTENT="de chambre de Henri IV qu&#39;il aida à fuir de St-Germain, le"
                    HPOS="206"
                    VPOS="702"
                    WIDTH="1095"
                    HEIGHT="37"></String>
          </TextLine>

          
          
          <TextLine ID="tl_16"
                    
                    BASELINE="205 765 239 765 374 766 470 772 512 766 577 767 727 766 829 765 882 765 945 765 1038 766 1064 766 1223 765 1301 765" 
                    HPOS="205"
                    VPOS="738"
                    WIDTH="1096"
                    HEIGHT="36">
            <Shape><Polygon POINTS="205 738 1301 738 1301 774 205 774"/></Shape>
	    <String CONTENT="20 février 1576; il est souvent parlé de lui dans les Mémoires de"
                    HPOS="205"
                    VPOS="738"
                    WIDTH="1096"
                    HEIGHT="36"></String>
          </TextLine>

          
          
          <TextLine ID="tl_17"
                    
                    BASELINE="206 801 394 802 443 795 494 802 547 808 676 809 723 801 818 801 912 807 959 802 1005 802 1099 801 1250 801 1301 799" 
                    HPOS="206"
                    VPOS="773"
                    WIDTH="1095"
                    HEIGHT="37">
            <Shape><Polygon POINTS="206 773 1301 773 1301 810 206 810"/></Shape>
	    <String CONTENT="d&#39;Aubigné. — P. s.; Nérac, 31 août 1579, 1. p. in-4. 12 »"
                    HPOS="206"
                    VPOS="773"
                    WIDTH="1095"
                    HEIGHT="37"></String>
          </TextLine>

          
          
          <TextLine ID="tl_18"
                    
                    BASELINE="242 833 325 834 481 834 518 834 681 834 775 833 860 833 913 834 1061 834 1114 834 1175 834 1229 835 1304 826" 
                    HPOS="242"
                    VPOS="810"
                    WIDTH="1062"
                    HEIGHT="29">
            <Shape><Polygon POINTS="242 810 1304 810 1304 839 242 839"/></Shape>
	    <String CONTENT="Pièce curieuse. Il reconnaît avoir reçu du trésorier du roi de Na¬"
                    HPOS="242"
                    VPOS="810"
                    WIDTH="1062"
                    HEIGHT="29"></String>
          </TextLine>

          
          
          <TextLine ID="tl_19"
                    
                    BASELINE="207 864 284 865 302 865 349 865 545 864 639 866 669 866 717 865 874 865 958 865 1000 866 1129 866 1172 866 1302 858" 
                    HPOS="207"
                    VPOS="841"
                    WIDTH="1095"
                    HEIGHT="31">
            <Shape><Polygon POINTS="207 841 1302 841 1302 872 207 872"/></Shape>
	    <String CONTENT="varre la somme de 200 livres à lui comptées pour la pension et l’entre¬"
                    HPOS="207"
                    VPOS="841"
                    WIDTH="1095"
                    HEIGHT="31"></String>
          </TextLine>

          
          
          <TextLine ID="tl_20"
                    
                    BASELINE="206 896 262 896 392 897 440 898 505 897 561 897 653 896 813 896" 
                    HPOS="206"
                    VPOS="872"
                    WIDTH="607"
                    HEIGHT="26">
            <Shape><Polygon POINTS="206 872 813 872 813 898 206 898"/></Shape>
	    <String CONTENT="tien annuels de son fris «aux escolles»."
                    HPOS="206"
                    VPOS="872"
                    WIDTH="607"
                    HEIGHT="26"></String>
          </TextLine>

          
          
          <TextLine ID="tl_21"
                    
                    BASELINE="170 930 187 930 236 931 405 931 549 932 602 931 780 937 830 931 941 931 1033 932 1088 924 1161 932 1306 931" 
                    HPOS="170"
                    VPOS="903"
                    WIDTH="1136"
                    HEIGHT="37">
            <Shape><Polygon POINTS="170 903 1306 903 1306 940 170 940"/></Shape>
	    <String CONTENT="9 Artistes, 4 feuilles de présence, 10 pages in-f. — Ces feuilles"
                    HPOS="170"
                    VPOS="903"
                    WIDTH="1136"
                    HEIGHT="37"></String>
          </TextLine>

          
          
          <TextLine ID="tl_22"
                    
                    BASELINE="208 967 416 968 572 967 649 967 856 968 918 967 1096 972 1305 973" 
                    HPOS="208"
                    VPOS="939"
                    WIDTH="1097"
                    HEIGHT="37">
            <Shape><Polygon POINTS="208 939 1305 939 1305 976 208 976"/></Shape>
	    <String CONTENT="contiennent environ 300 signatures de peintres, statuaires,"
                    HPOS="208"
                    VPOS="939"
                    WIDTH="1097"
                    HEIGHT="37"></String>
          </TextLine>

          
          
          <TextLine ID="tl_23"
                    
                    BASELINE="206 1002 389 1009 543 1009 700 1003 754 1003 895 1008 975 1002 1254 1003 1305 1000" 
                    HPOS="206"
                    VPOS="975"
                    WIDTH="1099"
                    HEIGHT="34">
            <Shape><Polygon POINTS="206 975 1305 975 1305 1009 206 1009"/></Shape>
	    <String CONTENT="musiciens, acteurs, hommes de lettres, etc. 15 »"
                    HPOS="206"
                    VPOS="975"
                    WIDTH="1099"
                    HEIGHT="34"></String>
          </TextLine>

          
          
          <TextLine ID="tl_24"
                    
                    BASELINE="245 1036 286 1035 449 1036 535 1035 576 1035 708 1035 730 1034 849 1043 889 1043 954 1040 1020 1035 1086 1040 1183 1035 1235 1036 1274 1037 1310 1036" 
                    HPOS="245"
                    VPOS="1010"
                    WIDTH="1066"
                    HEIGHT="33">
            <Shape><Polygon POINTS="245 1010 1311 1010 1311 1043 245 1043"/></Shape>
	    <String CONTENT="On remarque dans le nombre : Isabey père, Auber, Léon de La¬"
                    HPOS="245"
                    VPOS="1010"
                    WIDTH="1066"
                    HEIGHT="33"></String>
          </TextLine>

          
          
          <TextLine ID="tl_25"
                    
                    BASELINE="207 1067 238 1067 302 1071 477 1068 607 1067 653 1067 717 1067 785 1070 900 1066 1028 1072 1113 1066 1177 1072 1260 1066 1305 1074" 
                    HPOS="207"
                    VPOS="1042"
                    WIDTH="1098"
                    HEIGHT="32">
            <Shape><Polygon POINTS="207 1042 1305 1042 1305 1074 207 1074"/></Shape>
	    <String CONTENT="borde, Farochon, Rohaul de Fleury, Justin Ouvrié, Samson, Signol,"
                    HPOS="207"
                    VPOS="1042"
                    WIDTH="1098"
                    HEIGHT="32"></String>
          </TextLine>

          
          
          <TextLine ID="tl_26"
                    
                    BASELINE="206 1098 327 1097 370 1099 438 1103 630 1101 750 1098 798 1099 874 1098 935 1103 1031 1104 1071 1098 1204 1103 1270 1099" 
                    HPOS="206"
                    VPOS="1073"
                    WIDTH="1064"
                    HEIGHT="33">
            <Shape><Polygon POINTS="206 1073 1270 1073 1270 1106 206 1106"/></Shape>
	    <String CONTENT="Dantan jeune, Mainvielle, Menjaud, Elwart, Vogt, Habeneck, etc."
                    HPOS="206"
                    VPOS="1073"
                    WIDTH="1064"
                    HEIGHT="33"></String>
          </TextLine>

          
          
          <TextLine ID="tl_27"
                    
                    BASELINE="155 1132 188 1133 355 1133 379 1142 421 1123 509 1139 609 1133 658 1133 844 1133 897 1133 947 1133 966 1122 1037 1132 1254 1132 1306 1125" 
                    HPOS="155"
                    VPOS="1104"
                    WIDTH="1151"
                    HEIGHT="38">
            <Shape><Polygon POINTS="155 1104 1306 1104 1306 1142 155 1142"/></Shape>
	    <String CONTENT="10 Aumale (Mlle d&#39;), amie et secrétaire de Mme de Maintenon. —"
                    HPOS="155"
                    VPOS="1104"
                    WIDTH="1151"
                    HEIGHT="38"></String>
          </TextLine>

          
          
          <TextLine ID="tl_28"
                    
                    BASELINE="208 1170 242 1169 299 1169 353 1168 422 1169 596 1169 662 1168 814 1176 1000 1175 1047 1168 1204 1168 1307 1175" 
                    HPOS="208"
                    VPOS="1141"
                    WIDTH="1099"
                    HEIGHT="36">
            <Shape><Polygon POINTS="208 1141 1307 1141 1307 1177 208 1177"/></Shape>
	    <String CONTENT="L. a. s. au cardinal de Fleury; Soissons, 5 octobre 1739,"
                    HPOS="208"
                    VPOS="1141"
                    WIDTH="1099"
                    HEIGHT="36"></String>
          </TextLine>

          
          
          <TextLine ID="tl_29"
                    
                    BASELINE="207 1204 223 1204 271 1204 370 1203 1254 1203 1306 1202" 
                    HPOS="207"
                    VPOS="1177"
                    WIDTH="1099"
                    HEIGHT="35">
            <Shape><Polygon POINTS="207 1177 1306 1177 1306 1212 207 1212"/></Shape>
	    <String CONTENT="2 p. in-4. 16 »"
                    HPOS="207"
                    VPOS="1177"
                    WIDTH="1099"
                    HEIGHT="35"></String>
          </TextLine>

          
          
          <TextLine ID="tl_30"
                    
                    BASELINE="156 1238 166 1238 235 1240 461 1246 620 1239 840 1240 895 1241 1084 1240 1235 1240 1306 1240" 
                    HPOS="156"
                    VPOS="1211"
                    WIDTH="1150"
                    HEIGHT="37">
            <Shape><Polygon POINTS="156 1211 1306 1211 1306 1248 156 1248"/></Shape>
	    <String CONTENT="11 Banks (Jos.), célèbre naturaliste et voyageur anglais du"
                    HPOS="156"
                    VPOS="1211"
                    WIDTH="1150"
                    HEIGHT="37"></String>
          </TextLine>

          
          
          <TextLine ID="tl_31"
                    
                    BASELINE="206 1276 228 1276 299 1265 421 1278 634 1275 697 1276 879 1275 996 1282 1051 1276 1110 1276 1206 1281 1308 1276" 
                    HPOS="206"
                    VPOS="1248"
                    WIDTH="1102"
                    HEIGHT="36">
            <Shape><Polygon POINTS="206 1248 1308 1248 1308 1284 206 1284"/></Shape>
	    <String CONTENT="XVIIIe siècle, compagnon du capitaine Cook, né en 1740, mort"
                    HPOS="206"
                    VPOS="1248"
                    WIDTH="1102"
                    HEIGHT="36"></String>
          </TextLine>

          
          
          <TextLine ID="tl_32"
                    
                    BASELINE="208 1312 246 1311 344 1310 394 1304 480 1311 517 1311 548 1311 604 1311 704 1311 818 1311 949 1317 981 1311 1136 1319 1306 1318" 
                    HPOS="208"
                    VPOS="1283"
                    WIDTH="1098"
                    HEIGHT="37">
            <Shape><Polygon POINTS="208 1283 1306 1283 1306 1320 208 1320"/></Shape>
	    <String CONTENT="en 1820. — L.a. s. à M. John lngen Housz, à Vienne; Londres,"
                    HPOS="208"
                    VPOS="1283"
                    WIDTH="1098"
                    HEIGHT="37"></String>
          </TextLine>

          
          
          <TextLine ID="tl_33"
                    
                    BASELINE="209 1347 288 1354 321 1346 364 1347 457 1346 554 1347 653 1346 766 1347 993 1347 1255 1347 1306 1345" 
                    HPOS="209"
                    VPOS="1319"
                    WIDTH="1097"
                    HEIGHT="37">
            <Shape><Polygon POINTS="209 1319 1306 1319 1306 1356 209 1356"/></Shape>
	    <String CONTENT="1782, 4 p. in-4. Très belle lettre scientifique. 15 »"
                    HPOS="209"
                    VPOS="1319"
                    WIDTH="1097"
                    HEIGHT="37"></String>
          </TextLine>

          
          
          <TextLine ID="tl_34"
                    
                    BASELINE="156 1381 166 1381 236 1383 560 1382 640 1389 748 1382 980 1382 1032 1376 1083 1383 1199 1383 1307 1383" 
                    HPOS="156"
                    VPOS="1354"
                    WIDTH="1151"
                    HEIGHT="38">
            <Shape><Polygon POINTS="156 1354 1307 1354 1307 1392 156 1392"/></Shape>
	    <String CONTENT="12 Banville (Théodore de), poète romantique. — Le Pressoir, très"
                    HPOS="156"
                    VPOS="1354"
                    WIDTH="1151"
                    HEIGHT="38"></String>
          </TextLine>

          
          
          <TextLine ID="tl_35"
                    
                    BASELINE="205 1427 286 1418 389 1418 443 1418 529 1418 611 1418 701 1425 730 1417 778 1419 847 1418 938 1418 1254 1418 1306 1416" 
                    HPOS="205"
                    VPOS="1390"
                    WIDTH="1101"
                    HEIGHT="37">
            <Shape><Polygon POINTS="205 1390 1306 1390 1306 1427 205 1427"/></Shape>
	    <String CONTENT="jolie pièce de vers aut. sig., 1 p. 1/2 in-4. 15 »"
                    HPOS="205"
                    VPOS="1390"
                    WIDTH="1101"
                    HEIGHT="37"></String>
          </TextLine>

          
          
          <TextLine ID="tl_36"
                    
                    BASELINE="157 1452 169 1452 279 1454 301 1454 555 1460 670 1454 761 1459 940 1454 1020 1454 1121 1455 1181 1454 1308 1447" 
                    HPOS="157"
                    VPOS="1426"
                    WIDTH="1151"
                    HEIGHT="37">
            <Shape><Polygon POINTS="157 1426 1308 1426 1308 1463 157 1463"/></Shape>
	    <String CONTENT="13 Barante (A.-G.-P., baron de), historien des ducs de Bour¬"
                    HPOS="157"
                    VPOS="1426"
                    WIDTH="1151"
                    HEIGHT="37"></String>
          </TextLine>

          
          
          <TextLine ID="tl_37"
                    
                    BASELINE="212 1497 264 1498 372 1490 573 1489 758 1490 801 1482 843 1490 883 1490 921 1490 963 1489 1307 1498" 
                    HPOS="209"
                    VPOS="1462"
                    WIDTH="1098"
                    HEIGHT="38">
            <Shape><Polygon POINTS="209 1462 1307 1462 1307 1500 209 1500"/></Shape>
	    <String CONTENT="gogne, de l&#39;Académie française. — L. a. s. (à Philarète Chasles);"
                    HPOS="209"
                    VPOS="1462"
                    WIDTH="1098"
                    HEIGHT="38"></String>
          </TextLine>

          
          
          <TextLine ID="tl_38"
                    
                    BASELINE="209 1526 239 1525 367 1525 461 1531 490 1524 539 1525 567 1524 702 1525 1234 1525 1308 1523" 
                    HPOS="211"
                    VPOS="1495"
                    WIDTH="1097"
                    HEIGHT="40">
            <Shape><Polygon POINTS="211 1495 1308 1497 1308 1535 211 1533"/></Shape>
	    <String CONTENT="1 juillet 1861, 1 p. 1/2 in-8. 10 »"
                    HPOS="211"
                    VPOS="1495"
                    WIDTH="1097"
                    HEIGHT="40"></String>
          </TextLine>

          
          
          <TextLine ID="tl_39"
                    
                    BASELINE="245 1558 376 1558 476 1557 532 1558 572 1557 633 1557 752 1557 909 1557 962 1558 1038 1558 1178 1558 1251 1558 1310 1558" 
                    HPOS="245"
                    VPOS="1533"
                    WIDTH="1065"
                    HEIGHT="31">
            <Shape><Polygon POINTS="245 1533 1310 1533 1310 1564 245 1564"/></Shape>
	    <String CONTENT="Curieuse lettre où il lui accuse réception de son ouvrage sur les"
                    HPOS="245"
                    VPOS="1533"
                    WIDTH="1065"
                    HEIGHT="31"></String>
          </TextLine>

          
          
          <TextLine ID="tl_40"
                    
                    BASELINE="210 1590 311 1588 359 1589 473 1589 527 1589 780 1588 832 1589 888 1590 924 1579 1027 1589 1073 1589 1139 1589 1257 1590 1309 1590" 
                    HPOS="210"
                    VPOS="1564"
                    WIDTH="1099"
                    HEIGHT="30">
            <Shape><Polygon POINTS="210 1564 1309 1564 1309 1594 210 1594"/></Shape>
	    <String CONTENT="Mœurs de l&#39;Italie au commencement du XVIIe siècle et fait l’éloge de"
                    HPOS="210"
                    VPOS="1564"
                    WIDTH="1099"
                    HEIGHT="30"></String>
          </TextLine>

          
          
          <TextLine ID="tl_41"
                    
                    BASELINE="210 1621 261 1621 368 1620 402 1620 454 1620 587 1620 665 1620 721 1620 860 1620 982 1621 1009 1620 1059 1620 1177 1621 1241 1621 1310 1614" 
                    HPOS="210"
                    VPOS="1596"
                    WIDTH="1100"
                    HEIGHT="31">
            <Shape><Polygon POINTS="210 1596 1310 1596 1310 1627 210 1627"/></Shape>
	    <String CONTENT="son talent. Il lui rappelle qu’il est toujours disposé à lui donner son suf¬"
                    HPOS="210"
                    VPOS="1596"
                    WIDTH="1100"
                    HEIGHT="31"></String>
          </TextLine>

          
          
          <TextLine ID="tl_42"
                    
                    BASELINE="212 1652 287 1652 326 1651 512 1652 677 1652 768 1651 832 1651 937 1652 992 1652 1128 1657 1209 1652 1311 1652" 
                    HPOS="212"
                    VPOS="1627"
                    WIDTH="1099"
                    HEIGHT="32">
            <Shape><Polygon POINTS="212 1627 1311 1627 1311 1659 212 1659"/></Shape>
	    <String CONTENT="frage à l’Académie française. «On est obligé de choisir, non point"
                    HPOS="212"
                    VPOS="1627"
                    WIDTH="1099"
                    HEIGHT="32"></String>
          </TextLine>

          
          
          <TextLine ID="tl_43"
                    
                    BASELINE="211 1684 318 1682 363 1683 482 1683 554 1683 724 1687 817 1683 945 1683 1004 1683 1144 1683 1311 1684" 
                    HPOS="211"
                    VPOS="1659"
                    WIDTH="1100"
                    HEIGHT="31">
            <Shape><Polygon POINTS="211 1659 1311 1659 1311 1690 211 1690"/></Shape>
	    <String CONTENT="d’après le mérite des candidats, mais d’après les chances probables"
                    HPOS="211"
                    VPOS="1659"
                    WIDTH="1100"
                    HEIGHT="31"></String>
          </TextLine>

          
          
          <TextLine ID="tl_44"
                    
                    BASELINE="212 1715 245 1715 366 1714 388 1714 457 1714 526 1714 593 1714 746 1714 877 1715 959 1714 1070 1715 1245 1715 1311 1715" 
                    HPOS="212"
                    VPOS="1690"
                    WIDTH="1099"
                    HEIGHT="32">
            <Shape><Polygon POINTS="212 1690 1311 1690 1311 1722 212 1722"/></Shape>
	    <String CONTENT="de succès. » (On sait que Philarète Chasles était depuis longtemps sur"
                    HPOS="212"
                    VPOS="1690"
                    WIDTH="1099"
                    HEIGHT="32"></String>
          </TextLine>

          
          
          <TextLine ID="tl_45"
                    
                    BASELINE="212 1746 252 1746 353 1751 449 1749 518 1746 581 1745 736 1745 869 1751 933 1746 986 1746 1078 1746 1152 1747 1308 1753" 
                    HPOS="212"
                    VPOS="1721"
                    WIDTH="1096"
                    HEIGHT="32">
            <Shape><Polygon POINTS="212 1721 1308 1721 1308 1753 212 1753"/></Shape>
	    <String CONTENT="les rangs, mais, que son caractère difficile, qui lui avait créé beaucoup"
                    HPOS="212"
                    VPOS="1721"
                    WIDTH="1096"
                    HEIGHT="32"></String>
          </TextLine>

          
          
          <TextLine ID="tl_46"
                    
                    BASELINE="211 1777 370 1782 427 1777 564 1777 613 1777 770 1777" 
                    HPOS="211"
                    VPOS="1753"
                    WIDTH="559"
                    HEIGHT="30">
            <Shape><Polygon POINTS="211 1753 770 1753 770 1783 211 1783"/></Shape>
	    <String CONTENT="d’ennemis, fut toujours un obstacle)."
                    HPOS="211"
                    VPOS="1753"
                    WIDTH="559"
                    HEIGHT="30"></String>
          </TextLine>

          
          
          <TextLine ID="tl_47"
                    
                    BASELINE="160 1811 169 1811 238 1812 605 1819 727 1818 870 1812 912 1812 983 1813 1088 1819 1151 1813 1212 1813 1309 1818" 
                    HPOS="160"
                    VPOS="1784"
                    WIDTH="1149"
                    HEIGHT="36">
            <Shape><Polygon POINTS="160 1784 1309 1784 1309 1820 160 1820"/></Shape>
	    <String CONTENT="14 Barthélemy (A.-M.), poète, auteur de Némésis, né en 1796,"
                    HPOS="160"
                    VPOS="1784"
                    WIDTH="1149"
                    HEIGHT="36"></String>
          </TextLine>

          
          
          <TextLine ID="tl_48"
                    
                    BASELINE="213 1848 297 1848 349 1847 447 1847 501 1840 552 1846 603 1847 650 1848 688 1847 733 1848 756 1839 825 1847 1024 1856 1193 1855 1230 1848 1308 1848" 
                    HPOS="213"
                    VPOS="1820"
                    WIDTH="1095"
                    HEIGHT="36">
            <Shape><Polygon POINTS="213 1820 1308 1820 1308 1856 213 1856"/></Shape>
	    <String CONTENT="mort en 1867. — L. a. s. à Mme Le Chevalier; Londres, 4 mai"
                    HPOS="213"
                    VPOS="1820"
                    WIDTH="1095"
                    HEIGHT="36"></String>
          </TextLine>

          
          
          <TextLine ID="tl_49"
                    
                    BASELINE="214 1883 293 1890 326 1883 370 1884 465 1890 604 1883 1257 1884 1309 1882" 
                    HPOS="214"
                    VPOS="1856"
                    WIDTH="1095"
                    HEIGHT="36">
            <Shape><Polygon POINTS="214 1856 1309 1856 1309 1892 214 1892"/></Shape>
	    <String CONTENT="1848, 3 p. in-4, cachet. 5 »"
                    HPOS="214"
                    VPOS="1856"
                    WIDTH="1095"
                    HEIGHT="36"></String>
          </TextLine>

          
          
          <TextLine ID="tl_50"
                    
                    BASELINE="250 1915 272 1915 408 1916 462 1916 592 1916 649 1914 688 1915 835 1915 990 1916" 
                    HPOS="250"
                    VPOS="1891"
                    WIDTH="740"
                    HEIGHT="32">
            <Shape><Polygon POINTS="250 1891 990 1891 990 1923 250 1923"/></Shape>
	    <String CONTENT="Il exprime ses craintes sur la situation politique."
                    HPOS="250"
                    VPOS="1891"
                    WIDTH="740"
                    HEIGHT="32"></String>
          </TextLine>

          
          
          <TextLine ID="tl_51"
                    
                    BASELINE="161 1950 174 1950 239 1951 614 1950 690 1957 845 1950 877 1950 1037 1951 1083 1951 1118 1951 1206 1951 1259 1944 1311 1950" 
                    HPOS="161"
                    VPOS="1922"
                    WIDTH="1150"
                    HEIGHT="36">
            <Shape><Polygon POINTS="161 1922 1311 1922 1311 1958 161 1958"/></Shape>
	    <String CONTENT="15 Beaumarchais (Caron de), l&#39;auteur du Mariage de Figaro. — L."
                    HPOS="161"
                    VPOS="1922"
                    WIDTH="1150"
                    HEIGHT="36"></String>
          </TextLine>

          
          
          <TextLine ID="tl_52"
                    
                    BASELINE="214 1986 240 1986 282 1986 338 1986 487 1986 678 1992 727 1984 853 1986 908 1986 947 1993 975 1986 1023 1987 1119 1986 1258 1986 1311 1984" 
                    HPOS="214"
                    VPOS="1958"
                    WIDTH="1097"
                    HEIGHT="37">
            <Shape><Polygon POINTS="214 1958 1311 1958 1311 1995 214 1995"/></Shape>
	    <String CONTENT="a. s. au libraire Bossange; 17 nivôse an 7, 1 p. in-8. 30 »"
                    HPOS="214"
                    VPOS="1958"
                    WIDTH="1097"
                    HEIGHT="37"></String>
          </TextLine>

          
          
          <TextLine ID="tl_53"
                    
                    BASELINE="249 2018 403 2019 516 2018 547 2018 639 2018 734 2018 802 2018 839 2018 947 2019 981 2019 1100 2019 1137 2026 1313 2019" 
                    HPOS="249"
                    VPOS="1994"
                    WIDTH="1064"
                    HEIGHT="33">
            <Shape><Polygon POINTS="249 1994 1313 1994 1313 2027 249 2027"/></Shape>
	    <String CONTENT="Spirituelle épitre. « Vous savés que le cuivre des œufs gravés, qu’à"
                    HPOS="249"
                    VPOS="1994"
                    WIDTH="1064"
                    HEIGHT="33"></String>
          </TextLine>

          
          
          <TextLine ID="tl_54"
                    
                    BASELINE="213 2056 321 2050 411 2050 515 2050 662 2054 752 2049 885 2050 909 2051 994 2051 1089 2050 1193 2050 1257 2051 1314 2049" 
                    HPOS="213"
                    VPOS="2025"
                    WIDTH="1101"
                    HEIGHT="33">
            <Shape><Polygon POINTS="213 2025 1314 2025 1314 2058 213 2058"/></Shape>
	    <String CONTENT="pondus notre grand Voltaire, nous manque : vous savés même que les"
                    HPOS="213"
                    VPOS="2025"
                    WIDTH="1101"
                    HEIGHT="33"></String>
          </TextLine>

          
          
          <TextLine ID="tl_55"
                    
                    BASELINE="212 2081 227 2081 422 2081 518 2080 595 2080 698 2081 744 2081 829 2081 958 2082 971 2081 1051 2082 1125 2081 1268 2082 1314 2081" 
                    HPOS="212"
                    VPOS="2057"
                    WIDTH="1102"
                    HEIGHT="31">
            <Shape><Polygon POINTS="212 2057 1314 2057 1314 2088 212 2088"/></Shape>
	    <String CONTENT="7 exemplaires livrés sont privés de cette gravure! J’en suis chagrin. Il"
                    HPOS="212"
                    VPOS="2057"
                    WIDTH="1102"
                    HEIGHT="31"></String>
          </TextLine>

          
          
          <TextLine ID="tl_56"
                    
                    BASELINE="214 2112 284 2113 353 2112 463 2113 539 2112 626 2112 748 2116 809 2112 854 2113 884 2113 1059 2113 1129 2113 1311 2112" 
                    HPOS="214"
                    VPOS="2088"
                    WIDTH="1097"
                    HEIGHT="32">
            <Shape><Polygon POINTS="214 2088 1311 2088 1311 2120 214 2120"/></Shape>
	    <String CONTENT="nous faut fondre (non cette cloche), car ce n’est qu’une sonnette. Mais"
                    HPOS="214"
                    VPOS="2088"
                    WIDTH="1097"
                    HEIGHT="32"></String>
          </TextLine>

          
          
          <TextLine ID="tl_57"
                    
                    BASELINE="216 2143 289 2144 324 2144 408 2144 478 2144 519 2145 626 2144 646 2144 678 2143" 
                    HPOS="216"
                    VPOS="2119"
                    WIDTH="462"
                    HEIGHT="26">
            <Shape><Polygon POINTS="216 2119 678 2119 678 2145 216 2145"/></Shape>
	    <String CONTENT="efin il nous faut la fondre! »"
                    HPOS="216"
                    VPOS="2119"
                    WIDTH="462"
                    HEIGHT="26"></String>
          </TextLine>

          
        </TextBlock>
        

        
        <TextBlock ID="eSc_dummyblock_">
          
          
          <TextLine ID="tl_7"
                    
                    BASELINE="205 452 286 445 331 445 395 445 541 446" 
                    HPOS="205"
                    VPOS="421"
                    WIDTH="336"
                    HEIGHT="31">
            <Shape><Polygon POINTS="205 421 541 421 541 452 205 452"/></Shape>
	    <String CONTENT="poser de son suffrage."
                    HPOS="205"
                    VPOS="421"
                    WIDTH="336"
                    HEIGHT="31"></String>
          </TextLine>

          
        </TextBlock>
        
      </PrintSpace>
    </Page>
  </Layout>
</alto>
