1416 2299
578.0 107.0 122.0 28.0 — 3 —

124 183 1095 37 qui l’appelait son bon ange. — L. a. s. (à Palissot) ; Paris,

126 212 1095 43 10 avril 1760, 1 p. in-4. 25 »

160 255 1063 31 Relative aux représentations au Théâtre-Français de la comédie des

126 286 1097 37 Philosophez, de Palissot. Il a appris qu’il regardait l’annonce des deux

128 318 1095 32 pièces de Voltaire (Tancrède et Medimne) comme un obstacle au

130 349 1094 32 temps où il désire qu’on joue la sienne ; l’une de ces tragédies

128 380 1095 34 (Tancrède) est nouvelle, l’autre (Médimne) n'est qu’un remaniement de

128 411 1095 34 Mahomet; comme les principaux acteurs diffèrent dans les deux pièces,

129 445 686 31 elles pourront être étudiées en même temps.

77 476 1149 37 11 Ashburton (Alexandre Baring, lord), homme politique et finan¬

130 511 1096 37 cier anglais, envoyé par Robert Peel au congrès d’Aix-la-

130 547 1096 37 Chapelle en 1834, né en 1773, mort en 1848. — L. a. s. (à lord

130 583 1097 37 Buchan, érudit et biographe écossais); 28 juillet 1814,

133 619 1096 35 1 P. 1/4 in-4. 25 »

166 654 1062 33 Lettre historique. Il se félicite avec lui de la chute de Napoléon et de

132 686 1097 32 la restauration du roi légitime, il estime que le volcan révolutionnaire

133 718 236 25 est enfin éteint.

83 749 1148 38 12 Aubery (Claude), célèbre médecin et philosophe français

135 779 1097 43 du XVIe siècle, qui, comme calviniste, fut attaqué par Théo¬

135 820 1098 37 dore de Bèze qui lui reprochait une certaine tendance vers

135 856 1098 36 l’Eglise romaine, mort en 1596.— L. a. s.; Saulx-Leduc, 19 oct.

136 892 1097 36 1593, 2 p. in-f. Traces de cachet. 20 »

173 928 1063 32 Il déclare qu’il n’a pas été à Francfort suivant le bruit que font

136 959 1099 32 courir des amis mal intentionnés, mais qu’il s’est, rendu directement en

138 991 1096 32 Champagne et en Bourgogne comme il en avait reçu l’autorisation. Il

136 1022 941 32 fait appel au témoignage de l’ambassadeur du roi à Francfort.

89 1053 1148 38 13 Ballanche (P.-S.), célèbre penseur mystique et un de nos

141 1090 1095 37 plus éloquents prosateurs de l’Académie française, né à Lyon.

138 1119 1098 42 — L. a. s. à M. de Fresne; 31 mars, 1 p. in-H. 5 »

173 1161 1065 33 Jolie lettre dans laquelle il parle de Mme de Récamier « qui est tou¬

140 1193 344 31 jours fort souffrante ».

95 1228 1143 37 14 Baudelaire (Charles), un des poètes les plus distingués de

141 1264 1099 38 l’école romantique, auteur des Fleurs du. Mal.— L. a. s. à M. de

142 1300 1098 36 Calonne, directeur de la Revue contemporaine, 2 septembre 1858,

141 1336 1097 38 3/4 de p. in-8. 10 »

94 1376 1147 37 15 Bellièvre (Pomponne de), premier président au Parlement de

142 1411 1099 38 Paris, célèbre diplomate, envoyé auprès de la reine Elisabeth,

143 1447 1099 37 pour demander la liberté de Marie-Stuart, chancelier de

143 1483 1094 36 France sous Henri IV, né à Lyon en 1529, mort en 1607. — L.

144 1519 1097 37 a. s. à Villeroy; Paris, 2 mai 1604, 1 p. in-f. 45 »

92 1559 1146 38 16 Berryer (A.-P.), l’illustre orateur parlementaire, de l’Acad.

144 1595 1096 37 fr. — L. a. s.; 1 p. in-8. 3 »

91 1635 1150 38 17 Bezons (Jacques Bazin de), un des plus braves maréchaux du

144 1671 1097 37 règne de Louis XIV, membre du conseil de Régence, né en

145 1707 1097 35 1646, mort en 1733.— L. a. s. (au duc de Noailles); Saragosse,

144 1742 1099 38 29 mai (1709), 2 p. 3/4 in-4. La signature a été biffée légè¬

146 1778 1095 30 rement. 50 »

180 1814 1063 32 Pièce historique. Minute de lettre écrite peu de temps après son

146 1845 1096 26 élévation au maréchalat. Il le remercie de l’avoir recommandé au duc

145 1876 1096 31 d’Orléans et lui souhaite la même dignité. Il a des vivres pour 130 jours,

145 1908 1097 32 mais pas de fourrage pour les chevaux; les entrepreneurs abandonnent

145 1939 1096 32 leurs ambulances, le siège de Benasco est fort lent: il va se rendre du

145 1971 467 31 côté de Lérida et de Balaguer.

97 2010 1145 37 18 Bongars (Jacques), savant historien et diplomate calviniste,

146 2045 1098 37 habile critique, ambassadeur du roi Henri IV en Allemagne et

145 2081 1092 36 à Constantinople, né à Orléans en 1554, mort en 1612. — L. a.
