<?xml version="1.0" encoding="UTF-8"?>
<alto xmlns:xsi="http://www.w3.org/2001/XMLSchema-instance"
      xmlns="http://www.loc.gov/standards/alto/ns-v4#"
      xsi:schemaLocation="http://www.loc.gov/standards/alto/ns-v4# https://gitlab.inria.fr/scripta/escriptorium/-/raw/develop/app/escriptorium/static/alto-4-1-baselines.xsd">
  <Description>
    <MeasurementUnit>pixel</MeasurementUnit>
    <sourceImageInformation>
      <fileName>1887_bovet_bpt6k6325943w_gt_0076.jpg</fileName>
    </sourceImageInformation>
  </Description>
  
  <Tags>
    <OtherTag ID="BT1" LABEL="Title" DESCRIPTION="block type Title"/><OtherTag ID="BT2" LABEL="Main" DESCRIPTION="block type Main"/><OtherTag ID="BT202" LABEL="Numbering" DESCRIPTION="block type Numbering"/><OtherTag ID="BT203" LABEL="Figure" DESCRIPTION="block type Figure"/><OtherTag ID="BT204" LABEL="Stamp" DESCRIPTION="block type Stamp"/><OtherTag ID="BT205" LABEL="Running Title" DESCRIPTION="block type Running Title"/>
    <OtherTag ID="LT85" LABEL="Default" DESCRIPTION="line type Default"/>
  </Tags>
  
  <Layout>
    <Page WIDTH="3646"
          HEIGHT="4648"
          PHYSICAL_IMG_NR="48"
          ID="eSc_dummypage_">
      <PrintSpace HPOS="0"
                  VPOS="0"
                  WIDTH="3646"
                  HEIGHT="4648">
        
        <TextBlock HPOS="783"
                   VPOS="586"
                   WIDTH="106"
                   HEIGHT="66"
                   ID="eSc_textblock_c3880bad"
                   TAGREFS="BT202">
          <Shape><Polygon POINTS="783 586 783 652 889 652 889 586"/></Shape>
          
        </TextBlock>
        
        <TextBlock HPOS="1377"
                   VPOS="582"
                   WIDTH="1648"
                   HEIGHT="70"
                   ID="eSc_textblock_edd49289"
                   TAGREFS="BT205">
          <Shape><Polygon POINTS="1377 582 1377 652 3025 652 3025 582"/></Shape>
          
        </TextBlock>
        
        <TextBlock HPOS="3078"
                   VPOS="3853"
                   WIDTH="4"
                   HEIGHT="12"
                   ID="eSc_textblock_393e40cd"
                   TAGREFS="BT">
          <Shape><Polygon POINTS="3082 3865 3082 3853 3078 3853 3078 3865"/></Shape>
          
        </TextBlock>
        
        <TextBlock HPOS="1951"
                   VPOS="1029"
                   WIDTH="1061"
                   HEIGHT="418"
                   ID="eSc_textblock_8856a204"
                   TAGREFS="BT203">
          <Shape><Polygon POINTS="1951 1029 1951 1447 3012 1447 3012 1029"/></Shape>
          
        </TextBlock>
        
        <TextBlock HPOS="1684"
                   VPOS="1902"
                   WIDTH="1328"
                   HEIGHT="151"
                   ID="eSc_textblock_f188adf7"
                   TAGREFS="BT203">
          <Shape><Polygon POINTS="3012 2053 3012 1902 1684 1902 1684 2053"/></Shape>
          
        </TextBlock>
        
        <TextBlock HPOS="2275"
                   VPOS="2176"
                   WIDTH="774"
                   HEIGHT="402"
                   ID="eSc_textblock_20651577"
                   TAGREFS="BT203">
          <Shape><Polygon POINTS="3049 2578 3049 2176 2275 2176 2275 2578"/></Shape>
          
        </TextBlock>
        
        <TextBlock HPOS="2053"
                   VPOS="2910"
                   WIDTH="980"
                   HEIGHT="275"
                   ID="eSc_textblock_336dc8c5"
                   TAGREFS="BT203">
          <Shape><Polygon POINTS="3033 3185 3033 2910 2053 2910 2053 3185"/></Shape>
          
        </TextBlock>
        
        <TextBlock HPOS="728"
                   VPOS="863"
                   WIDTH="2324"
                   HEIGHT="2952"
                   ID="eSc_textblock_87992c2e"
                   TAGREFS="BT2">
          <Shape><Polygon POINTS="728 863 728 3815 3052 3815 3052 2927 3052 863"/></Shape>
          
          
          <TextLine ID="tl_2"
                    
                    BASELINE="830 916 988 914 1111 913 1167 914 1291 915 1344 916 1536 918 1618 917 1725 917 1888 922 1950 914 2084 914 2197 923 2264 914 2441 912 2501 913 2688 914 2793 913 2840 913 3019 906" 
                    HPOS="830"
                    VPOS="885"
                    WIDTH="2189"
                    HEIGHT="41">
            <Shape><Polygon POINTS="830 885 3019 885 3019 926 830 926"/></Shape>
	    <String CONTENT="Curieuse épître au comte de Clermont (qui avait succède, en février 1758, au maréchal de Richelieu dans le comman¬"
                    HPOS="830"
                    VPOS="885"
                    WIDTH="2189"
                    HEIGHT="41"></String>
          </TextLine>

          
          
          <TextLine ID="tl_3"
                    
                    BASELINE="792 956 920 956 977 956 1120 955 1168 957 1336 958 1386 960 1485 960 1546 960 1687 959 1820 957 1864 956 1991 957 2181 956 2239 957 2458 963 2477 956 2510 953 2661 957 2752 956 2851 955 3020 962" 
                    HPOS="792"
                    VPOS="926"
                    WIDTH="2228"
                    HEIGHT="39">
            <Shape><Polygon POINTS="792 926 3020 926 3020 965 792 965"/></Shape>
	    <String CONTENT="dement de l’armée de Hanovre et avait dû reculer devant le prince Ferdinand de Brunswick) : « N’aiant qu’à vous plaindre,"
                    HPOS="792"
                    VPOS="926"
                    WIDTH="2228"
                    HEIGHT="39"></String>
          </TextLine>

          
          
          <TextLine ID="tl_4"
                    
                    BASELINE="792 1000 867 999 1013 1006 1152 999 1306 1010 1349 1002 1436 1012 1507 1003 1570 1003 1628 1002 1794 999 1827 999 1978 999 2022 999 2146 999 2243 999 2341 999 2466 1005 2562 998 2791 1008 2834 998 2936 997 3018 997" 
                    HPOS="792"
                    VPOS="968"
                    WIDTH="2226"
                    HEIGHT="44">
            <Shape><Polygon POINTS="792 968 3018 968 3018 1012 792 1012"/></Shape>
	    <String CONTENT="mon cousin, jusqu’à présent, je n’ay pas pu me résoudre à prendre la plume pour vous écrire, mais aujourd’huy je m’en sert"
                    HPOS="792"
                    VPOS="968"
                    WIDTH="2226"
                    HEIGHT="44"></String>
          </TextLine>

          
          
          <TextLine ID="tl_5"
                    
                    BASELINE="792 1050 874 1041 963 1040 1112 1041 1160 1042 1220 1043 1381 1045 1593 1045 1660 1044 1763 1042 1922 1041" 
                    HPOS="792"
                    VPOS="1013"
                    WIDTH="1130"
                    HEIGHT="42">
            <Shape><Polygon POINTS="792 1013 1922 1013 1922 1055 792 1055"/></Shape>
	    <String CONTENT="pour vous féliciter en me félicitant moy-même sur votre prompte"
                    HPOS="792"
                    VPOS="1013"
                    WIDTH="1130"
                    HEIGHT="42"></String>
          </TextLine>

          
          
          <TextLine ID="tl_6"
                    
                    BASELINE="790 1093 954 1087 1266 1086 1343 1097 1438 1088 1554 1096 1633 1087 1716 1085 1826 1082 1923 1076" 
                    HPOS="790"
                    VPOS="1054"
                    WIDTH="1133"
                    HEIGHT="43">
            <Shape><Polygon POINTS="790 1054 1923 1054 1923 1097 790 1097"/></Shape>
	    <String CONTENT="guérison, qu’heureusement j’ay sçue aussy tost que votre ma¬"
                    HPOS="790"
                    VPOS="1054"
                    WIDTH="1133"
                    HEIGHT="43"></String>
          </TextLine>

          
          
          <TextLine ID="tl_7"
                    
                    BASELINE="788 1127 884 1127 1043 1125 1121 1126 1216 1128 1314 1129 1514 1129 1561 1129 1640 1128 1735 1127 1836 1125 1922 1125" 
                    HPOS="788"
                    VPOS="1097"
                    WIDTH="1134"
                    HEIGHT="42">
            <Shape><Polygon POINTS="788 1097 1922 1097 1922 1139 788 1139"/></Shape>
	    <String CONTENT="ladie. J’espère que vous vous ménagerés et que vous serés plus"
                    HPOS="788"
                    VPOS="1097"
                    WIDTH="1134"
                    HEIGHT="42"></String>
          </TextLine>

          
          
          <TextLine ID="tl_8"
                    
                    BASELINE="789 1167 827 1167 920 1167 977 1167 1047 1168 1148 1170 1274 1172 1328 1172 1530 1171 1613 1171 1831 1167 1921 1167" 
                    HPOS="789"
                    VPOS="1138"
                    WIDTH="1132"
                    HEIGHT="43">
            <Shape><Polygon POINTS="789 1138 1921 1138 1921 1181 789 1181"/></Shape>
	    <String CONTENT="en état de me bien servir la campagne qui s’ensuivra. Par"
                    HPOS="789"
                    VPOS="1138"
                    WIDTH="1132"
                    HEIGHT="43"></String>
          </TextLine>

          
          
          <TextLine ID="tl_9"
                    
                    BASELINE="787 1210 961 1209 1209 1213 1266 1214 1396 1214 1496 1214 1568 1213 1776 1210 1832 1209 1922 1210" 
                    HPOS="787"
                    VPOS="1181"
                    WIDTH="1135"
                    HEIGHT="40">
            <Shape><Polygon POINTS="787 1181 1922 1181 1922 1221 787 1221"/></Shape>
	    <String CONTENT="l’ancienne connoissance et amitié vous me permettrés de finir"
                    HPOS="787"
                    VPOS="1181"
                    WIDTH="1135"
                    HEIGHT="40"></String>
          </TextLine>

          
          
          <TextLine ID="tl_10"
                    
                    BASELINE="787 1251 862 1251 1100 1253 1155 1264 1328 1264 1376 1257 1466 1257 1598 1255 1630 1254 1679 1247 1799 1252 1919 1261" 
                    HPOS="787"
                    VPOS="1223"
                    WIDTH="1132"
                    HEIGHT="41">
            <Shape><Polygon POINTS="787 1223 1919 1223 1919 1264 787 1264"/></Shape>
	    <String CONTENT="sans compliments ny souhaits, et tout court. » — (Cette lettre,"
                    HPOS="787"
                    VPOS="1223"
                    WIDTH="1132"
                    HEIGHT="41"></String>
          </TextLine>

          
          
          <TextLine ID="tl_11"
                    
                    BASELINE="787 1294 865 1294 913 1293 987 1294 1084 1296 1240 1298 1414 1306 1467 1298 1626 1297 1699 1296 1745 1295 1920 1296" 
                    HPOS="787"
                    VPOS="1266"
                    WIDTH="1133"
                    HEIGHT="41">
            <Shape><Polygon POINTS="787 1266 1920 1266 1920 1307 787 1307"/></Shape>
	    <String CONTENT="dont le ton peut sembler ironique, ne changea pas la mauvaise"
                    HPOS="787"
                    VPOS="1266"
                    WIDTH="1133"
                    HEIGHT="41"></String>
          </TextLine>

          
          
          <TextLine ID="tl_12"
                    
                    BASELINE="784 1336 910 1336 975 1336 1105 1339 1163 1340 1366 1349 1442 1340 1608 1340 1664 1338 1852 1337 1917 1331" 
                    HPOS="784"
                    VPOS="1308"
                    WIDTH="1133"
                    HEIGHT="41">
            <Shape><Polygon POINTS="784 1308 1917 1308 1917 1349 784 1349"/></Shape>
	    <String CONTENT="fortune du comte de Clermont, qui éprouva de nouveaux re¬"
                    HPOS="784"
                    VPOS="1308"
                    WIDTH="1133"
                    HEIGHT="41"></String>
          </TextLine>

          
          
          <TextLine ID="tl_13"
                    
                    BASELINE="785 1379 869 1385 930 1379 1034 1380 1067 1381 1216 1384 1292 1384 1336 1383 1460 1383 1515 1383 1723 1381 1778 1380 1813 1381 1833 1381 1918 1381" 
                    HPOS="785"
                    VPOS="1351"
                    WIDTH="1133"
                    HEIGHT="41">
            <Shape><Polygon POINTS="785 1351 1918 1351 1918 1392 785 1392"/></Shape>
	    <String CONTENT="vers, fut battu à Crevelt par le prince de Brunswick le 23 juin"
                    HPOS="785"
                    VPOS="1351"
                    WIDTH="1133"
                    HEIGHT="41"></String>
          </TextLine>

          
          
          <TextLine ID="tl_14"
                    
                    BASELINE="784 1423 925 1429 971 1422 1034 1423 1185 1426 1293 1425 1439 1425 1477 1425 1524 1426 1648 1432" 
                    HPOS="784"
                    VPOS="1393"
                    WIDTH="864"
                    HEIGHT="41">
            <Shape><Polygon POINTS="784 1393 1648 1393 1648 1434 784 1434"/></Shape>
	    <String CONTENT="suivant, et fut aussitôt après rappelé à la cour.)"
                    HPOS="784"
                    VPOS="1393"
                    WIDTH="864"
                    HEIGHT="41"></String>
          </TextLine>

          
          
          <TextLine ID="tl_15"
                    
                    BASELINE="784 1547 814 1540 896 1550 951 1548 1202 1552 1635 1561 1716 1549 1815 1549 1937 1548 2116 1560 2231 1547 2318 1547 2424 1546 2514 1544 2758 1543 3014 1545" 
                    HPOS="784"
                    VPOS="1498"
                    WIDTH="2230"
                    HEIGHT="66">
            <Shape><Polygon POINTS="784 1498 3014 1498 3014 1564 784 1564"/></Shape>
	    <String CONTENT="★22★ MARIE LECZINSKA, n. 23 juin 1703, fille du roi de Pologne Stanislas"
                    HPOS="784"
                    VPOS="1498"
                    WIDTH="2230"
                    HEIGHT="66"></String>
          </TextLine>

          
          
          <TextLine ID="tl_16"
                    
                    BASELINE="783 1615 1047 1628 1249 1617 1332 1617 1503 1616 1613 1614 1682 1616 1973 1614 2155 1624 2248 1614 2298 1614 2591 1623 2678 1624 2797 1610 2959 1612" 
                    HPOS="783"
                    VPOS="1565"
                    WIDTH="2176"
                    HEIGHT="65">
            <Shape><Polygon POINTS="783 1565 2959 1565 2959 1630 783 1630"/></Shape>
	    <String CONTENT="Leczinski, femme de Louis XV (5 septembre 1725), m. à Versailles, 24 juin 1768."
                    HPOS="783"
                    VPOS="1565"
                    WIDTH="2176"
                    HEIGHT="65"></String>
          </TextLine>

          
          
          <TextLine ID="tl_17"
                    
                    BASELINE="831 1699 876 1701 946 1700 1010 1700 1083 1699 1307 1699 1382 1699 1544 1710 1922 1696 1997 1696 2162 1704 2228 1696 2269 1695 2300 1695 2369 1705 2585 1693 2656 1693 2789 1705 2857 1694 3012 1706" 
                    HPOS="831"
                    VPOS="1657"
                    WIDTH="2181"
                    HEIGHT="53">
            <Shape><Polygon POINTS="831 1657 3012 1657 3012 1710 831 1710"/></Shape>
	    <String CONTENT="L. A. S. au maréchal du Bourg (Léonore-Marie du Maine, n. 1655, maréchal en 1724, m. 1739);"
                    HPOS="831"
                    VPOS="1657"
                    WIDTH="2181"
                    HEIGHT="53"></String>
          </TextLine>

          
          
          <TextLine ID="tl_18"
                    
                    BASELINE="779 1762 1033 1765 1078 1753 1312 1753 1475 1760 1519 1751 1584 1752 1662 1752 1789 1761 1978 1749 2038 1749 2068 1749 2314 1749 2506 1748 2699 1739 2764 1749" 
                    HPOS="779"
                    VPOS="1713"
                    WIDTH="1985"
                    HEIGHT="52">
            <Shape><Polygon POINTS="779 1713 2764 1713 2764 1765 779 1765"/></Shape>
	    <String CONTENT="(Versailles), 2 décembre (1729), 1 p. pl. in-4, cachets et soies. (Coll. Dubrunfaut.) — P."
                    HPOS="779"
                    VPOS="1713"
                    WIDTH="1985"
                    HEIGHT="52"></String>
          </TextLine>

          
          
          <TextLine ID="tl_19"
                    
                    BASELINE="814 1820 958 1820 1067 1820 1132 1820 1210 1819 1256 1820 1426 1819 1482 1819 1551 1818 1794 1817 1828 1816 2018 1816 2078 1817 2125 1818 2307 1818 2372 1817 2449 1817 2520 1818 2669 1825 2727 1818 2762 1818 2956 1819 3011 1820" 
                    HPOS="814"
                    VPOS="1789"
                    WIDTH="2197"
                    HEIGHT="40">
            <Shape><Polygon POINTS="814 1789 3011 1789 3011 1829 814 1829"/></Shape>
	    <String CONTENT="Superbe lettre où elle le remercie de ses compliments à l’occasion de la naissance de son fils (Louis, né à Versailles le"
                    HPOS="814"
                    VPOS="1789"
                    WIDTH="2197"
                    HEIGHT="40"></String>
          </TextLine>

          
          
          <TextLine ID="tl_20"
                    
                    BASELINE="777 1868 797 1868 991 1861 1102 1868 1160 1859 1278 1860 1311 1856 1480 1858 1579 1865 1667 1857 1758 1856 1942 1863 1995 1857 2091 1858 2163 1858 2256 1858 2370 1859 2427 1859 2559 1860 2640 1860 2686 1860 2840 1861 2880 1861 2923 1862 3009 1862" 
                    HPOS="777"
                    VPOS="1830"
                    WIDTH="2232"
                    HEIGHT="42">
            <Shape><Polygon POINTS="777 1830 3009 1830 3009 1872 777 1872"/></Shape>
	    <String CONTENT="4 septembre 1729, m. 1765). « Quoique tard, mon cher maréchal, ce n’est pas avec moins de plaisir que je respond à la joye"
                    HPOS="777"
                    VPOS="1830"
                    WIDTH="2232"
                    HEIGHT="42"></String>
          </TextLine>

          
          
          <TextLine ID="tl_21"
                    
                    BASELINE="778 1911 839 1902 937 1902 1074 1901 1266 1900 1326 1901 1432 1900 1490 1900 1538 1900 1640 1892" 
                    HPOS="778"
                    VPOS="1871"
                    WIDTH="862"
                    HEIGHT="40">
            <Shape><Polygon POINTS="778 1871 1640 1871 1640 1911 778 1911"/></Shape>
	    <String CONTENT="que vous m’avez témoignée au sujet de la nais¬"
                    HPOS="778"
                    VPOS="1871"
                    WIDTH="862"
                    HEIGHT="40"></String>
          </TextLine>

          
          
          <TextLine ID="tl_22"
                    
                    BASELINE="776 1945 868 1944 920 1944 1011 1944 1078 1943 1154 1942 1248 1942 1281 1942 1412 1942 1444 1942 1517 1942 1641 1949" 
                    HPOS="776"
                    VPOS="1914"
                    WIDTH="865"
                    HEIGHT="38">
            <Shape><Polygon POINTS="776 1914 1641 1914 1641 1952 776 1952"/></Shape>
	    <String CONTENT="sance de mon fils que Dieu a acordé à nos vœux,"
                    HPOS="776"
                    VPOS="1914"
                    WIDTH="865"
                    HEIGHT="38"></String>
          </TextLine>

          
          
          <TextLine ID="tl_23"
                    
                    BASELINE="774 1986 805 1987 915 1986 1032 1985 1096 1985 1208 1984 1281 1984 1453 1992 1519 1984 1643 1983" 
                    HPOS="774"
                    VPOS="1955"
                    WIDTH="869"
                    HEIGHT="39">
            <Shape><Polygon POINTS="774 1955 1643 1955 1643 1994 774 1994"/></Shape>
	    <String CONTENT="et cette grâce de Dieu est parfaite, lui ayant"
                    HPOS="774"
                    VPOS="1955"
                    WIDTH="869"
                    HEIGHT="39"></String>
          </TextLine>

          
          
          <TextLine ID="tl_24"
                    
                    BASELINE="773 2028 877 2027 957 2026 1068 2026 1142 2026 1198 2026 1317 2025 1413 2025 1449 2026 1606 2026 1640 2022" 
                    HPOS="773"
                    VPOS="1997"
                    WIDTH="867"
                    HEIGHT="38">
            <Shape><Polygon POINTS="773 1997 1640 1997 1640 2035 773 2035"/></Shape>
	    <String CONTENT="donné une santé qui ne laisse rien à désirer. »"
                    HPOS="773"
                    VPOS="1997"
                    WIDTH="867"
                    HEIGHT="38"></String>
          </TextLine>

          
          
          <TextLine ID="tl_25"
                    
                    BASELINE="776 2149 800 2149 855 2149 943 2146 1179 2148 1336 2157 1409 2147 1469 2146 1724 2147 1822 2146 2005 2145 2055 2145 2180 2156 2421 2144 2511 2144 2685 2144 2830 2157 2939 2144 3009 2146" 
                    HPOS="776"
                    VPOS="2099"
                    WIDTH="2233"
                    HEIGHT="62">
            <Shape><Polygon POINTS="776 2099 3009 2099 3009 2161 776 2161"/></Shape>
	    <String CONTENT="★23★ LOUIS XVI, n. à Versailles, 23 août 1754, petit-fils de Louis XV, roi le"
                    HPOS="776"
                    VPOS="2099"
                    WIDTH="2233"
                    HEIGHT="62"></String>
          </TextLine>

          
          
          <TextLine ID="tl_26"
                    
                    BASELINE="782 2217 835 2217 951 2214 1115 2227 1353 2214 1406 2214 1566 2214 1633 2214 1718 2214 1927 2213 2090 2212" 
                    HPOS="782"
                    VPOS="2168"
                    WIDTH="1308"
                    HEIGHT="63">
            <Shape><Polygon POINTS="782 2168 2090 2168 2090 2231 782 2231"/></Shape>
	    <String CONTENT="10 mai 1774, décapité à Paris le 21 janvier 1793."
                    HPOS="782"
                    VPOS="2168"
                    WIDTH="1308"
                    HEIGHT="63"></String>
          </TextLine>

          
          
          <TextLine ID="tl_27"
                    
                    BASELINE="826 2299 856 2299 939 2298 1009 2298 1081 2298 1286 2298 1512 2299 1580 2299 1638 2298 1813 2297 1885 2298 2000 2310 2027 2309 2227 2306" 
                    HPOS="826"
                    VPOS="2260"
                    WIDTH="1401"
                    HEIGHT="50">
            <Shape><Polygon POINTS="826 2260 2227 2260 2227 2310 826 2310"/></Shape>
	    <String CONTENT="L. A. S. à Amelot (ministre de la maison du Roi) ; Choisy,"
                    HPOS="826"
                    VPOS="2260"
                    WIDTH="1401"
                    HEIGHT="50"></String>
          </TextLine>

          
          
          <TextLine ID="tl_28"
                    
                    BASELINE="771 2354 813 2354 936 2353 1068 2366 1154 2353 1210 2354 1329 2364 1504 2354 1576 2344 1642 2357 1715 2354 1922 2354" 
                    HPOS="771"
                    VPOS="2316"
                    WIDTH="1151"
                    HEIGHT="50">
            <Shape><Polygon POINTS="771 2316 1922 2316 1922 2366 771 2366"/></Shape>
	    <String CONTENT="21 août 1778, 1/2 p. in-8, cachet. — P. de Massart."
                    HPOS="771"
                    VPOS="2316"
                    WIDTH="1151"
                    HEIGHT="50"></String>
          </TextLine>

          
          
          <TextLine ID="tl_29"
                    
                    BASELINE="804 2424 828 2424 876 2424 1010 2424 1157 2424 1192 2424 1428 2424 1479 2424 1588 2424 1818 2424 1872 2424 2075 2432 2131 2423 2228 2422" 
                    HPOS="804"
                    VPOS="2394"
                    WIDTH="1424"
                    HEIGHT="40">
            <Shape><Polygon POINTS="804 2394 2228 2394 2228 2434 804 2434"/></Shape>
	    <String CONTENT="Il le charge d’écrire à l’archevêque de Paris (Christophe de Beaumont) de faire"
                    HPOS="804"
                    VPOS="2394"
                    WIDTH="1424"
                    HEIGHT="40"></String>
          </TextLine>

          
          
          <TextLine ID="tl_30"
                    
                    BASELINE="767 2466 822 2467 963 2466 1066 2467 1116 2467 1297 2467 1347 2467 1392 2467 1532 2466 1587 2459 1929 2466 2122 2472 2171 2465 2227 2472" 
                    HPOS="767"
                    VPOS="2437"
                    WIDTH="1460"
                    HEIGHT="38">
            <Shape><Polygon POINTS="767 2437 2227 2437 2227 2475 767 2475"/></Shape>
	    <String CONTENT="des prières pour la grossesse de la Reine. — (Marie-Antoinette accoucha, le 19"
                    HPOS="767"
                    VPOS="2437"
                    WIDTH="1460"
                    HEIGHT="38"></String>
          </TextLine>

          
          
          <TextLine ID="tl_31"
                    
                    BASELINE="769 2510 933 2509 1045 2517 1155 2509 1247 2517 1733 2516 1810 2508 1936 2509 2109 2507 2224 2499" 
                    HPOS="769"
                    VPOS="2479"
                    WIDTH="1455"
                    HEIGHT="40">
            <Shape><Polygon POINTS="769 2479 2224 2479 2224 2519 769 2519"/></Shape>
	    <String CONTENT="décembre 1778, d’une fille, Marie-Thérèse-Charlotte, qui devint duchesse d’An¬"
                    HPOS="769"
                    VPOS="2479"
                    WIDTH="1455"
                    HEIGHT="40"></String>
          </TextLine>

          
          
          <TextLine ID="tl_33"
                    
                    BASELINE="771 2672 796 2672 850 2673 940 2672 1193 2674 1682 2673 2161 2682 2236 2672 2296 2671 2509 2670 2833 2682 2889 2671 3010 2660" 
                    HPOS="771"
                    VPOS="2626"
                    WIDTH="2239"
                    HEIGHT="60">
            <Shape><Polygon POINTS="771 2626 3010 2626 3010 2686 771 2686"/></Shape>
	    <String CONTENT="★24★ MARIE ANTOINETTE D’AUTRICHE, n. à Vienne (Autriche), 2 no¬"
                    HPOS="771"
                    VPOS="2626"
                    WIDTH="2239"
                    HEIGHT="60"></String>
          </TextLine>

          
          
          <TextLine ID="tl_34"
                    
                    BASELINE="768 2736 957 2737 1125 2749 1238 2739 1325 2739 1652 2738 1914 2736 1957 2737 2031 2735 2115 2737 2182 2737 2381 2736 2813 2746 3010 2734" 
                    HPOS="768"
                    VPOS="2691"
                    WIDTH="2242"
                    HEIGHT="63">
            <Shape><Polygon POINTS="768 2691 3010 2691 3010 2754 768 2754"/></Shape>
	    <String CONTENT="vembre 1755, fille de l’empereur François I et de la grande Marie-Thérèse, femme"
                    HPOS="768"
                    VPOS="2691"
                    WIDTH="2242"
                    HEIGHT="63"></String>
          </TextLine>

          
          
          <TextLine ID="tl_35"
                    
                    BASELINE="769 2802 826 2802 999 2801 1140 2803 1242 2805 1373 2804 1565 2816 1833 2803 1882 2804 2044 2803 2112 2803 2193 2804 2405 2803 2448 2803 2572 2801" 
                    HPOS="769"
                    VPOS="2758"
                    WIDTH="1803"
                    HEIGHT="62">
            <Shape><Polygon POINTS="769 2758 2572 2758 2572 2820 769 2820"/></Shape>
	    <String CONTENT="de Louis XVI (16 mai 1770), décapitée à Paris le 16 octobre 1793."
                    HPOS="769"
                    VPOS="2758"
                    WIDTH="1803"
                    HEIGHT="62"></String>
          </TextLine>

          
          
          <TextLine ID="tl_36"
                    
                    BASELINE="820 2883 863 2884 937 2894 1054 2883 1105 2884 1210 2884 1249 2881 1402 2884 1432 2882 1719 2895 1971 2896 2021 2885 2219 2886 2358 2895 2452 2896 2521 2884 2584 2884 2739 2881 2864 2882" 
                    HPOS="820"
                    VPOS="2845"
                    WIDTH="2044"
                    HEIGHT="53">
            <Shape><Polygon POINTS="820 2845 2864 2845 2864 2898 820 2898"/></Shape>
	    <String CONTENT="P. S., avec le mot « Payez » autographe; Versailles, 1 octobre 1783, 3/4 de p. in-fol. —P."
                    HPOS="820"
                    VPOS="2845"
                    WIDTH="2044"
                    HEIGHT="53"></String>
          </TextLine>

          
          
          <TextLine ID="tl_37"
                    
                    BASELINE="805 2955 906 2954 966 2953 1092 2955 1135 2954 1292 2954 1435 2961 1576 2955 1611 2955 1747 2956 1803 2955 1873 2956 2003 2963" 
                    HPOS="805"
                    VPOS="2925"
                    WIDTH="1198"
                    HEIGHT="40">
            <Shape><Polygon POINTS="805 2925 2003 2925 2003 2965 805 2965"/></Shape>
	    <String CONTENT="Ordre de payer à Jacques Briant, maître à danser de ses pages,"
                    HPOS="805"
                    VPOS="2925"
                    WIDTH="1198"
                    HEIGHT="40"></String>
          </TextLine>

          
          
          <TextLine ID="tl_38"
                    
                    BASELINE="768 2998 797 2998 939 2996 997 2996 1088 2996 1277 2996 1393 2997 1552 2998 1651 2997 1725 2998 1875 2998 1904 2996 2005 2999" 
                    HPOS="768"
                    VPOS="2967"
                    WIDTH="1237"
                    HEIGHT="40">
            <Shape><Polygon POINTS="768 2967 2005 2967 2005 3007 768 3007"/></Shape>
	    <String CONTENT="la somme de cent trente-six livres dix-sept sous six deniers « pour"
                    HPOS="768"
                    VPOS="2967"
                    WIDTH="1237"
                    HEIGHT="40"></String>
          </TextLine>

          
          
          <TextLine ID="tl_39"
                    
                    BASELINE="767 3039 802 3039 1027 3045 1088 3038 1349 3038 1415 3038 1477 3039 1581 3040 1626 3040 1772 3039 1816 3040 1961 3040 2004 3041" 
                    HPOS="767"
                    VPOS="3008"
                    WIDTH="1237"
                    HEIGHT="40">
            <Shape><Polygon POINTS="767 3008 2004 3008 2004 3048 767 3048"/></Shape>
	    <String CONTENT="sa nourriture, en considération de ce qu’il a montré à danser à"
                    HPOS="767"
                    VPOS="3008"
                    WIDTH="1237"
                    HEIGHT="40"></String>
          </TextLine>

          
          
          <TextLine ID="tl_40"
                    
                    BASELINE="767 3082 826 3081 919 3081 1043 3081 1203 3081 1256 3081 1423 3081 1487 3082 1622 3091 1743 3083 1795 3083 2004 3083" 
                    HPOS="767"
                    VPOS="3051"
                    WIDTH="1237"
                    HEIGHT="40">
            <Shape><Polygon POINTS="767 3051 2004 3051 2004 3091 767 3091"/></Shape>
	    <String CONTENT="nos dits pages pendant le quartier de juillet, aoust et septembre"
                    HPOS="767"
                    VPOS="3051"
                    WIDTH="1237"
                    HEIGHT="40"></String>
          </TextLine>

          
          
          <TextLine ID="tl_41"
                    
                    BASELINE="766 3125 906 3123 937 3122 993 3116 1102 3124 1210 3124 1322 3124 1370 3125 1551 3126 1613 3126 1803 3126 1859 3126 1904 3127 2003 3126" 
                    HPOS="766"
                    VPOS="3095"
                    WIDTH="1237"
                    HEIGHT="39">
            <Shape><Polygon POINTS="766 3095 2003 3095 2003 3134 766 3134"/></Shape>
	    <String CONTENT="dernier. » — Cette pièce porte la signature du secrétaire de la main"
                    HPOS="766"
                    VPOS="3095"
                    WIDTH="1237"
                    HEIGHT="39"></String>
          </TextLine>

          
          
          <TextLine ID="tl_42"
                    
                    BASELINE="770 3168 798 3168 851 3168 1036 3167 1258 3167 1313 3167 1363 3168 1494 3171" 
                    HPOS="770"
                    VPOS="3138"
                    WIDTH="724"
                    HEIGHT="38">
            <Shape><Polygon POINTS="770 3138 1494 3138 1494 3176 770 3176"/></Shape>
	    <String CONTENT="et la signature autographe de la Reine."
                    HPOS="770"
                    VPOS="3138"
                    WIDTH="724"
                    HEIGHT="38"></String>
          </TextLine>

          
          
          <TextLine ID="tl_43"
                    
                    BASELINE="769 3290 793 3290 848 3294 936 3294 1174 3297 1356 3295 1796 3295 1847 3295 1941 3295 2268 3296 2360 3296 2710 3309 2847 3309 2924 3296 3011 3296" 
                    HPOS="769"
                    VPOS="3248"
                    WIDTH="2242"
                    HEIGHT="62">
            <Shape><Polygon POINTS="769 3248 3011 3248 3011 3310 769 3310"/></Shape>
	    <String CONTENT="★25★ LOUIS XVII (Louis-Charles de Bourbon, duc de Normandie, dit), n. à"
                    HPOS="769"
                    VPOS="3248"
                    WIDTH="2242"
                    HEIGHT="62"></String>
          </TextLine>

          
          
          <TextLine ID="tl_44"
                    
                    BASELINE="769 3354 1038 3374 1136 3378 1290 3362 1458 3374 1661 3361 1755 3361 1859 3361 2182 3375 2273 3362 2363 3362 2608 3373 2661 3362 2784 3364 2948 3361" 
                    HPOS="769"
                    VPOS="3315"
                    WIDTH="2179"
                    HEIGHT="64">
            <Shape><Polygon POINTS="769 3315 2948 3315 2948 3379 769 3379"/></Shape>
	    <String CONTENT="Versailles, 27 mars 1785, second fils des précédents, m. au Temple, 5 juin 1795."
                    HPOS="769"
                    VPOS="3315"
                    WIDTH="2179"
                    HEIGHT="64"></String>
          </TextLine>

          
          
          <TextLine ID="tl_45"
                    
                    BASELINE="822 3436 969 3441 1209 3444 1489 3445 1627 3444 1676 3442 1733 3444 1892 3445 2107 3458 2156 3446 2229 3446 2264 3446 2514 3444 2715 3445 2914 3433 2979 3442" 
                    HPOS="822"
                    VPOS="3403"
                    WIDTH="2157"
                    HEIGHT="55">
            <Shape><Polygon POINTS="822 3403 2979 3403 2979 3458 822 3458"/></Shape>
	    <String CONTENT="Devoir d’écriture autographe signé « Louis Dauphin », 1 p. in-4. (Coll. Dubrunfaut.) — P."
                    HPOS="822"
                    VPOS="3403"
                    WIDTH="2157"
                    HEIGHT="55"></String>
          </TextLine>

          
          
          <TextLine ID="tl_46"
                    
                    BASELINE="809 3504 961 3507 1171 3511 1368 3514 1426 3514 1488 3514 1652 3514 1856 3523 1930 3515 1999 3516 2048 3515 2180 3516 2369 3515 2427 3515 2600 3515" 
                    HPOS="809"
                    VPOS="3477"
                    WIDTH="1791"
                    HEIGHT="47">
            <Shape><Polygon POINTS="809 3477 2600 3477 2600 3524 809 3524"/></Shape>
	    <String CONTENT="Précieux autographe provenant de M. Jourdan Dumesnil, qui fut le maître d’écriture du dauphin."
                    HPOS="809"
                    VPOS="3477"
                    WIDTH="1791"
                    HEIGHT="47"></String>
          </TextLine>

          
          
          <TextLine ID="tl_47"
                    
                    BASELINE="772 3628 799 3628 885 3631 936 3629 1230 3634 1343 3637 1582 3639 1741 3641 1892 3654 2106 3642 2252 3645 2335 3643 2422 3644 2639 3640 2824 3638" 
                    HPOS="772"
                    VPOS="3581"
                    WIDTH="2052"
                    HEIGHT="79">
            <Shape><Polygon POINTS="772 3581 2824 3581 2824 3660 772 3660"/></Shape>
	    <String CONTENT="★26★ COMITÉ DE SALUT PUBLIC (25 mars 1793 au 26 octobre 1795)."
                    HPOS="772"
                    VPOS="3581"
                    WIDTH="2052"
                    HEIGHT="79"></String>
          </TextLine>

          
          
          <TextLine ID="tl_48"
                    
                    BASELINE="824 3711 859 3693 927 3712 990 3713 1039 3725 1269 3714 1520 3727 1651 3719 1777 3720 1984 3730 2183 3733 2387 3722 2446 3721 2668 3720 2736 3720 2794 3719 3008 3735" 
                    HPOS="824"
                    VPOS="3676"
                    WIDTH="2184"
                    HEIGHT="59">
            <Shape><Polygon POINTS="824 3676 3008 3676 3008 3735 824 3735"/></Shape>
	    <String CONTENT="1° P. S. par COLLOT D’HERBOIS, Carnot, R. LINDET, BARÈRE, BILLAUD VARENNE et C. A. PRIEUR;"
                    HPOS="824"
                    VPOS="3676"
                    WIDTH="2184"
                    HEIGHT="59"></String>
          </TextLine>

          
          
          <TextLine ID="tl_49"
                    
                    BASELINE="772 3767 895 3775 940 3767 1100 3766 1172 3768 1229 3768 1314 3768 1441 3769 1580 3782 1635 3772 1698 3772 1791 3773 1964 3783 2165 3775 2225 3776 2323 3776 2565 3775" 
                    HPOS="772"
                    VPOS="3729"
                    WIDTH="1793"
                    HEIGHT="58">
            <Shape><Polygon POINTS="772 3729 2565 3729 2565 3787 772 3787"/></Shape>
	    <String CONTENT="Paris, 2 floréal an II (21 avril 1794), 5 p. 1/2 in-fol., vignette et tête imprimée."
                    HPOS="772"
                    VPOS="3729"
                    WIDTH="1793"
                    HEIGHT="58"></String>
          </TextLine>

          
        </TextBlock>
        

        
        <TextBlock ID="eSc_dummyblock_">
          
          
          <TextLine ID="tl_1"
                    
                    BASELINE="805 637 878 653 1208 644 1619 642 1766 641 2165 644 2619 647 3021 642" 
                    HPOS="805"
                    VPOS="595"
                    WIDTH="2216"
                    HEIGHT="58">
            <Shape><Polygon POINTS="805 595 3021 595 3021 653 805 653"/></Shape>
	    <String CONTENT="12. CHEFS DE GOUVERNEMENT S.1"
                    HPOS="805"
                    VPOS="595"
                    WIDTH="2216"
                    HEIGHT="58"></String>
          </TextLine>

          
          
          <TextLine ID="tl_32"
                    
                    BASELINE="770 2560 948 2560" 
                    HPOS="770"
                    VPOS="2523"
                    WIDTH="178"
                    HEIGHT="37">
            <Shape><Polygon POINTS="770 2523 948 2523 948 2560 770 2560"/></Shape>
	    <String CONTENT="goulême.)"
                    HPOS="770"
                    VPOS="2523"
                    WIDTH="178"
                    HEIGHT="37"></String>
          </TextLine>

          
        </TextBlock>
        
      </PrintSpace>
    </Page>
  </Layout>
</alto>
