3786 4647
616 563 147 99 S.I

1232 569 1232 77 S.I CHEFS DE GOUVERNEMENT

2790 527 73 123 15

689 844 2201 89 2° L. A. S. de Merlin de Douai (qui fut directeur du io septembre 1797 au 18 juin 1799), à Milet-

645 921 1473 61 Mureau; Paris, 21 germinal an VII (10 avril 1799), 3/4 de p. in-4,

644 974 1382 64 vignette et tête imprimée. Très jolie pièce. — P. de Déjabin.

680 1051 1441 50 U appuie une demande faite par le jeune Lesage, qui est très brave et qui aime

646 1105 395 34 le métier de la guerre.

649 1170 2233 67 l 28 + BONAPARTE (Napoléon), consul de la République française (10 no¬

647 1219 2232 97 vembre 1799), premier consul et consul à vie (24 décembre 1799 au 18 mai 1804).

697 1301 2186 85 L. S. au ministre de la guerre (l’illustre Lazare Carnot, qui était ministre depuis cinq jours);

655 1375 1253 63 Paris, 17 germinal an VIII (7 avril 1800), 1/2 p. in-4,

651 1417 1057 73 vignette et tête imprimée. — P. de Bonneville.

691 1504 1220 45 Prière d’ordonner au citoyen Villesurarce, officier d’artillerie cisalpine,

651 1533 1259 62 qui est à Antibes, de venir à Paris pour rendre compte de la situation

654 1593 575 44 dans laquelle est cette artillerie.

654 1645 2236 86 4- 29 NAPOLÉON I, empereur des Français, du 18 mai 1804 au 22 juin i 8 i 5 ,

658 1723 2236 89 date de son abdication, n. à Ajaccio (Corse), i 5 août 1768, m. prisonnier des Anglais

660 1808 1107 59 dans File de Sainte-Hélène, 5 mai 1821.

711 1899 1173 50 L. S. au roi de Saxe (Frédéric Auguste, qu’il avait

662 1955 1222 50 créé roi le 11 décembre 1806); Compiègne, 22 avril

666 1994 1000 70 1810, 3/4 de p. in-4, cachets et soies. — P.

699 2087 1188 41 Superbe lettre par laquelle il le remercie des compliments qu’il lui

665 2128 1221 39 a adressés à l’occasion de son mariage avec l’archiduchesse Marie-

665 2174 470 38 Louise (célébré le 1 avril).

666 2222 1283 89 ■l 3 o "f NAPOLÉON I, empereur des Français.

720 2330 2185 58 L. S. Np., avec des corrections autographes, à son beau-frère (Joachim Murat, roi de Naples);

666 2369 2236 62 Düben (près de Leipzig), i3 octobre 181 3 , dix heures du matin, 3 p. 1/4 in-q. Superbe pièce.— P.

706 2458 2201 43 Pièce historique sur les préliminaires de la bataille de Leipzig. Instructions pour la disposition du corps du duc de

671 2499 2237 48 Raguse, qu’il faut placer à Breitenfeld, appuyant sa gauche à l’Elster et sa droite à la Partha. Recommandation de ne pas

671 2540 2239 43 affaiblir sa ligne : « C’est ce mouvement qui fait perdre toutes les batailles, car elles ne se gagnent qu’en renforçant la

671 2580 2241 50 ligne dans le moment critique. » Il a pris la veille un ordre du jour pour ordonner que, désormais, son infanterie fût placée

673 2623 2239 45 sur deux rangs seulement, car le feu et la bayonnette du troisième rang sont insignifiants. Un des avantages de cette nouvelle

673 2664 2238 45 disposition sera de faire croire à l’ennemi l’armée d’un tiers plus forte qu'elle n’est. (Voir à ce sujet : Histoire du Consulat

674 2705 2239 46 et de l’Empire , par Thiers, t. XVI, p. 532.) « Il est probable que je viendrai cette nuit prendre position du côté de Hohleine

674 2737 2236 70 avec toute ma garde et les cuirassiers de Latour-Maubourg. » — (Le 16 octobre commença la fameuse bataille de Leipzig qui

676 2792 447 42 ne se termina que le 19.)

682 2846 2232 89 ^ 3 i + JOSÉPHINE (Marie-Josèphe-Rose Tascher de la Pagerie), n. aux Trois-

685 2933 2232 72 Ilets (Martinique), 23 juin 1763, femme de Bonaparte (9 mars 1796), impératrice des

685 2998 2228 74 Français le 18 mai 1804, répudiée le 16 décembre 1809,111. à la Malmaison, 29 mai 1814.

732 3088 2186 58 L. A. S. au citoyen Bessières, chef de brigade (depuis maréchal de l’Empire, né à Preissac le

682 3128 2235 82 6 août 1768, tué près de Rippach le 1 mai i 8 i 3), àMilan; (Turin, octobre 1797), 1 p. in-8, cachet.—P.

721 3220 2201 48 Lettre écrite alors qu’elle revenait de Rome à Paris, après le traité de Campo-Formio. Elle est arrivée à Turin cette nuit,

685 3263 2240 47 trois heures, et elle doit passer le Mont-Cenis demain. « Le tems est affreux, les chemins détestables. J’ai acheter deux cent

687 3312 532 41 bouteilles de liqueurs que j’ai

688 3356 534 39 fait mettre à l’auberge de la

692 3401 532 36 bonne femme. Elles sont

694 3439 531 49 payés. Faites-moi le plaisir de

693 3485 534 45 ne point les oubliers lorsque

694 3529 534 43 vous passerai. » — (Elle rentra

696 3570 532 36 alors dans son hôtel de la rue

698 3615 533 38 Chantereine, où Bonaparte et

696 3655 532 41 elle vécurent jusqu'à l’expé¬

700 3702 297 38 dition d’Egypte.)
