1971 3146
1179 433 145 51 — 8 —

640 516 1218 45 40. FLORIAN (Jean-Pierre Claris de), le célèbre fabuliste,

742 553 1045 52 membre de l’Académie française, n. 1755, m. 1794.

776 637 392 42 L. a. s., 1 p. 1/2 in-8.

757 704 1100 44 Intéressante lettre où il dit qu’il reste enfermé chez lui pour

722 739 1133 44 s’occuper de sa notice sur Voltaire. «Ce nom de Voltaire a bien

719 770 1136 63 embelli mon ouvrage; il tachera qu’il fasse pleurer ceux qui entendront

720 810 432 34 le récit de ses bienfaits.»

635 880 787 69 41. FLORIAN (Jean-Pierre Claris de).

771 954 1032 63 La Sauterelle, fable autographe, 3 p. in-8. Très jolie pièce.

635 1040 1217 61 42. FLOTOW (Friedrich-Ferdinand de), célèbre composi¬

736 1102 1116 55 teur de musique allemand, auteur de Martha, n. 1812,

736 1156 176 35 m. 1883.

775 1226 1076 50 L. a. s., en français, à Léon Escudier; Paris, 5 mars 1878,

732 1270 162 40 2 p. in-4.

754 1334 1097 42 Très belle lettre où il fait l’historique de son ouvrage Zora l'enchan¬

719 1371 521 38 teresse. Il parle aussi de Martha.

637 1450 1213 54 43. FONTENELLE (Bernard Le Bouyer de), célèbre écri¬

734 1501 1112 54 vain, mathématicien et philosophe, neveu de Corneille,

734 1549 1048 50 membre de l'Académie française, n. 1657, m. 1757.

774 1630 866 42 L. a. s. à M. de Mairan; jeudi 16, 1 p. in-8. Rare.

750 1695 1096 41 Jolie lettre relative à la pension de l’abbé de Genest, de l’Académie

715 1732 155 37 française.

632 1798 1215 60 44. FOSCOLO (Ugo), célèbre poète et écrivain italien,

729 1865 362 44 n. 1778, m. 1827.

763 1919 1079 76 L. a. s. à Ugo Brunetti; 23 décembre (1807), 1 p. in-4. Belle

725 1978 102 30 lettre.

630 2061 1214 56 45. FRAGONARD (Jean-Honoré), célèbre peintre, élève de

726 2099 557 66 Boucher, n. 1732, m. 1806.

763 2173 1079 73 P. a. s.; Paris, 26 nivôse an VI (15 janvier 1798), 1 p. in-8

728 2228 235 38 oblong. Rare.

744 2294 1094 46 Il donne reçu de la somme de 14 pièces d’or qui lui a été payée

708 2322 743 89 pour deux dessins des Contes de La Fontaine.
