1913 2972
318 396 1452 80 LETTRES AUTOGRAPHES

863 511 356 30 EN VENTE CHEZ

452 581 1186 73 Noël CHARAVAY, expert en autographes

745 678 590 33 3, rue de Furstenberg, à Paris

351 780 1421 44 (Depuis le mois d’avril 1918, nos prix sont absolument nets à cause de

306 835 1458 48 la taxe de 10 % sur les objets de collection ; nous prenons, d’ailleurs, cette

308 892 880 44 taxe à notre charge en compte avec le Trésor.)

302 1050 1462 57 88043 ALENÇON (René de Valois, duc d’), prince du XVe siècle,

527 1110 1239 53 que Louis XI fit enfermer dans une cage de fer pour

526 1166 1240 52 avoir voulu vendre son duché au duc de Bourgogne. —

526 1222 1237 51 P. s., sur vélin; Alençon, 14 mars 1484 avant Pâques;

526 1277 1232 52 1 p. in-4° oblong. Petite déchirure enlevant trois mots.

495 1389 1088 38 Reçu de la somme de 600 livres pour la dépense de son hôtel.

1636 1346 125 37 50 »

296 1455 1463 56 88044 ALENÇON (François, duc d'), cinquième fils de Henri II et

524 1508 1237 58 de Catherine de Médicis, prétendant à la main d’Élisa¬

522 1564 1239 57 beth d’Angleterre. — P. s., sur vélin ; Mons, 1 septem¬

521 1625 1239 51 bre 1578, 1 p. in-folio oblong. 15 »

486 1691 1273 39 Commission à Guillaume Macé pour la charge de contrôleur ordinaire des

444 1736 658 38 guerres en l’armée du duc d’Alençon.

288 1801 1469 54 88045 AMIEL (Henri-Frédéric), écrivain et moraliste suisse, né à

515 1858 1238 53 Genève. — L. a. s. à un poète; Genève 24 décembre 1879,

516 1916 1239 50 1 p. in-8°. 15 »

480 1981 1190 39 Il lui reproche de l’oublier et lui demande l’envoi de ses brochures.

288 2042 1467 59 88046 ANDRÉOSSY (Antoine-François), célèbre général et diplo¬

514 2104 1238 55 mate, né à Castelnaudary. — L. s. au citoyen Gau; Paris,

516 2160 1237 53 Ire jour complémentaire an IX, 1 p. in-4°, vignette im¬

511 2217 1241 51 primée. 5 »

286 2288 1464 60 88047 ANGOULÊME (Jean d’ORLÉANS, comte d’), seigneur

512 2345 1238 58 d’Épernay et de Romorantin, grand-père de Fran¬

512 2405 1235 52 çois Ier. — P. s., sur vélin ; 17 avril 1465 après Pâques,

511 2464 1239 51 1 p. in-4° oblong. Rare. 50 »

476 2526 1270 41 Mandement à M. Robert Bassart, receveur général des finances, de

434 2572 1311 42 payer à Pierre Bragier, seigneur de Puygarreau, la somme de 500 écus

435 2615 1310 41 d’or neufs en déduction de la somme de 4.500 écus pour ce qu’il reste lui

433 2659 1311 44 devoir sur l’acquisition de la terre et seigneurie de Bourg-Charente (Cha¬

428 2708 110 36 rente).
