1913 2972
318.0 396.0 1452.0 80.0 LETTRES AUTOGRAPHES

863.0 511.0 356.0 30.0 EN VENTE CHEZ

452.0 581.0 1186.0 73.0 Noël CHARAVAY, expert en autographes

745.0 678.0 590.0 33.0 3, rue de Furstenberg, à Paris

351.0 780.0 1421.0 44.0 (Depuis le mois d’avril 1918, nos prix sont absolument nets à cause de

306.0 835.0 1458.0 48.0 la taxe de 10 % sur les objets de collection ; nous prenons, d’ailleurs, cette

308.0 892.0 880.0 44.0 taxe à notre charge en compte avec le Trésor.)

302.0 1050.0 1462.0 57.0 88043 ALENÇON (René de Valois, duc d’), prince du XVe siècle,

527.0 1110.0 1239.0 53.0 que Louis XI fit enfermer dans une cage de fer pour

526.0 1166.0 1240.0 52.0 avoir voulu vendre son duché au duc de Bourgogne. —

526.0 1222.0 1237.0 51.0 P. s., sur vélin; Alençon, 14 mars 1484 avant Pâques;

526.0 1277.0 1232.0 52.0 1 p. in-4° oblong. Petite déchirure enlevant trois mots.

1636.0 1346.0 125.0 37.0 50 »

495.0 1389.0 1088.0 38.0 Reçu de la somme de 600 livres pour la dépense de son hôtel.

296.0 1455.0 1463.0 56.0 88044 ALENÇON (François, duc d'), cinquième fils de Henri II et

524.0 1508.0 1237.0 58.0 de Catherine de Médicis, prétendant à la main d’Élisa¬

522.0 1564.0 1239.0 57.0 beth d’Angleterre. — P. s., sur vélin ; Mons, 1 septem¬

521.0 1625.0 1239.0 51.0 bre 1578, 1 p. in-folio oblong. 15 »

486.0 1691.0 1273.0 39.0 Commission à Guillaume Macé pour la charge de contrôleur ordinaire des

444.0 1736.0 658.0 38.0 guerres en l’armée du duc d’Alençon.

288.0 1801.0 1469.0 54.0 88045 AMIEL (Henri-Frédéric), écrivain et moraliste suisse, né à

515.0 1858.0 1238.0 53.0 Genève. — L. a. s. à un poète; Genève 24 décembre 1879,

516.0 1916.0 1239.0 50.0 1 p. in-8°. 15 »

480.0 1981.0 1190.0 39.0 Il lui reproche de l’oublier et lui demande l’envoi de ses brochures.

288.0 2042.0 1467.0 59.0 88046 ANDRÉOSSY (Antoine-François), célèbre général et diplo¬

514.0 2104.0 1238.0 55.0 mate, né à Castelnaudary. — L. s. au citoyen Gau; Paris,

516.0 2160.0 1237.0 53.0 Ire jour complémentaire an IX, 1 p. in-4°, vignette im¬

511.0 2217.0 1241.0 51.0 primée. 5 »

286.0 2288.0 1464.0 60.0 88047 ANGOULÊME (Jean d’ORLÉANS, comte d’), seigneur

512.0 2345.0 1238.0 58.0 d’Épernay et de Romorantin, grand-père de Fran¬

512.0 2405.0 1235.0 52.0 çois Ier. — P. s., sur vélin ; 17 avril 1465 après Pâques,

511.0 2464.0 1239.0 51.0 1 p. in-4° oblong. Rare. 50 »

476.0 2526.0 1270.0 41.0 Mandement à M. Robert Bassart, receveur général des finances, de

434.0 2572.0 1311.0 42.0 payer à Pierre Bragier, seigneur de Puygarreau, la somme de 500 écus

435.0 2615.0 1310.0 41.0 d’or neufs en déduction de la somme de 4.500 écus pour ce qu’il reste lui

433.0 2659.0 1311.0 44.0 devoir sur l’acquisition de la terre et seigneurie de Bourg-Charente (Cha¬

428.0 2708.0 110.0 36.0 rente).
