1749 2481
215 1791 968 60 BELLOGUET (A.), 5, rue du Pont-de-Lodi.

180 1864 631 58 27. — Bal public; dessin.

259 1951 1198 53 (Cette composition groupe une moitié de la société des

296 2019 1155 56 bals publics ; ce sont les actionnaires de la dépra¬

304 2088 1153 53 vation aux prises avec les bohémiennes de l’amour.

811 2154 481 60 (Voir la lithographie).

231 150 1232 65 BARIL (Gédéon), élève de M. Léon Cogniet, 24, rue

271 231 323 54 des Martyrs.

182 299 929 56 18. — Une salle d’armes au XVe siècle.

722 72 190 33 —5 —

231 390 1238 71 BATAILLE (Emile), rue de l’Abbaye, 7, à Montmartre-

280 470 153 57 Paris.

165 544 623 65 19. — Matinée, paysage.

179 618 698 62 20. — Moutons au pâturage.

222 713 1229 69 BAUGER (Antony), élève de M. Defaux, 129, faubourg

267 789 317 55 Saint-Denis.

183 866 386 58 21. — Paysage.

216 970 894 51 BAURENS (Adolphe), 9, rue de Turin.

179 1036 954 59 22. — Etude de tulipes, d’après nature.

213 1141 672 59 BEAUVERIE (Joseph-Charles).

175 1215 851 59 23. — Intérieur de ferme, paysage.

213 1292 984 68 BEAUJEU (Paul de), 71, rue d’Amsterdam.

176 1374 611 58 24. — Dans les Lagunes.

179 1450 582 57 25. — Lapins et choux.

211 1539 1244 68 BELLENGER (Georges), élève de L. de Boisbaudran.

268 1620 572 56 12, rue des Beaux-Arts.

176 1691 516 58 26. — Coin d’atelier.
