1749 2481
302 136 1252 68 BENARD (Auguste-Sébastien), élève de MM. Grangei

347 215 807 59 et Lafond, 63, rue de Dunkerque

248 287 600 62 28. — Le bac de Cergy.

255 363 782 58 29 — Départ pour les chamns.

813 64 172 35 — 6 —

296 458 1250 64 (Brneen (Philippe), 93, rue des Marais Saint-Martin.

251 534 1033 64 30. — Portrait de Mademoiselle Sophie R.

248 610 95 57 31.

347 613 1097 55 — Fragment, d’après un tableau de Lesueur.

251 686 840 61 32. — Paysage, d’après Ruysdaël.

332 769 1211 59 Nora, Les 29 et 30 sont tirés de la galerié impériale de

384 840 425 54 Saint-Pétersbourg.

292 931 1254 62 BERNE-BELLECOUR (Etienne), élève de MM. Picot et

346 1010 710 56 Barrias, 5, rue de la Douane.

245 1081 1022 60 33. — Les Plâtreries, près Fontainebleau.

288 1181 1158 59 BERNOT (Edmond), 79, boulevard de Strasbourg.

242 1248 987 68 34. — Portrait de Mademoiselle L. de T.

291 1356 680 56 BERTAUX, 19, rue Gabrielle.

244 1427 933 61 35. — Buste platre, portrait de M. R.

285 1523 1259 64 BESNUS (Michel-Amédée), élève de MM. Vassort et

343 1603 745 56 Léon Cogniet, 68, rue du Bac.

248 1674 1211 59 36. — Plaine marécageuse des côtes d’Angleterre.

245 1751 710 58 37. — Bestiaux au pâturage.

246 1800 662 82 38 — Chevaux de halage.

288 1924 1255 60 BIROTHEAU (Ferdinand), élève de Drolling, chez

347 1999 704 58 Blanchet, 30, rue Bonaparte.

233 2067 683 64 39. — Portrait- de M. B. F.

248 2143 797 63 40. — Portrait de Madame B. M.
