1749 2481
751 64 170 41 — 7 —

250 140 1229 68 BISSON (Pierre-Joseph-Edouard), né à Paris, élève

292 223 388 54 de G. Decamps.

194 290 619 58 44. — Le récit du soldat.

194 365 661 59 42. — Portrait de l’auteur.

238 449 1244 58 BIZOT (Victor-Gustave), élève de MM. Hip. Flandrin

288 522 1194 61 et Barrias, né à Dijon, 55, faubourg Poissonnière.

195 600 520 54 43 — Annonciation.

234 669 1091 62 BLU (Jules), 28, rue de Paradis-Poissonnière.

191 744 666 59 44. — Portrait de M. C. B.

237 829 1241 61 BOQUET (Louis-Charles), né à Château-Thierry, élève

286 905 312 58 de M. Picot.

194 975 586 60 45. — Portrait de M. B.

240 1059 1234 64 BORT (Henri-Charles-Emmanuel), élève de Ch. Gui-

293 1139 630 56 gon, 54, rue de Lisbonne.

195 1210 1087 59 46. — Souvenir des montagnes du Faucigny.

237 1291 1234 65 BOUCHET (Auguste), élève de Léon Cogniet, 18, bou

288 1370 368 60 levard Pigalle.

194 1436 1287 69 47. — Paysage; chemin creux, forêt de Montmorency.

195 1514 726 58 48. — Portrait de Madame C.

235 1596 1243 69 BOUHGRAVE (Edouard), 12, rue de la Tour-d’Au.

299 1681 190 54 vergne.

193 1744 1291 60 49. — Saint Louis de Sicile et saint Bernardin de

288 1819 654 61 Sienne, d’aprés Bonvicino.

241 1902 1245 66 BOURGEOIS (Hortense), née à la Ferté-Gaucher, élève

288 1977 1198 61 de M. Léon Cogniet, 73, boulevard Beaumarchais.

190 2048 1304 67 50. — Portrait de S. M. l’Impératrice, d’après Win¬

435 2128 231 58 terhalter.
