1749 2481
245 179 1232 66 CAZIN (Jean-Charles), élève de M. L. de Boisbau¬

291 256 442 62 dran, à Boulogne.

198 330 855 57 64. — Souvenir des dunes Wissant.

230 413 1237 65 CELS (Eugène), né à Paris, élève de M. Durant

292 490 738 59 Brager, 34, avenue de Neuilly.

197 562 716 58 65. — Vue de Fort de France.

194 630 1190 66 66 — Vue de Sainte-Marthe, (Nouvelle-Grenade.

193 711 481 52 67. — Une marine.

237 792 1227 61 CHARPENTIER (Alfred), né à Paris, élève de M. Lapito,

292 864 443 59 38, rue Richelieu.

192 936 1128 62 68 — Le Gave, près de Luz (Hautes-Pyrènées).

194 1013 989 57 69. — Les moulins de Sassenage (Isère).

244 1095 1229 62 CHAUVEL (Théophile), élève de Picot, Bellel et Aligny,

295 1167 775 65 10, place de l’Arc-de-Triomphe.

197 1243 1163 60 70. — Dans la gorge aux Loups (Fontainebleau).

193 1316 1099 59 71. — Passage du gué (environ d’Avranches).

231 1401 1239 60 CHASSEVENT (Gustave-Adolphe), né à Paris, 111, rue

285 1478 196 53 du Bac.

194 1550 383 59 72. — Paysage.

233 1633 1235 59 CHAUSSAT (Emma), élève de MM. Chapsal et Couture

295 1707 402 55 28, rue Chevert.

194 1776 618 59 73. — Salon de Beaujon.

191 1848 680 59 74. — Atelier de M. Gudin.

233 1935 949 60 CHINTREUIL (Antoine), 47, rue de Seine.

192 2001 1232 70 75. — Les Champs aux premières clartés; paysage.

194 2079 874 67 76. — Champs de sainfoin; paysage.

194 2154 673 66 77. — Novembre; paysage.

757 88 166 46 —9 —
