1749 2481
262 2008 1238 60 CYBOULLE (Aman), élève de Paul Delaroche, 49, rue

322 2081 269 58 de Sèvres.

219 2152 871 58 98. — Vendanges, scène Louis XV.

255 187 1234 55 COUSIN (Charles), chez M. Ancourt, 52, rue du

307 235 1177 83 Cherche-Midi, élève de MM. Léon Cogniet et Jol¬

308 330 143 57 livet.

202 402 567 58 90. — La Chute d’eau.

761 109 193 39 —11—

253 514 851 59 COUTY, 35, rue Capron, Batignolles.

208 585 1020 60 91. — La Consigne; chien d’après nature.

255 685 1218 67 CHAPELET (Louis-Amable), élève de MM, Corot Sé

302 767 1073 60 chan et Durand-Brager, 70, rue de l’Olivier.

211 840 990 62 92. — Un soir sur le Nil (Haute-Egypte).

253 949 1236 61 CRESPELLE (Louis), 43, rue Fontaine-Saint-Georges.

212 1025 634 56 93. — Le Christ en croix.

291 1121 1204 51 Aux pieds de sa croix, il avait sa mère: un seul de ses

246 1185 1247 56 disciples, Jean le bien aimé; Marie, femme de Cléophile.

251 1251 310 55 et Madeleine.

328 1320 1161 54 (Histoire du Peuple de Dieu, par le P. Isaac Berruyer)

259 1419 943 64 CURTET (Joseph), 2 bis, rue Montholon.

213 1495 839 59 94. — Groupe de fruit et d’enfant.

216 1572 644 54 95 — Couronne de fleur.

211 1644 720 58 96. — Bouquet dans un vase.

260 1746 1231 67 CURTY (Edouard), élève de Abel de Pujol, chez

307 1824 796 60 M. Blanchet, 39, rue Bonaparte.

206 1897 719 60 97 — Le Jugement dernier.
