1749 2481
743 84 196 46 — 12 —

241 162 1239 65 DANGUY (Célestin), élève de M. Aimé Millet et Léon

293 220 1178 83 Cogniet, 7, rue Sainte-Engénie, 14 arondisse.

289 326 156 44 ment.

190 388 478 57 99. — Terrassiers.

183 463 764 59 100. — Mercure Psychopompe.

230 556 932 64 DARJOU (Victor), 18, rue Poissonnière.

186 632 1302 62 101. — Marguerite. souvenir du gymnase : Les Gana¬

395 709 140 53 ches.

188 777 1296 62 102. — Portrait de M. Dambry, inventeur de la cap¬

391 854 1086 57 sule dite tire-feu adoptée par l’artillerie

393 927 1087 59 en 1847, commandé pour le musée de Sois¬

397 1010 136 48 sons.

231 1105 1244 59 DARRU (mademoiselle Louise), élève de M. Piette et

281 1178 754 59 Armand Doré, 1, rue de Laval.

186 1254 674 55 103. — Fleurs des champs.

187 1327 549 54 104. — Nature morte.

186 1399 722 60 105. — Nature morte, citron.

228 1502 1245 61 DAUSSE (Elise), élève de M. Gosse, 4, rue du Puits des

280 1579 442 55 Blancs-Manteaux.

188 1651 743 55 106. — Portrait de madame B.

188 1722 687 60 107. — 19. de l’abbé D.

184 1792 569 62 108 —Id. de M.D.

226 1897 994 62 DELABORDE (Elie), 1, rue des Saints-Pères.

188 1973 1045 68 109. — Un paysage, vue de la Brossardière.

228 2085 289 55 DELALLEAU.

186 2152 751 68 110. — Entrée de Therouanne.
