1749 2481
271 1845 1243 68 DORÉ (Armand), élève de M. Desmoulins, 49, rue

318 1924 337 56 d’Hauteville.

227 1997 680 60 133. — Rêverie maternelle.

233 2074 549 61 134. — Au printemps.

233 2146 857 60 135. — Une nouvelle connaissance.

765 70 220 39 — 14 —

223 150 822 62 123. — Portrait de madame V...

223 225 687 60 124. — Portrait de M.L. D.

267 328 1254 64 DESTIGNY (mademoiselle Lucie), née à Paris, élève

314 401 1124 60 de MM. Lazerges et Yvon, 37, rue de Fleurus.

230 481 1214 60 125. — Portrait de mademoiselle Marie D., étude.

266 585 629 58 DIETSH, 34, rue Fontaine.

224 658 1159 58 126. — Portrait en pied de M. C.; non terminé.

270 763 798 57 DONNER (Athon), 9, rue Duperré.

227 835 773 56 127. — Une famille de Tritons.

268 937 1242 62 DONEAUD (Jean-Eugène), élève de H. Flandrin

318 1017 710 55 Auteuil (villa Montmorency).

228 1088 609 58 128. — Leçon de dessin.

228 1161 999 61 129. — Jézabel morte (IV Rois, chap. IX).

228 1243 519 51 130. — Suite de jeu.

266 1338 1244 61 DOYEN (G.) né à Pestieux (Aisne), 9, rue Notre-Dame

321 1414 494 56 de Bonne-Nouvelle.

227 1485 1217 61 131. — Le Berger et la mer, fable de la Fontaine.

270 1594 805 58 DUQUENNE (A.), 54, rue Letellier.

228 1666 1287 56 132. — Un dessin, Job et ses amis (traduction de

491 1739 209 59 Renan).
