1749 2481
724 84 209 37 —15—

230 166 1232 71 DUBOIS (Louis-Jean-Baptiste), à Beez Lez-Namur

281 259 245 48 Belgique.

191 325 531 55 136. — La Maternité.

188 399 569 57 137 — Le Crépuscule.

227 508 1240 65 DUBOIS (Hippolyte), élève de M. Gleyre, 2, rue Bou-

273 587 404 55 bon-le-Château.

184 659 1329 66 138. — Titania (Sheakespeare; songe d’une nuit.

437 738 174 64 d’été).

188 810 563 59 139 — Chant d’église.

230 922 1250 64 DUMAX (Ernest-Joachim), élève de M. Mauvoisin et

282 997 866 64 Corot, à Marcoussis (Seine-et-Oise).

191 1077 1289 60 140. — Marabouts de Mammoud-el-Kébir et ses deux

446 1150 422 62 fils, près Blidah.

190 1219 836 66 141. — Rue de la Giraffe à Alger.

193 1298 1110 61 142. — Vue prise près de la Casebha (Alger).

237 1410 1241 63 DUPUIS (P. Fétix), élève de M. Léon Cogniet

293 1485 824 62 17, quai d’Anjou, île Saint-Louis.

195 1572 934 57 143. — Portrait de mademoiselle J. C.

195 1645 909 57 144. — Portrait de madame D. de M.

194 1717 1287 62 145. — Portrait de M. Maugin; avoué près le tribunal

445 1793 303 58 de la Seine.

238 1906 1054 65 DUPRAY (Henry), élève de M. Léon Cogniet.

196 1993 1306 60 146. — Funérailles du général Marceau, l’armée au¬

444 2070 1045 55 trichienne lui rend les honneurs militaires

448 2146 700 57 de concert avec les Français.
