1749 2481
310 165 807 61 FICATIE, 7, rue du Mont-Thabord.

277 239 800 60 169. — Portrait d’Horace Vernet.

275 318 682 52 170. — Portrait du comte R.

264 382 365 62 171.— Chien.

803 84 207 35 — 18 —

307 507 1228 62 FILLEUL (Mademoiselle Clara), élève de M. Mon

358 581 895 65 voisin, 47, grand'rue de la Chapelle.

262 657 886 60 172. — Fruits, nature morte; pastel.

260 727 857 64 173. — Un panier de fruits; pastel.

303 850 1237 59 FOUGÈRE (Mademoiselle Amanda), née à Coutances

362 926 1167 58 (Manche), élève de Steuben et Monvoisoin; mé-

351 999 1188 59 daille de troisieème classe, 17, rue de Vaugirard,

340 1070 168 61 Paris.

250 1143 762 62 174. — Sainte Julitte, martyre.

339 1268 1204 51 Après les édits de l’empereur Dioclétien contre le

293 1335 1247 52 christianisme, Julitte fut arrêtée pour sa foi à Tarsi en

295 1403 1247 48 Cilicie, où elle s’était enfuie avec son jeune enfant et deux

293 1470 349 53 de ses femmes.

311 1536 1224 50 Conduite devant le tribunal du gouverneur Alexandre,

289 1604 1250 54 la sainte proclame hautement qu’elle est chrétienne. Le

293 1674 1251 50 juge ne connaissant plus alors de limite à sa cruauté,

292 1740 1248 49 ordonne au bourreau d’arracher l’enfant des bras de sa

297 1805 1239 58 mère ; puis il la condamne au martyre... (Vie des saints).

260 1921 1268 59 175. — Saint Jean-Baptiste offrant une colombe à l’en-

504 1997 278 55 fant Jésus.

262 2065 1275 62 176. — Sainte Elisabeth de Hongrie visitant les pau.-

531 2155 117 48 vres.
