1749 2481
747 99 203 35 — 19 —

252 179 1243 63 FOURNIER (Alexandre), élève de M. Cogniet, né à

300 235 404 80 Gaunat (Allier).

216 333 822 57 177. — Une Baigneuse, paysage.

212 405 389 55 178. — Dessin.

284 471 1212 58 Eudore et Mérovée, traversant les forêts de la Germa-

241 541 1258 57 nie, trouvent des traces de ces migrations de peuples

242 611 1253 53 sans noms, que le midi appelle du septentrion et de

242 680 207 50 l’aurore.

342 744 840 55 (Tiré des Martyrs, de Chateaubriand.)

234 827 1261 64 FUSINO (Henri Johnson), né à Paris, élève de

303 905 699 59 M. Gleyre, 23, rue de Laval.

208 978 578 55 179 — Faust à l’étude.

286 1047 1211 61 Méphistophélès attend le moment où Faust va faire son

244 1126 238 45 évocation.

216 1186 680 57 180. — La Vision de Faust.

306 1254 1207 62 Méphistophélès montre à Faust Marguerite au sortir de

249 1325 179 60 l’église.

256 1411 1232 59 GALLARD LÉPINAY (Paul-Charles-Emmanuel), 16, bou

302 1488 891 59 levard de Neuilly, Batignolles-Paris.

209 1561 527 58 181. — Une tempête.

211 1634 1165 59 182 — Départ de pêche; souvenir de Trouville.

212 1707 948 60 183. — La Méditerranée; soleil levant.

253 1801 1244 61 GARIOT (Paul-César), méd. de 3e classe, 1843, 6, rue

306 1874 778 59 Ondinot et 68, rua de Babylone.

213 1946 889 62 184. — Portrait de M. D. O’Higgins.

213 2020 853 61 185 — Portrait de M. J. T. Vilar.

251 2107 1249 56 Figures décoratives exécutées en 1861 dans le salon de

205 2173 1159 68 s. M. l’impératrice au palais de l’Elysée Napoléon :
