1749 2481
776 68 205 37 —20—

293 142 373 58 1° Le Printemps;

283 210 315 58 2° L’Automne;

283 270 205 62 3° L’Été;

296 345 224 51 4° L’Hiver.

288 431 710 56 GAULTRON (H.), 33, rue Bleue.

253 503 718 53 186 — Une terrasse à Tunis.

249 576 897 55 187. — Un philosophe de Basse-cour.

249 646 611 59 188 — Table de cuisine.

288 740 1218 58 GAUDEFROY (Alphonse), élève de son père et Léon

321 810 818 61 Cogniet, 36, rue Javel, Grenelle.

248 882 596 59 189. — Jeune fille juive.

251 955 855 56 190. — Intérieur d’académie suisse.

249 1029 864 57 191. — Portrait de mademoiselle A.

288 1123 764 59 GAUTIER (Amand), rue d’Isly, 8.

252 1196 688 55 192. — La Femme adultère.

252 1266 945 58 193. — La Jetée d’Honfeur (Calvados).

292 1353 1223 69 GEYMULER (Gustave-Adolphe), élève de feu Grolig.

351 1430 988 58 11. rue du Vieux-Versailles, à Versailles.

252 1506 1265 57 194. — Le Lac d’Albano d’après une lithographie de

504 1576 640 64 Calame, paysage à l’huile.

257 1649 567 58 195. — Etude de forêt.

296 1738 1222 59 GILBERT (Charles-Camille), élève de MM. Gleyre et

346 1811 1007 60 Giraud, 77, rue Blomet, Vaugirard-Paris.

256 1883 648 62 196. — Portrait de M***.

295 1964 1251 66 GIRAUD (Lazare), élève de M. Clérian, 118, rue de

360 2042 412 58 Paris, Belleville.

260 2112 636 69 197. — Fleurs et poissons.
