1749 2481
743 66 225 45 — 21 —

213 144 979 62 198. — Roses, fraises et cochons d’inde.

253 250 1068 62 GILBERT (Achille), rue des Grands-Degrés, 4.

216 322 1207 63 199. — Portrait de M. B. (Voir à la lithographie.).

256 431 988 62 GRAHAM (Robert), rue Duperré, 4, Paris.

217 507 956 56 200. — OEufs et fromage, nature morte.

217 580 896 56 201 — Pieds de porc, nature morte.

259 683 1238 55 GRANIER DE BEAUREGARD, 42, Faubourg-Montmartre.

219 756 1280 71 202. — Souvenir de Marie-Antoinette, d’après Muller.

253 858 1250 58 GRATIA (Charles-Louis), élève de Decaisne, médaille

306 930 1201 63 de 3e classe (pastel) 1844, et rappel de 3e médaille

307 1006 1190 59 en 1861, à Londres, Fitzroy, square 35, et à Paris.

307 1076 1069 63 chez M. Stheneil, 85, rue du Cherche-Midi.

216 1159 680 55 203. — Deux sœurs; pastel.

259 1255 1238 64 GRIVOLAS (Pierre), élève de M. Charles Comte, 38 bis.,

307 1332 673 58 rue Fontaine Saint-Georges.

219 1407 734 59 204. — Les adieux, Provence.

220 1478 617 60 205. — Bords du Rhône.

266 1579 1233 65 HAMLET GRIFFITHS (Edmond-Charles), élève de

314 1654 1179 63 M. Vernon Hamlet Grifiths, son père, et de M. Au

324 1731 1176 62 guste Vyard, à Creuil, route de Nogent-les-Vierges

317 1804 1183 62 et à Paris, à l’Institut polytechnique, rue Olivier

314 1882 459 58 Saint-Georges, 12.

223 1948 1280 64 206. — Un matin sur les bords de l’Oise, à Verneuil

270 2059 850 62 GOUILLET (Jules), 241, rue de Lille.

205 2133 390 62 207 — Fruits.
