<?xml version="1.0" encoding="UTF-8"?>
<alto xmlns:xsi="http://www.w3.org/2001/XMLSchema-instance"
      xmlns="http://www.loc.gov/standards/alto/ns-v4#"
      xsi:schemaLocation="http://www.loc.gov/standards/alto/ns-v4# http://www.loc.gov/standards/alto/v4/alto-4-2.xsd">
  <Description>
    <MeasurementUnit>pixel</MeasurementUnit>
    <sourceImageInformation>
      <fileName>27_08a82_default.jpg</fileName>
      <fileIdentifier>https://gallica.bnf.fr/iiif/ark:/12148/bpt6k114147v/f28/full/full/0/default.jpg</fileIdentifier>
    </sourceImageInformation>
  </Description>
  
  <Tags>
    <OtherTag ID="BT839" LABEL="Title" DESCRIPTION="block type Title"/><OtherTag ID="BT840" LABEL="Main" DESCRIPTION="block type Main"/><OtherTag ID="BT841" LABEL="Running Title" DESCRIPTION="block type Running Title"/><OtherTag ID="BT842" LABEL="Numbering" DESCRIPTION="block type Numbering"/><OtherTag ID="BT843" LABEL="Entry" DESCRIPTION="block type Entry"/><OtherTag ID="BT844" LABEL="EntryEnd" DESCRIPTION="block type EntryEnd"/><OtherTag ID="BT845" LABEL="Figure" DESCRIPTION="block type Figure"/><OtherTag ID="BT846" LABEL="Stamp" DESCRIPTION="block type Stamp"/><OtherTag ID="BT847" LABEL="Margin" DESCRIPTION="block type Margin"/>
    <OtherTag ID="LT311" LABEL="Default" DESCRIPTION="line type Default"/>
  </Tags>
  
  <Layout>
    <Page WIDTH="1749"
          HEIGHT="2481"
          PHYSICAL_IMG_NR="19"
          ID="eSc_dummypage_">
      <PrintSpace HPOS="0"
                  VPOS="0"
                  WIDTH="1749"
                  HEIGHT="2481">
        
        <TextBlock HPOS="733"
                   VPOS="140"
                   WIDTH="254"
                   HEIGHT="53"
                   ID="eSc_textblock_126ddd99"
                   TAGREFS="BT842">
          <Shape><Polygon POINTS="733 140 733 193 987 193 984 140"/></Shape>
          
          
          <TextLine ID="eSc_line_81ac3bec"
                    TAGREFS="LT311"
                    BASELINE="771 176 976 179" 
                    HPOS="767"
                    VPOS="138"
                    WIDTH="207"
                    HEIGHT="39">
            <Shape><Polygon POINTS="769 159 769 150 823 152 838 138 890 138 904 152 974 152 972 173 962 177 767 177"/></Shape>
	    <String CONTENT="— 22 —"
                    HPOS="767"
                    VPOS="138"
                    WIDTH="207"
                    HEIGHT="39"></String>
          </TextLine>

          
        </TextBlock>
        
        <TextBlock HPOS="203"
                   VPOS="210"
                   WIDTH="1325"
                   HEIGHT="223"
                   ID="eSc_textblock_4fd1d073"
                   TAGREFS="BT843">
          <Shape><Polygon POINTS="217 210 203 433 1528 433 1528 210"/></Shape>
          
          
          <TextLine ID="eSc_line_53eb0b66"
                    TAGREFS="LT311"
                    BASELINE="277 271 1382 270" 
                    HPOS="273"
                    VPOS="219"
                    WIDTH="1105"
                    HEIGHT="62">
            <Shape><Polygon POINTS="273 254 273 231 285 223 316 223 324 231 445 231 457 219 523 223 531 231 565 231 577 219 604 231 720 219 732 231 747 219 772 231 786 219 815 219 827 231 887 231 900 219 941 219 954 231 979 219 1022 219 1034 231 1049 219 1074 231 1134 231 1146 219 1270 231 1291 219 1335 231 1355 219 1376 231 1378 252 1376 277 1366 281 1272 272 1140 281 1130 270 1115 281 970 270 856 270 846 281 801 281 780 270 645 270 635 281 596 272 587 281 453 281 442 270 411 281 382 281 374 272 295 281 273 272"/></Shape>
	    <String CONTENT="GUYON (Nicolas-Désiré), né à Nancy (Meurthe)."
                    HPOS="273"
                    VPOS="219"
                    WIDTH="1105"
                    HEIGHT="62"></String>
          </TextLine>

          
          
          <TextLine ID="eSc_line_a73bfd77"
                    TAGREFS="LT311"
                    BASELINE="241 340 1499 343" 
                    HPOS="229"
                    VPOS="294"
                    WIDTH="1270"
                    HEIGHT="58">
            <Shape><Polygon POINTS="241 329 241 294 268 297 292 312 449 312 513 308 521 303 547 308 575 300 615 312 635 299 670 299 696 308 747 305 757 311 780 296 812 307 824 307 841 296 860 296 896 314 917 307 950 308 966 297 988 305 1001 297 1034 297 1051 308 1137 311 1158 297 1179 297 1195 307 1242 307 1259 297 1280 311 1303 297 1333 297 1361 307 1388 307 1420 297 1460 311 1481 297 1497 297 1499 332 1497 347 1459 341 1423 344 1411 352 1397 352 1384 344 1364 352 1320 352 1299 341 1262 348 1194 344 1169 350 1117 350 1106 343 1070 352 1042 343 1013 352 958 345 870 352 835 341 780 348 764 343 743 348 696 345 686 351 664 341 635 348 616 340 598 351 451 351 434 340 313 340 296 351 229 345"/></Shape>
	    <String CONTENT="208 — Entrée d’une forêt, soleil couchant. Dessin à"
                    HPOS="229"
                    VPOS="294"
                    WIDTH="1270"
                    HEIGHT="58"></String>
          </TextLine>

          
          
          <TextLine ID="eSc_line_78f56176"
                    TAGREFS="LT311"
                    BASELINE="490 413 511 414 587 419 1496 412" 
                    HPOS="488"
                    VPOS="365"
                    WIDTH="1004"
                    HEIGHT="62">
            <Shape><Polygon POINTS="488 394 498 370 546 384 596 370 743 384 757 370 825 378 890 368 921 382 1012 382 1024 370 1047 378 1057 368 1208 380 1223 365 1264 380 1283 380 1297 365 1326 365 1341 380 1484 376 1492 394 1490 417 1432 423 1328 413 1318 423 1295 423 1283 411 1260 423 1212 423 1204 415 1196 423 1138 417 1084 425 1036 425 1016 413 958 423 945 413 865 415 811 427 784 415 718 415 697 427 571 427 558 415 509 425 488 417"/></Shape>
	    <String CONTENT="la plume d’apré̀s un tableau de Swagers"
                    HPOS="488"
                    VPOS="365"
                    WIDTH="1004"
                    HEIGHT="62"></String>
          </TextLine>

          
        </TextBlock>
        
        <TextBlock HPOS="203"
                   VPOS="469"
                   WIDTH="1350"
                   HEIGHT="511"
                   ID="eSc_textblock_6d49d420"
                   TAGREFS="BT843">
          <Shape><Polygon POINTS="203 469 209 977 1553 980 1550 469"/></Shape>
          
          
          <TextLine ID="eSc_line_dde811b0"
                    TAGREFS="LT311"
                    BASELINE="274 516 462 523 1497 518" 
                    HPOS="274"
                    VPOS="467"
                    WIDTH="1222"
                    HEIGHT="65">
            <Shape><Polygon POINTS="274 505 275 482 292 471 320 471 344 485 441 485 460 471 497 471 529 485 561 471 588 471 617 485 634 483 655 470 703 470 720 481 755 483 780 470 798 470 819 483 845 470 878 470 896 482 942 474 964 483 1019 481 1037 468 1084 468 1104 482 1135 468 1147 468 1168 482 1212 482 1233 468 1281 468 1310 482 1426 481 1446 467 1467 467 1488 481 1495 476 1496 507 1495 523 1489 525 1456 525 1442 515 1426 515 1408 525 1326 523 1310 529 1212 519 1198 529 1131 521 1096 527 1085 521 1055 523 1034 518 1011 529 977 519 960 525 922 522 902 530 842 518 828 518 811 530 772 518 747 529 731 518 697 529 686 521 655 525 644 518 620 518 582 519 555 530 518 529 499 521 482 532 456 532 437 519 419 529 393 529 382 522 372 529 321 530 300 521 274 519"/></Shape>
	    <String CONTENT="HADOF (Paul), élève de Gustave Morin, 115, rue du"
                    HPOS="274"
                    VPOS="467"
                    WIDTH="1222"
                    HEIGHT="65"></String>
          </TextLine>

          
          
          <TextLine ID="eSc_line_4cef4e9a"
                    TAGREFS="LT311"
                    BASELINE="329 592 884 589" 
                    HPOS="328"
                    VPOS="545"
                    WIDTH="554"
                    HEIGHT="57">
            <Shape><Polygon POINTS="328 581 328 559 342 547 373 547 382 555 420 555 428 547 445 547 457 559 572 559 584 547 605 545 622 547 633 555 649 545 668 555 760 555 769 545 800 545 816 556 881 558 882 578 878 594 827 592 817 600 788 594 761 599 707 594 695 600 686 592 675 600 666 595 660 600 642 595 624 600 612 592 604 602 591 602 583 594 565 602 493 602 485 594 475 602 459 596 408 600 402 595 387 600 364 594 350 600 343 594 328 595"/></Shape>
	    <String CONTENT="Faubourg-Poisonnière."
                    HPOS="328"
                    VPOS="545"
                    WIDTH="554"
                    HEIGHT="57"></String>
          </TextLine>

          
          
          <TextLine ID="eSc_line_b9daf4c6"
                    TAGREFS="LT311"
                    BASELINE="235 661 1505 661" 
                    HPOS="233"
                    VPOS="614"
                    WIDTH="1271"
                    HEIGHT="60">
            <Shape><Polygon POINTS="233 642 233 618 244 616 298 616 318 630 434 630 451 616 515 628 639 626 651 614 674 626 709 618 726 628 753 614 780 626 796 614 817 614 829 626 850 614 881 614 894 626 962 614 985 614 997 626 1028 626 1036 618 1094 626 1113 614 1134 614 1148 626 1214 626 1227 614 1256 614 1268 626 1287 626 1299 614 1343 614 1355 626 1424 626 1436 614 1463 614 1475 626 1504 626 1504 667 1477 674 1318 674 1217 661 1204 674 929 663 740 669 732 661 685 674 606 674 591 663 581 674 451 674 438 661 310 661 298 674 233 674"/></Shape>
	    <String CONTENT="209 — Douze sujets tirés des illustrations des légendes"
                    HPOS="233"
                    VPOS="614"
                    WIDTH="1271"
                    HEIGHT="60"></String>
          </TextLine>

          
          
          <TextLine ID="eSc_line_f73b20ee"
                    TAGREFS="LT311"
                    BASELINE="485 737 1337 734 1510 740" 
                    HPOS="482"
                    VPOS="686"
                    WIDTH="1026"
                    HEIGHT="60">
            <Shape><Polygon POINTS="482 719 482 705 515 686 560 705 594 705 616 686 639 696 664 696 674 686 699 696 720 686 778 696 809 686 819 696 885 694 908 705 950 705 962 696 1034 696 1053 705 1072 686 1097 686 1107 696 1121 686 1171 686 1208 705 1235 705 1254 686 1270 686 1283 698 1314 705 1330 688 1374 686 1399 700 1484 698 1506 705 1508 721 1506 746 1395 746 1322 733 1262 746 1246 746 1233 733 1212 733 1200 746 1167 738 1107 744 1065 733 987 746 952 746 939 733 923 746 871 738 834 738 825 746 815 738 600 746 585 733 527 746 482 736"/></Shape>
	    <String CONTENT="du christianisme, par Collin de Plancy,"
                    HPOS="482"
                    VPOS="686"
                    WIDTH="1026"
                    HEIGHT="60"></String>
          </TextLine>

          
          
          <TextLine ID="eSc_line_5e1ba4a0"
                    TAGREFS="LT311"
                    BASELINE="491 809 739 809" 
                    HPOS="491"
                    VPOS="764"
                    WIDTH="248"
                    HEIGHT="57">
            <Shape><Polygon POINTS="491 798 491 780 504 780 514 771 531 777 536 771 652 773 660 764 695 764 720 780 739 780 739 810 704 818 641 818 634 813 622 818 539 821 491 810"/></Shape>
	    <String CONTENT="aquarelle."
                    HPOS="491"
                    VPOS="764"
                    WIDTH="248"
                    HEIGHT="57"></String>
          </TextLine>

          
          
          <TextLine ID="eSc_line_cd7eb9f5"
                    TAGREFS="LT311"
                    BASELINE="237 880 1497 880" 
                    HPOS="237"
                    VPOS="835"
                    WIDTH="1260"
                    HEIGHT="58">
            <Shape><Polygon POINTS="237 869 237 835 307 835 326 847 431 847 452 835 484 835 500 844 544 847 558 847 576 835 604 835 616 843 664 835 699 847 721 835 753 835 779 846 804 843 817 835 835 835 852 846 892 835 910 843 925 835 964 835 977 844 1028 843 1053 835 1089 847 1154 843 1166 835 1193 843 1291 847 1339 846 1365 835 1387 843 1404 843 1419 835 1440 846 1497 843 1497 890 1475 893 1371 887 1263 893 1241 883 1228 891 1113 890 1102 883 1013 893 976 893 960 884 928 890 917 883 893 890 764 891 751 884 725 890 715 883 692 890 568 890 558 883 540 890 492 891 459 890 448 883 237 890"/></Shape>
	    <String CONTENT="210. — Une étude d’enfant d’après nature; peinture"
                    HPOS="237"
                    VPOS="835"
                    WIDTH="1260"
                    HEIGHT="58"></String>
          </TextLine>

          
          
          <TextLine ID="eSc_line_26ac463f"
                    TAGREFS="LT311"
                    BASELINE="491 955 722 955" 
                    HPOS="491"
                    VPOS="906"
                    WIDTH="231"
                    HEIGHT="60">
            <Shape><Polygon POINTS="491 944 491 922 507 908 515 908 529 922 546 908 584 906 602 919 633 916 653 906 671 908 699 922 722 922 722 966 700 959 635 966 571 957 506 963 491 957"/></Shape>
	    <String CONTENT="à l’huile."
                    HPOS="491"
                    VPOS="906"
                    WIDTH="231"
                    HEIGHT="60"></String>
          </TextLine>

          
        </TextBlock>
        
        <TextBlock HPOS="189"
                   VPOS="1005"
                   WIDTH="1392"
                   HEIGHT="613"
                   ID="eSc_textblock_bcf2c5f3"
                   TAGREFS="BT843">
          <Shape><Polygon POINTS="189 1005 189 1618 1581 1618 1581 1005"/></Shape>
          
          
          <TextLine ID="eSc_line_65f5fdba"
                    TAGREFS="LT311"
                    BASELINE="278 1054 1496 1053" 
                    HPOS="277"
                    VPOS="1004"
                    WIDTH="1218"
                    HEIGHT="61">
            <Shape><Polygon POINTS="277 1043 277 1011 284 1004 326 1004 346 1017 416 1017 445 1004 464 1004 484 1017 571 1017 588 1004 606 1004 617 1011 648 1004 666 1017 682 1017 700 1004 751 1004 769 1017 811 1017 828 1004 846 1004 871 1017 897 1004 942 1004 954 1013 968 1004 1005 1004 1023 1017 1140 1017 1160 1004 1175 1004 1187 1013 1200 1004 1230 1010 1238 1004 1275 1004 1293 1017 1333 1017 1351 1004 1397 1004 1415 1017 1493 1017 1495 1042 1493 1061 1448 1057 1424 1065 1348 1057 1326 1065 1292 1058 1198 1057 1151 1057 1139 1065 1107 1058 1019 1065 1008 1058 965 1057 815 1057 802 1065 788 1057 768 1065 757 1058 746 1065 735 1058 704 1065 692 1057 678 1065 593 1065 580 1057 566 1057 554 1065 413 1065 406 1059 387 1065 306 1065 291 1057 277 1058"/></Shape>
	    <String CONTENT="HAES (Oscar de), élève de M. Keyzer, à Lille, 19, rue"
                    HPOS="277"
                    VPOS="1004"
                    WIDTH="1218"
                    HEIGHT="61"></String>
          </TextLine>

          
          
          <TextLine ID="eSc_line_23034faa"
                    TAGREFS="LT311"
                    BASELINE="324 1126 628 1128" 
                    HPOS="322"
                    VPOS="1083"
                    WIDTH="306"
                    HEIGHT="55">
            <Shape><Polygon POINTS="324 1115 324 1095 337 1097 354 1083 394 1097 408 1083 428 1083 451 1097 475 1083 502 1084 510 1093 591 1090 602 1098 627 1098 628 1117 627 1131 608 1137 571 1131 551 1138 477 1138 464 1130 448 1137 408 1137 397 1130 388 1138 342 1138 322 1128"/></Shape>
	    <String CONTENT="(de la Barre."
                    HPOS="322"
                    VPOS="1083"
                    WIDTH="306"
                    HEIGHT="55"></String>
          </TextLine>

          
          
          <TextLine ID="eSc_line_eeae0e57"
                    TAGREFS="LT311"
                    BASELINE="233 1199 1438 1199" 
                    HPOS="233"
                    VPOS="1152"
                    WIDTH="1205"
                    HEIGHT="60">
            <Shape><Polygon POINTS="233 1188 233 1156 244 1152 273 1152 284 1160 300 1153 322 1167 431 1167 459 1153 485 1164 529 1167 653 1164 673 1152 710 1152 740 1164 824 1166 877 1163 891 1155 921 1167 943 1167 964 1153 1008 1167 1026 1155 1053 1160 1066 1152 1089 1152 1136 1167 1166 1167 1188 1152 1202 1157 1211 1152 1281 1152 1304 1157 1337 1152 1408 1153 1437 1167 1438 1188 1437 1201 1413 1210 1368 1210 1360 1204 1321 1210 1308 1201 1286 1201 1275 1210 1263 1204 1242 1210 1230 1203 1220 1210 1198 1211 1168 1201 1153 1212 1026 1211 1012 1201 997 1210 953 1210 942 1201 928 1201 897 1211 595 1212 561 1212 535 1204 525 1210 451 1210 440 1201 332 1201 321 1210 248 1210 233 1204"/></Shape>
	    <String CONTENT="211. — Les agrandissements de Lille, 1058-1858."
                    HPOS="233"
                    VPOS="1152"
                    WIDTH="1205"
                    HEIGHT="60"></String>
          </TextLine>

          
          
          <TextLine ID="eSc_line_f1c92b92"
                    TAGREFS="LT311"
                    BASELINE="267 1294 1495 1290" 
                    HPOS="266"
                    VPOS="1248"
                    WIDTH="1227"
                    HEIGHT="51">
            <Shape><Polygon POINTS="266 1283 266 1261 277 1251 340 1259 361 1259 373 1251 390 1251 400 1258 431 1251 455 1261 474 1251 502 1251 517 1261 539 1261 554 1251 588 1251 613 1261 637 1251 666 1261 681 1250 750 1250 772 1259 795 1259 809 1250 827 1250 840 1258 871 1258 893 1250 907 1259 928 1251 944 1259 1051 1259 1064 1250 1088 1258 1212 1258 1227 1248 1242 1248 1257 1258 1299 1250 1325 1258 1382 1258 1393 1251 1406 1258 1448 1258 1481 1248 1492 1257 1493 1279 1492 1294 1485 1298 1289 1298 1278 1291 1268 1297 1211 1291 1202 1297 1074 1294 1060 1299 685 1298 677 1292 660 1298 602 1294 590 1299 542 1294 357 1299 266 1295"/></Shape>
	    <String CONTENT="Baudoin V, dit de Lille, fondateur: Jeanne de Constanti"
                    HPOS="266"
                    VPOS="1248"
                    WIDTH="1227"
                    HEIGHT="51"></String>
          </TextLine>

          
          
          <TextLine ID="eSc_line_fa4ed807"
                    TAGREFS="LT311"
                    BASELINE="230 1361 1496 1359" 
                    HPOS="227"
                    VPOS="1316"
                    WIDTH="1268"
                    HEIGHT="56">
            <Shape><Polygon POINTS="228 1350 227 1327 295 1327 310 1317 329 1317 347 1327 375 1327 390 1317 409 1317 428 1327 470 1327 485 1317 513 1317 529 1327 553 1317 601 1327 642 1327 671 1317 706 1327 801 1327 815 1317 868 1316 995 1325 1013 1316 1059 1325 1077 1316 1160 1325 1191 1325 1206 1316 1235 1316 1251 1325 1277 1325 1295 1316 1308 1316 1321 1324 1493 1324 1495 1348 1492 1360 1470 1365 1440 1363 1430 1370 1398 1370 1379 1361 1253 1361 1228 1370 1197 1360 1169 1370 1150 1361 1108 1360 990 1360 960 1370 911 1370 899 1361 867 1360 802 1361 787 1371 744 1364 735 1370 717 1364 708 1370 689 1365 637 1371 604 1363 590 1370 561 1370 544 1361 522 1368 474 1361 459 1371 433 1371 409 1363 394 1368 375 1361 360 1371 315 1367 228 1372"/></Shape>
	    <String CONTENT="nople, Guy de Dampièrre, Philippe le Bon, Charlemagne,"
                    HPOS="227"
                    VPOS="1316"
                    WIDTH="1268"
                    HEIGHT="56"></String>
          </TextLine>

          
          
          <TextLine ID="eSc_line_2d3d46f0"
                    TAGREFS="LT311"
                    BASELINE="228 1426 1256 1429 1495 1421" 
                    HPOS="228"
                    VPOS="1381"
                    WIDTH="1265"
                    HEIGHT="52">
            <Shape><Polygon POINTS="228 1415 228 1393 263 1381 285 1381 304 1393 344 1393 354 1386 371 1393 401 1393 411 1386 426 1392 438 1385 478 1393 497 1381 518 1393 533 1393 553 1381 573 1381 593 1393 613 1393 633 1381 645 1381 664 1393 700 1393 720 1381 746 1393 772 1381 856 1381 881 1390 893 1383 904 1389 917 1381 951 1381 969 1393 997 1393 1020 1381 1064 1381 1092 1392 1107 1386 1117 1393 1135 1393 1153 1381 1191 1381 1211 1393 1292 1393 1311 1381 1326 1381 1343 1392 1358 1383 1376 1393 1404 1381 1427 1393 1446 1393 1462 1383 1492 1393 1493 1410 1491 1433 228 1433"/></Shape>
	    <String CONTENT="Albert et Isabelle, Louis XIV et Napoléon III; projet de la"
                    HPOS="228"
                    VPOS="1381"
                    WIDTH="1265"
                    HEIGHT="52"></String>
          </TextLine>

          
          
          <TextLine ID="eSc_line_926582ba"
                    TAGREFS="LT311"
                    BASELINE="233 1491 561 1495" 
                    HPOS="231"
                    VPOS="1448"
                    WIDTH="330"
                    HEIGHT="53">
            <Shape><Polygon POINTS="233 1480 233 1450 238 1448 252 1459 264 1448 285 1461 339 1458 351 1463 405 1459 413 1451 427 1450 435 1458 462 1461 474 1451 517 1451 539 1465 560 1465 561 1484 560 1496 547 1501 231 1496"/></Shape>
	    <String CONTENT="bleau grisaille."
                    HPOS="231"
                    VPOS="1448"
                    WIDTH="330"
                    HEIGHT="53"></String>
          </TextLine>

          
          
          <TextLine ID="eSc_line_5eebfd36"
                    TAGREFS="LT311"
                    BASELINE="240 1586 1088 1585" 
                    HPOS="238"
                    VPOS="1535"
                    WIDTH="848"
                    HEIGHT="62">
            <Shape><Polygon POINTS="238 1575 238 1538 259 1543 267 1538 308 1538 324 1553 433 1553 446 1539 475 1542 506 1535 531 1535 537 1542 548 1538 561 1549 577 1550 593 1538 622 1538 630 1546 651 1550 699 1539 710 1547 746 1552 775 1538 788 1539 797 1547 841 1552 864 1547 875 1538 914 1552 932 1535 962 1540 1055 1538 1070 1553 1085 1553 1086 1574 1085 1594 1066 1597 1000 1594 993 1589 987 1594 946 1597 922 1597 914 1589 908 1594 746 1590 739 1597 631 1591 500 1594 491 1589 448 1593 442 1587 238 1593"/></Shape>
	    <String CONTENT="212. — L&#39;Etudiant polonais (1863)."
                    HPOS="238"
                    VPOS="1535"
                    WIDTH="848"
                    HEIGHT="62"></String>
          </TextLine>

          
        </TextBlock>
        
        <TextBlock HPOS="184"
                   VPOS="1643"
                   WIDTH="1344"
                   HEIGHT="290"
                   ID="eSc_textblock_e33840a5"
                   TAGREFS="BT843">
          <Shape><Polygon POINTS="184 1643 184 1933 1528 1933 1528 1643"/></Shape>
          
          
          <TextLine ID="eSc_line_11213b9c"
                    TAGREFS="LT311"
                    BASELINE="280 1688 1507 1688" 
                    HPOS="280"
                    VPOS="1638"
                    WIDTH="1227"
                    HEIGHT="62">
            <Shape><Polygon POINTS="280 1677 280 1647 291 1638 322 1641 336 1651 565 1651 584 1640 624 1640 641 1651 695 1651 717 1638 735 1638 754 1651 782 1638 840 1638 870 1651 907 1651 925 1638 944 1638 962 1651 980 1638 1031 1638 1051 1651 1077 1638 1102 1648 1115 1638 1135 1638 1153 1651 1186 1651 1204 1638 1230 1638 1249 1651 1268 1638 1310 1638 1328 1651 1449 1651 1466 1640 1486 1651 1507 1651 1507 1695 1499 1699 1455 1698 1446 1692 1408 1700 1384 1700 1373 1693 1340 1700 1289 1695 1280 1699 1268 1692 1255 1692 1242 1700 1224 1693 1191 1699 1153 1692 1118 1698 1103 1692 1052 1692 1034 1699 1022 1692 987 1699 976 1692 954 1699 924 1692 868 1692 860 1698 845 1692 835 1699 813 1692 790 1698 768 1692 755 1700 713 1700 644 1698 633 1692 600 1700 568 1700 557 1693 532 1699 362 1695 297 1700 280 1692"/></Shape>
	    <String CONTENT="HARPIGNIES (Henri), élève de M. Achard, 83, rue du"
                    HPOS="280"
                    VPOS="1638"
                    WIDTH="1227"
                    HEIGHT="62"></String>
          </TextLine>

          
          
          <TextLine ID="eSc_line_11327e34"
                    TAGREFS="LT311"
                    BASELINE="329 1761 448 1761" 
                    HPOS="329"
                    VPOS="1716"
                    WIDTH="119"
                    HEIGHT="55">
            <Shape><Polygon POINTS="329 1750 329 1732 346 1716 369 1716 402 1727 416 1724 427 1735 448 1735 448 1764 438 1769 346 1771 329 1764"/></Shape>
	    <String CONTENT="Bac."
                    HPOS="329"
                    VPOS="1716"
                    WIDTH="119"
                    HEIGHT="55"></String>
          </TextLine>

          
          
          <TextLine ID="eSc_line_f3c09ae3"
                    TAGREFS="LT311"
                    BASELINE="238 1833 1446 1830" 
                    HPOS="237"
                    VPOS="1784"
                    WIDTH="1208"
                    HEIGHT="58">
            <Shape><Polygon POINTS="237 1822 238 1786 307 1786 326 1800 430 1800 449 1786 524 1794 548 1786 562 1795 606 1800 628 1786 649 1786 663 1795 739 1798 776 1795 791 1786 813 1786 840 1797 856 1784 882 1784 904 1795 921 1784 947 1784 971 1798 993 1791 1074 1797 1097 1793 1106 1798 1115 1793 1131 1798 1142 1791 1223 1798 1242 1784 1259 1784 1289 1798 1306 1787 1325 1784 1343 1795 1444 1798 1445 1819 1444 1841 1417 1842 1318 1841 1302 1833 1266 1842 1242 1842 1227 1833 1201 1842 1129 1842 1113 1835 1100 1842 1064 1842 1008 1833 998 1840 973 1833 955 1841 925 1833 867 1841 841 1833 819 1842 744 1842 733 1835 707 1842 627 1842 615 1834 602 1842 514 1837 471 1841 444 1834 237 1841"/></Shape>
	    <String CONTENT="213. — Ravin, Souvenir de la campagne de Rome."
                    HPOS="237"
                    VPOS="1784"
                    WIDTH="1208"
                    HEIGHT="58"></String>
          </TextLine>

          
          
          <TextLine ID="eSc_line_72471691"
                    TAGREFS="LT311"
                    BASELINE="237 1902 994 1910 1209 1903" 
                    HPOS="235"
                    VPOS="1857"
                    WIDTH="973"
                    HEIGHT="63">
            <Shape><Polygon POINTS="237 1891 240 1857 300 1857 317 1874 433 1874 452 1857 467 1857 481 1870 513 1867 533 1875 553 1859 579 1859 602 1870 682 1869 693 1859 728 1859 744 1873 783 1864 875 1867 881 1873 899 1866 946 1864 964 1878 993 1878 1011 1864 1176 1864 1195 1880 1208 1880 1205 1913 1168 1911 1158 1920 1107 1911 1088 1911 1078 1920 1037 1911 1023 1918 968 1918 958 1910 884 1918 851 1908 553 1914 532 1907 524 1914 495 1914 448 1913 441 1906 337 1906 328 1914 315 1908 235 1913"/></Shape>
	    <String CONTENT="214. — Les Canards sauvages, paysage."
                    HPOS="235"
                    VPOS="1857"
                    WIDTH="973"
                    HEIGHT="63"></String>
          </TextLine>

          
        </TextBlock>
        
        <TextBlock HPOS="187"
                   VPOS="1956"
                   WIDTH="1346"
                   HEIGHT="287"
                   ID="eSc_textblock_eb802a37"
                   TAGREFS="BT843">
          <Shape><Polygon POINTS="187 1956 187 2243 1533 2243 1533 1956"/></Shape>
          
          
          <TextLine ID="eSc_line_e2ef4976"
                    TAGREFS="LT311"
                    BASELINE="275 2006 797 2010 1499 2002" 
                    HPOS="275"
                    VPOS="1954"
                    WIDTH="1222"
                    HEIGHT="65">
            <Shape><Polygon POINTS="275 1995 275 1964 281 1959 324 1959 344 1972 553 1972 571 1958 601 1958 616 1968 634 1959 651 1971 681 1971 699 1958 746 1958 754 1964 783 1958 801 1971 812 1971 830 1958 852 1957 878 1957 897 1969 957 1969 975 1957 991 1957 1009 1969 1031 1969 1051 1957 1078 1957 1110 1969 1140 1969 1157 1968 1175 1955 1205 1955 1226 1968 1244 1968 1262 1955 1278 1955 1297 1968 1406 1968 1426 1955 1448 1966 1466 1954 1477 1954 1496 1966 1497 1991 1496 2010 1445 2005 1402 2012 1377 2006 1368 2013 1322 2008 1306 2012 1297 2006 1291 2012 1161 2006 1088 2016 1060 2016 1044 2008 942 2008 913 2009 903 2016 853 2010 837 2017 819 2009 805 2017 750 2017 715 2010 700 2017 657 2017 645 2010 634 2017 562 2019 547 2013 536 2019 426 2019 417 2013 320 2017 303 2010 275 2012"/></Shape>
	    <String CONTENT="HANNEQUIN (Léonide); élève de Rosa Bonheur et de"
                    HPOS="275"
                    VPOS="1954"
                    WIDTH="1222"
                    HEIGHT="65"></String>
          </TextLine>

          
          
          <TextLine ID="eSc_line_03703d68"
                    TAGREFS="LT311"
                    BASELINE="324 2079 664 2084 1096 2077" 
                    HPOS="324"
                    VPOS="2031"
                    WIDTH="771"
                    HEIGHT="61">
            <Shape><Polygon POINTS="324 2068 324 2049 336 2049 343 2042 411 2045 422 2034 435 2034 446 2044 500 2044 506 2049 511 2044 537 2048 551 2034 580 2034 588 2042 662 2042 671 2033 728 2033 740 2044 817 2048 845 2045 857 2031 867 2031 878 2042 897 2031 913 2046 928 2031 961 2031 972 2042 995 2031 1006 2042 1023 2045 1093 2046 1095 2066 1095 2082 1044 2082 1023 2089 1004 2082 977 2082 965 2089 928 2082 893 2089 875 2082 868 2089 845 2090 811 2084 804 2090 633 2090 609 2085 557 2092 544 2085 533 2090 324 2085"/></Shape>
	    <String CONTENT="madame Toupillier, né à Briare."
                    HPOS="324"
                    VPOS="2031"
                    WIDTH="771"
                    HEIGHT="61"></String>
          </TextLine>

          
          
          <TextLine ID="eSc_line_0f5c8580"
                    TAGREFS="LT311"
                    BASELINE="222 2154 882 2149" 
                    HPOS="217"
                    VPOS="2102"
                    WIDTH="662"
                    HEIGHT="64">
            <Shape><Polygon POINTS="219 2135 217 2117 229 2104 308 2104 327 2123 430 2123 447 2106 525 2115 558 2102 620 2121 683 2110 774 2115 786 2102 823 2102 852 2121 877 2119 879 2131 879 2152 861 2164 668 2166 631 2154 616 2166 449 2164 438 2154 339 2154 331 2162 219 2156"/></Shape>
	    <String CONTENT="215. — Fruits; aquarelle."
                    HPOS="217"
                    VPOS="2102"
                    WIDTH="662"
                    HEIGHT="64"></String>
          </TextLine>

          
          
          <TextLine ID="eSc_line_e48158da"
                    TAGREFS="LT311"
                    BASELINE="232 2226 902 2215" 
                    HPOS="229"
                    VPOS="2175"
                    WIDTH="669"
                    HEIGHT="59">
            <Shape><Polygon POINTS="229 2208 229 2181 310 2181 327 2197 362 2197 436 2195 453 2179 496 2177 509 2185 629 2193 658 2183 745 2191 769 2175 790 2185 823 2175 838 2187 896 2189 898 2197 896 2234 229 2232"/></Shape>
	    <String CONTENT="216. — Fleurs; porcelaine."
                    HPOS="229"
                    VPOS="2175"
                    WIDTH="669"
                    HEIGHT="59"></String>
          </TextLine>

          
        </TextBlock>
        
        <TextBlock HPOS="158"
                   VPOS="201"
                   WIDTH="1454"
                   HEIGHT="2068"
                   ID="eSc_textblock_2109bfdf"
                   TAGREFS="BT840">
          <Shape><Polygon POINTS="158 201 158 2269 1612 2269 1612 201"/></Shape>
          
        </TextBlock>
        

        
      </PrintSpace>
    </Page>
  </Layout>
</alto>
