1749 2481
823 115 199 46 — 24 —

336 197 1224 66 HUBER (Edouard), 57, rue Doudauville Chapelle

380 278 315 51 Saint-Denis.

277 343 935 62 228. — Environ de Paris (à Asnières).

289 416 992 60 229. — Environ de Paris (à Saint-Ouen).

288 490 1267 61 230. — Le marché aux vaches, à Lignères-Châtelain.

543 562 263 66 (Picardie).

322 667 1064 60 HUDEL (Louis), 45, rue de Paris (Belleville).

285 744 726 54 231. — Un mendiant suspect.

285 816 1265 60 232. — Vénus, médaille pour architecture; porce-

531 891 161 51 laine.

288 956 1018 63 233. — Amour tirant de l’arc; porcelaine.

320 1061 822 58 JACOTTET (Jean), 55, rue de Seine.

288 1131 1247 62 233. — Prairies de Couture, près Bonneval (Eure-et

525 1206 161 60 Loir).

271 1273 1281 68 235. — Gué de Croteau, près Bonneval (Eure-et¬

536 1350 161 62 Loir).

281 1420 1097 66 236 — Echos de Gavarni (Hautes-Pyrènées).

322 1528 1231 58 JACOTTET (Louis), élève de Jacottet son père et de

373 1598 624 62 Gleyre, 55, rue de Seine.

269 1670 1070 62 237. — Planche de Saint-Maur, sur le Loir.

328 1775 1214 56 JACOUESSON DE LA CHEVREUSE, 3 bis, rue des Beaux.

372 1845 132 52 Arts.

275 1912 420 58 238. — Portrait.

326 2009 1005 64 JACQUEMIN (Raphaël), 21, rue de l’Odéon.

271 2079 1285 62 239. — Le roi. Victor-Emmanuel, en costume de

551 2166 181 47 Z0uave.
