1749 2481
805 99 200 43 — 25 —

313 184 1219 65 JEANDON (Jean-Jacques), 4, impasse Boursault,

361 245 291 72 Batignolles.

268 329 934 58 240. — Portrait de mademoiselle G. P.

302 434 1252 60 JEANNENEY, élève de Lancrenon, et Glèyre, chez.

342 505 689 60 M. Binant, 8, rue de Cléry.

263 577 858 61 241. — Le chemin de Paris (aller).

263 650 879 61 242. — Le chemin de Paris (retour).

300 752 1226 63 JOHANNEAU (Jeanne- Louise-Adélaide), élève de

347 829 1179 60 MM. Barye et Lesourd de Beauregard, 77, rue de

350 900 179 62 Rivoli.

256 975 1270 61 243. — Triboulet, fou du roi François Ier. d’après 15

496 1051 637 57 statuette de M. Barye fils.

260 1119 888 62 244 — La récolte des fleurs, étude.

295 1225 1229 58 JONGKIND (Jean-Baptiste), élève de M. Isabey, né en

343 1297 1172 60 Hollande, 9, rue de Chevreuse, Médaille de troi¬

343 1371 1182 58 sième classe à Paris en 1852, et seconde médaille

336 1443 214 63 à Dijon.

249 1514 1257 64 245. — Effet d’hiver, Paysage hollandais avec pati

497 1601 174 50 neurs.

242 1656 1277 70 246. — Canal, hollandais, Soleil, couchant, A M. Ha-

495 1739 205 59 duique.

246 1806 1278 61 247 — Ruines de Rozemond, Nivernais, A M. Martin.

278 1906 1167 60 JOULIN (Lucien), né à Paris, 196, rue de Rivoli.

238 1979 1269 62 248. — Vue, prise dans le mont Ussy (forêt de Fon

493 2053 297 62 tainebleau).

285 2150 1222 63 JOUVE (Louis), au Puy (Haute-Loire), 13, rue Ra-
