1749 2481
784 68 186 41 — 26 —

354 150 1149 66 phaël, et à Paris chez M. Blanc, 10, rue Haute

340 226 182 57 feuille.

244 296 735 58 249. — Portrait de madame J.

251 369 644 58 250 — Portrait d’homme.

285 471 1017 62 JULIAN (Rodolphe), 80, rue de Lamartiné.

242 545 455 60 251. — Le Lever.

248 614 604 62 252. — Portrait de M. J.

246 690 413 58 253. — Portrait.

281 791 1226 63 JUNKER (Fréderik), né à Paris-Batignolles, élève de

331 868 804 58 Léon Cogniet, 81, rue d’Orléans.

238 940 847 57 254. — Souvenir fraternel; pastel.

241 1010 815 62 255. — Groupe de fleurs; pastel.

251 1084 1051 61 256. — Le dernier mot du réalisme; pastel.

285 1184 1228 66 KEULER (madame veuve Victoire-Adeèle), née à Paris.

331 1261 1175 63 élève de madame Goyet, 136, rue de Vaugirard.

235 1335 762 62 287. — Vase de fleurs; pastel.

240 1407 743 62 258. — Vase de fleurs; pastel.

231 1478 553 62 259. — Fruits; pastel.

271 1573 1233 64 KOCK (Louis de), né à Versailles, élève de Lepoittevin

331 1648 1175 61 et Troyon, à Saumur (Maine-et-Loire), et à Paris.

335 1718 666 60 12, rue Saint-Louis en l’lle.

235 1786 1265 66 260. — Vue des bords de la Loire (Soleil couchant)

245 1867 444 57 261. — Une forêt.

278 1961 1221 62 LASS D'AGUEN (Charles), 7, rue Saint-Charles, Vau

343 2041 165 60 girard.

225 2106 722 66 262. — Roses et marguerites.
