1749 2481
798 82 205 44 — 28 —

318 167 1199 64 LAMBERT (Alphonse), élève de Corot et Daubigny

369 227 888 73 10, rue des Couronnes, à la Chapelle.

277 312 659 58 277. — Les bords de l’Oise.

274 384 534 58 278. — L’île de Vaux.

270 460 496 55 279. — Une source.

308 544 970 59 LAMBERT (Nollé), 46, rue de l’Arbre-Sec.

267 616 796 59 280. — Paysage; effet du matin.

260 690 874 60 281. — Paysage; vue prise à Ouvin.

307 773 917 59 LAMY (Auguste), 35, rue des Jeuneurs.

270 844 1080 57 282. — Un caravansérail; route de Damiette.

266 917 1156 60 283. — Les îles du roi; ancien parc de Neuilly.

268 992 825 58 284. — Ile des Ravageurs; étude.

310 1073 1229 62 LAMIRAL. (Mademoiselle Marie), élève de M. Gobert,

358 1149 491 55 4, rue de Las Cases.

267 1221 709 59 285. — Roses et pâquerettes.

308 1308 1225 56 LANSYER (Emmanuel), né à Bouin (Vendée), élève

354 1381 1185 56 de M. Harpignies, 81, boulevard Montparnasse.

266 1451 1289 59 286. — Un poste au bord de la mer; paysage, effet.

515 1523 256 56 du matin.

313 1609 1218 61 LAUGIER (Auguste), 27, quai des Grands-Augustins.

271 1681 552 58 287. — Une Oiselière.

268 1755 800 56 288. — Une Fileuse de chanvre.

304 1840 1004 57 LAURENS (Jean-Paul), 10, cour du Dragon.

262 1910 433 59 289. — L’an mil.

351 1994 1177 56 « Après un règne de mille ans du Christ, il y aura un

307 2061 894 56 « règne de ténèbres et Satan sera délié, »

886 2129 478 59 (Apocalypse, chap, xx.)
