1749 2481
767 99 199 51 —29 —

317 186 1185 46 L’an mil sonnait une heure maudite au cadran cente-

273 250 1230 57 naire, les sept trompettes de la fin du monde retentis-

250 318 1258 56 saient. La misère, la famine, la peste, les guerres civiles,

266 387 1244 48 les crimes et les folies noires, tous les fléaux fondaient

262 453 1246 52 sur la terre. Miserere, misere! répétaient les catacombes.

231 532 879 56 290. — Portrait de mademoiselle V.

270 623 1234 62 LAPOSTOLET (Charles), né à Velars (Cote-d’Or), 66,

321 700 291 58 rue Pigalle.

211 767 1049 62 291. — Écluse de Plombières, près Dijon.

235 845 416 58 292. — Paysage.

270 933 1236 63 LAURENT (Félix), élève de MM. p. Delaroche et

325 1011 583 57 Gleyre, 12, rue Newton.

225 1079 764 62 293. — Portrait de madame P.

271 1175 1157 61 LAURENS (Jean-Bonaventure), 15, rue Bonaparte.

229 1246 605 60 294 — Portrait-étude.

233 1321 632 62 295. — La plage de Cette.

234 1393 535 59 296 — Effet d’orage.

274 1483 1234 60 LEMARCHAND (Madame A.), 28, rue d’Assas, élève de

299 1557 258 57 M. Yvon.

231 1631 1276 60 297. — Un panneau décoratif, fleurs. (Appartient à

486 1704 151 57 M.D.

237 1776 1154 61 298. — Panneau décoratif, fleurs, fruits, gibier.

234 1851 1163 57 299. — Panneau décoratif: fleurs, fruits, gibier.

275 1943 1239 56 LE CHENETIER (Victor), demeurant à l’Isle-Adam

335 2016 1048 62 (Seine-et-Oise), élève de Gros et d’Augustin.

231 2088 886 60 300. — Portrait de M***; miniature.

225 2162 994 62 301. — La Vierge et l’enfant :miniature.
