1749 2481
784 88 211 38 —31-

291 166 1240 65 LEGENDEGKER (Joseph), élève de MM. Heim et Paul

360 241 1167 60 Delaroche, médaille de troisième classe, 1844; 72.

346 315 528 55 rue du Cherche-Midi.

250 384 627 68 313. — Repos en Egypte.

252 456 813 62 314. — Portrait de madame F. B.

251 532 772 57 315. — Portrait de M. l’abbé J.

295 624 1171 61 LEGRAND (Alexandre), élève de M. Léon Cogniet.

252 698 580 58 316. — Mater dolorosa.

251 773 470 54 317. — Le cachot.

326 851 1209 51 MÉPHISTOPHÉLÈS, se montrant au dehors. Sortez, ou vous

293 919 1243 52 êtes perdus. Que de paroles inutiles, que de retards et

288 986 1247 49 d’incertitudes ! Mes cheveux s’agitent et le jour commence

291 1051 238 53 à poindre.

331 1116 1200 55 MARGUERITE. Qui s’élève ainsi de la terre? lui! lui!

291 1188 1244 49 Chasse-le vite, que vient-il faire dans le saint lieu? C’est

286 1252 367 56 moi qui le veut.

331 1320 629 52 FAUST. Il faut que tu vives !

328 1386 1149 50 MARGUERITE. Justice de Dieu, je me suis livrée à toi.

329 1451 1196 56 MÉPHISTOPHÉLÈS à Faust. Viens! viens ! ou je t'aban-

285 1523 723 48 donne avec elle sous le couteau!

246 1590 625 59 318. — Portrait de M. T.

293 1684 940 55 LEGRAND, 56, rue Paradis-Poissonnière.

248 1754 989 61 319. — Bords de la Seine, près Bougival.

244 1823 989 64 320. — Vue prise aux environs de Rueil.

246 1900 450 57 321. — Fantaisie.

295 1991 1230 66 LEHNERT (Pierre-Frédéric), 4, rue des Filles-du-

347 2066 232 55 Calvaire.

242 2135 695 62 322. —  Têtes de chevreuils.
