1749 2481
769 113 203 39 —34 —

267 192 1235 65 LOVIE (Victor), de Francfort-sur-le-Mein, élève d’E.

321 252 811 77 douard Steinle, 23, rue de Laval.

221 337 834 62 351. — Fête de pécheur d’Amalfi.

220 414 1275 61 352. — Tête d’étude à la manière de la fin du XVIe

475 489 367 58 siècle ; dessin.

223 560 1273 61 353. — Portrait de madame la baronne de M..

486 635 185 55 dessin.

270 737 1164 63 LUNA (Victor de), 6, rue Berri, Champs-Elysées.

222 811 702 58 354. — Chasseurs d’Afrique.

223 880 643 61 355. — Pièces en batterie.

266 946 1229 102 MALCOR (madime), née Marie Deherain, née à Pa

320 1061 1177 63 ris, élève de Decaisne et Ary Schefer, 10, rue de

318 1134 175 55 Duras.

211 1199 1095 78 386.  — L’Enfant pieux, d’après Ary, Scheffer

211 1275 1289 68 357. — La Vierge et l’Enfant Jésus, d’après Raphaël.

221 1352 979 58 358 — Portrait de mademoiselle C. D..

263 1458 881 59 MALLET (L.), rue de l’Université, 54.

219 1527 1236 67 359. — Le 24 septembre 1852 à Viviers d’Ardèche.

222 1605 989 58 360. — Les Pilotes-Meudaires du Rhône.

223 1672 774 66 361. — Le Christ dans les blès.

263 1776 1232 68 MAMLET-VERNON (Jules), à Creil (Oise), route de No

328 1857 1178 58 gent les Vierges, élève de M. Amédée Faure et

313 1931 230 55 Laemlin.

215 2009 1087 52 362. — Un peintre étudiant une tête de mort.

263 2099 894 62 MANET (Edouard), 69, rue de Clichy.

221 2172 418 65 363. — Le Bain.
