1749 2481
745 126 217 45 — 35-

211 209 1040 57 364. — Jeune homme en costume de Majo.

211 282 1124 58 368. — Mademoiselle V, en costume d’Espada.

255 366 1225 64 MANSON (F.), élève de M. de Rudder, quai de Bé

302 443 270 57 thune, 12.

211 508 691 62 366. — Portrait de M. E. M.

213 587 796 58 367 — Portrait de madame, J. D.

255 671 732 62 MARIE (Aimé), cité Gaillard, 1.

213 745 534 57 368. — La Saltarelle.

212 818 477 59 369. — Le Déluge.

213 891 719 58 370 — Silène et son cortège.

256 968 872 62 MARIS (Emmanuel), rue Pigalle, 39.

212 1043 548 55 371 — Nature morte.

253 1123 502 59 MARQUISET (Gaston).

216 1193 876 59 372. — Portrait de mademoiselle M.

253 1272 1233 62 MARTIN (Charles), élève de MM. Bouvet et François

304 1349 587 55 rue des Beaux-Arts, 10.

216 1416 1081 64 373. — La Gare; environs d’Orléans (Loiret).

215 1496 551 54 374. — Nature morte.

213 1564 878 59 375. — Environs d’Orléans (Loiret.)

259 1651 1233 59 MARTONNE (Marie-Emma-Georgette de), rue Oudinot

426 1722 100 58 16.

217 1795 748 62 376. — La Croix printannière.

215 1871 1049 58 377. — Tête de femme dans une couronne.

256 1951 1230 66 MATHONAT (Alexis), 21, rue de l’Eglise Grand-Mont

308 2030 1119 60 rouge, et 118, rue de Grenelle-Saint-Germain.

215 2098 567 68 378. — Paradis perdu.

211 2172 941 67 379. — Portrait de mademoiselle F. B.
