1749 2481
786 82 195 42 — 37  —

295 162 1219 66 MICHEL (Jules), élève de Marcel Verdier, rue Tur

358 239 192 61 got, 23.

242 310 585 56 393. — Une Bacchante.

248 383 760 58 394. — Portrait de madame M.

289 475 1237 58 MICHELIN (Jules), élève de Roqueplan et Ramelet

343 548 713 57 3, rue Saint-Vincent de Paul.

242 618 600 60 395.  Vallée d’Hyères.

240 696 809 59 396. — Paysage (château Froyé).

293 785 1232 61 MICHEL (Henri-Léon), rue de Clichy, 74, élève de

344 857 787 59 MM. Léon Cogniet et Monvoisin.

249 927 868 61 397. — Portrait de mademoiselle F.

251 1006 629 58 398. — Un rêve d’opium.

252 1079 823 55 399. — La Esméralda et sa mère.

560 1159 971 64 La recluse s’écria : Eh! Tristan! vieux loup

502 1229 1027 58 cervier, si tu as des petits, quand ils hurlent,

502 1299 1029 57 est-ce que tu n’as rien dans les entrailles que

517 1364 375 58 cela remue!...

952 1428 488 58 (Notre-Dame de Paris.).

1072 1496 269 58 VICTOR HUGO.

287 1573 766 68 E. MITAINE, rue de Crussol, 26.

253 1656 563 58 400. — Une cheminée.

253 1728 490 61 401. — Un-trophée.

292 1818 1095 60 MOHLER (Gustave), élève de M. Léon Cogniet.

251 1891 736 56 402. — Portrait de madame V.

289 1980 1255 68 MOLÉNAT (Auguste), né à Rodez (Aveyron), rue de

343 2056 1018 62 la Pépinière, 3, et rue de Miroménil, 43.

250 2129 604 62 403. — La Comparaison.
