1749 2481
798 99 193 43 — 38  —

248 179 735 67 404. Portrait de madame A. C.

248 256 1051 62 405. — Portrait de la petite fille de M. J. L.

296 354 796 62 MOLiNA, rue de l’Université, 123.

253 428 487 58 406. — Une Vierge.

286 527 1236 60 MONNET (Francisque), impasse d’Antin, 16, élève

340 599 302 59 de Drolling.

249 672 468 58 407 — Une mêlée.

286 764 1243 67 MORIN (Auguste), né à Paris, rue d’Enghien, 23. .

244 843 1266 57 408. — Les Rochers des nymphes; chaîne de Bouli

508 913 720 60 Iigny à Fontainebleau, étude.

281 1008 1225 60 MOREEL-LAMY (Félix), élève de MM. Corot et Gus.

333 1084 278 54 tave Colin.

240 1152 971 65 409. — Bords de la Marne (Champigny).

238 1226 661 57 410. — Bords de la Marne.

234 1299 888 57 411. — Chênes à la Gorge aux loups.

235 1371 806 56 412. — Promenade près le canal.

271 1469 847 59 MOULLION (A.), 52, rue de Madame.

209 1538 1314 64 413. — Bords de la. Loire, Le Meunier, son fils, et

491 1614 144 57 1’âne.

230 1689 485 57 414. — Le Pécheur.

226 1758 510 60 415 — Effet de soir.

264 1851 1233 64 MOULLIN (Louis), chez M. Deforges, boulevard

308 1932 373 56 Montmartre, 8.

223 1997 1290 64 416. — Le Pont Napoléon, à Saint-Sauveur (Pyré¬

474 2077 156 59 nées).

194 2143 954 71 417. — Vue du pont de Sia (Pyrènées).
