1749 2481
792 88 197 46 — 39  —

244 175 1306 64 418. — Passage du Mincio, à Valeggio, dernière

513 248 1020 64 étape de l’empereur Napoléon, campagne

513 322 506 59 d’Italie, juillet 1859.

296 430 1236 64 MULATIN (Edmond), élève de MM. Devaulx et Ciap-

351 508 929 58 pori, 8, rue du Faubourg-Montmartre.

249 588 712 51 419. — Vierge, étude pastel.

292 689 970 60 NASOSKY (Gustave), rue de l’Abbaye, 50.

255 759 641 61 420. — Fleurs et portrait.

248 833 716 58 421. — Fleurs sur un rocher.

250 903 689 60 422. — Fleurs dans un-vase.

288 1015 1080 62 NAVLET (Joseph), 23, route de Choisy-le-Roi.

249 1087 868 65 423. — Fête romaine sous Pompée.

289 1197 1247 68 NIEMHÉ (Charles), né à Varsovie (Pologne), à Paris,

337 1274 465 58 rue de Vanves, 23.

240 1341 1285 70 424. — Le chien du blessé sur le champ de bataille.

249 1416 1284 67 425. — Abd-el-Kader remettant son épée à la France

526 1498 606 55 et faisant sa soumission.

285 1596 1178 66 NOEL (Hippolyte), grande rue de Vaugirard, 174.

249 1669 512 60 426. — La brodeuse.

241 1740 477 62 427 — La lessive.

246 1812 560 63 428. La sortie des oies.

288 1920 1237 64 OLIVIER (Décène-Honoré), né à Saint-Vallier (Alpes.

337 1995 1187 64 Maritimes), élève de M. Gleyre, rue Notre-Dame.

337 2068 416 62 des-Champs, 72.

227 2139 1312 69 429. — Le baise-main arabe dans la province d’Oran.
