<?xml version="1.0" encoding="UTF-8"?>
<alto xmlns:xsi="http://www.w3.org/2001/XMLSchema-instance"
      xmlns="http://www.loc.gov/standards/alto/ns-v4#"
      xsi:schemaLocation="http://www.loc.gov/standards/alto/ns-v4# http://www.loc.gov/standards/alto/v4/alto-4-2.xsd">
  <Description>
    <MeasurementUnit>pixel</MeasurementUnit>
    <sourceImageInformation>
      <fileName>47_292c1_default.jpg</fileName>
      <fileIdentifier>https://gallica.bnf.fr/iiif/ark:/12148/bpt6k114147v/f48/full/full/0/default.jpg</fileIdentifier>
    </sourceImageInformation>
  </Description>
  
  <Tags>
    <OtherTag ID="BT839" LABEL="Title" DESCRIPTION="block type Title"/><OtherTag ID="BT840" LABEL="Main" DESCRIPTION="block type Main"/><OtherTag ID="BT841" LABEL="Running Title" DESCRIPTION="block type Running Title"/><OtherTag ID="BT842" LABEL="Numbering" DESCRIPTION="block type Numbering"/><OtherTag ID="BT843" LABEL="Entry" DESCRIPTION="block type Entry"/><OtherTag ID="BT844" LABEL="EntryEnd" DESCRIPTION="block type EntryEnd"/><OtherTag ID="BT845" LABEL="Figure" DESCRIPTION="block type Figure"/><OtherTag ID="BT846" LABEL="Stamp" DESCRIPTION="block type Stamp"/><OtherTag ID="BT847" LABEL="Margin" DESCRIPTION="block type Margin"/>
    <OtherTag ID="LT311" LABEL="Default" DESCRIPTION="line type Default"/>
  </Tags>
  
  <Layout>
    <Page WIDTH="1749"
          HEIGHT="2481"
          PHYSICAL_IMG_NR="37"
          ID="eSc_dummypage_">
      <PrintSpace HPOS="0"
                  VPOS="0"
                  WIDTH="1749"
                  HEIGHT="2481">
        
        <TextBlock HPOS="761"
                   VPOS="111"
                   WIDTH="239"
                   HEIGHT="44"
                   ID="eSc_textblock_03c533e4"
                   TAGREFS="BT842">
          <Shape><Polygon POINTS="761 111 761 155 1000 155 1000 111"/></Shape>
          
          
          <TextLine ID="eSc_line_75baa1fd"
                    TAGREFS="LT311"
                    BASELINE="778 140 995 140" 
                    HPOS="776"
                    VPOS="105"
                    WIDTH="217"
                    HEIGHT="37">
            <Shape><Polygon POINTS="776 121 838 121 854 105 902 105 921 121 993 121 927 121 906 142 852 142 832 121 776 121"/></Shape>
	    <String CONTENT="— 40  —"
                    HPOS="776"
                    VPOS="105"
                    WIDTH="217"
                    HEIGHT="37"></String>
          </TextLine>

          
        </TextBlock>
        
        <TextBlock HPOS="220"
                   VPOS="187"
                   WIDTH="1293"
                   HEIGHT="208"
                   ID="eSc_textblock_dce1522c"
                   TAGREFS="BT843">
          <Shape><Polygon POINTS="220 187 220 395 1513 395 1513 187"/></Shape>
          
          
          <TextLine ID="eSc_line_09af5264"
                    TAGREFS="LT311"
                    BASELINE="305 240 1511 225" 
                    HPOS="302"
                    VPOS="175"
                    WIDTH="1206"
                    HEIGHT="81">
            <Shape><Polygon POINTS="302 223 302 190 331 190 341 200 442 202 484 200 496 188 575 188 598 200 641 186 666 196 676 186 722 186 792 196 819 184 846 194 869 186 892 194 904 181 925 194 947 194 958 184 1053 194 1084 192 1101 179 1125 192 1159 184 1196 184 1204 192 1231 190 1243 177 1262 177 1275 190 1337 190 1357 175 1374 188 1481 177 1492 188 1506 186 1508 206 1506 241 1477 233 1457 241 1359 233 1351 243 1289 243 1277 233 1266 243 1235 243 1221 233 1196 246 1163 246 1152 235 1068 235 993 248 941 241 902 250 881 239 854 250 798 241 790 250 701 243 680 252 604 241 523 243 513 254 486 243 405 252 378 246 368 256 302 246"/></Shape>
	    <String CONTENT="ONFROY (Ernest-Hippolyte), élève de M. Cogniet, 11,"
                    HPOS="302"
                    VPOS="175"
                    WIDTH="1206"
                    HEIGHT="81"></String>
          </TextLine>

          
          
          <TextLine ID="eSc_line_a1a43687"
                    TAGREFS="LT311"
                    BASELINE="344 307 718 312" 
                    HPOS="343"
                    VPOS="252"
                    WIDTH="375"
                    HEIGHT="63">
            <Shape><Polygon POINTS="344 296 344 252 626 252 631 257 718 253 717 308 686 312 642 315 602 308 593 315 584 308 577 314 536 315 515 305 508 312 467 315 444 305 435 312 358 314 343 303"/></Shape>
	    <String CONTENT="rue de Sèvres."
                    HPOS="343"
                    VPOS="252"
                    WIDTH="375"
                    HEIGHT="63"></String>
          </TextLine>

          
          
          <TextLine ID="eSc_line_8dc258f6"
                    TAGREFS="LT311"
                    BASELINE="252 377 859 374" 
                    HPOS="251"
                    VPOS="330"
                    WIDTH="606"
                    HEIGHT="58">
            <Shape><Polygon POINTS="251 366 253 332 325 332 343 350 438 350 456 332 475 332 491 347 525 350 535 340 569 343 582 330 597 339 622 339 637 330 663 348 686 330 700 330 713 340 758 340 768 330 809 330 844 348 856 347 857 363 853 385 841 381 817 388 793 388 779 381 710 387 678 384 671 377 655 385 601 388 522 383 457 387 449 379 353 379 346 385 251 381"/></Shape>
	    <String CONTENT="430. — La sainte famille."
                    HPOS="251"
                    VPOS="330"
                    WIDTH="606"
                    HEIGHT="58"></String>
          </TextLine>

          
        </TextBlock>
        
        <TextBlock HPOS="237"
                   VPOS="431"
                   WIDTH="941"
                   HEIGHT="152"
                   ID="eSc_textblock_fa650096"
                   TAGREFS="BT843">
          <Shape><Polygon POINTS="237 431 237 583 1178 583 1178 431"/></Shape>
          
          
          <TextLine ID="eSc_line_c8e550f2"
                    TAGREFS="LT311"
                    BASELINE="297 481 684 485 704 485" 
                    HPOS="293"
                    VPOS="432"
                    WIDTH="410"
                    HEIGHT="68">
            <Shape><Polygon POINTS="295 463 295 442 310 432 339 434 349 444 496 444 509 432 604 442 614 432 635 440 666 432 680 446 701 446 703 467 701 483 668 496 633 483 604 498 581 489 538 489 527 500 490 498 482 489 449 498 438 487 329 492 293 479"/></Shape>
	    <String CONTENT="OSWALD (Marie)."
                    HPOS="293"
                    VPOS="432"
                    WIDTH="410"
                    HEIGHT="68"></String>
          </TextLine>

          
          
          <TextLine ID="eSc_line_d683fcc4"
                    TAGREFS="LT311"
                    BASELINE="259 548 782 552 1136 548 1172 555" 
                    HPOS="256"
                    VPOS="500"
                    WIDTH="917"
                    HEIGHT="64">
            <Shape><Polygon POINTS="258 531 258 506 451 516 465 504 492 504 505 514 540 504 596 512 604 504 641 508 670 500 683 512 705 514 780 512 794 500 815 500 827 512 885 512 904 500 950 512 962 500 999 500 1034 516 1051 500 1065 500 1097 516 1113 500 1159 500 1171 510 1173 537 1171 564 1154 564 1142 552 1107 554 1097 564 1070 552 941 552 923 564 883 552 863 564 842 564 832 554 792 556 784 564 747 564 736 554 722 564 676 554 463 562 453 552 256 562"/></Shape>
	    <String CONTENT="431. — Portrait de mademoiselle A. M."
                    HPOS="256"
                    VPOS="500"
                    WIDTH="917"
                    HEIGHT="64"></String>
          </TextLine>

          
        </TextBlock>
        
        <TextBlock HPOS="216"
                   VPOS="603"
                   WIDTH="1327"
                   HEIGHT="348"
                   ID="eSc_textblock_13c87317"
                   TAGREFS="BT843">
          <Shape><Polygon POINTS="216 603 216 951 1543 951 1543 603"/></Shape>
          
          
          <TextLine ID="eSc_line_429f7f2c"
                    TAGREFS="LT311"
                    BASELINE="306 654 1529 648" 
                    HPOS="302"
                    VPOS="599"
                    WIDTH="1223"
                    HEIGHT="66">
            <Shape><Polygon POINTS="302 636 302 616 314 603 335 603 349 618 453 618 467 603 531 603 546 618 614 618 623 609 643 618 707 618 749 616 761 605 778 611 794 601 819 616 836 616 850 601 908 601 916 609 976 616 991 601 1043 614 1055 601 1109 609 1121 599 1159 609 1173 599 1190 609 1243 599 1254 609 1285 614 1306 614 1320 599 1399 599 1413 614 1515 609 1525 630 1525 649 1506 659 1492 651 1438 659 1428 651 1417 661 1372 651 1364 659 1312 653 1303 661 840 653 829 663 745 655 674 665 598 655 461 665 440 655 418 665 395 657 378 665 343 657 318 665 302 655"/></Shape>
	    <String CONTENT="OTTIN (Léon-Auguste), élève de Delaroche, 289, rue"
                    HPOS="302"
                    VPOS="599"
                    WIDTH="1223"
                    HEIGHT="66"></String>
          </TextLine>

          
          
          <TextLine ID="eSc_line_c8b27384"
                    TAGREFS="LT311"
                    BASELINE="351 726 695 731" 
                    HPOS="350"
                    VPOS="679"
                    WIDTH="345"
                    HEIGHT="61">
            <Shape><Polygon POINTS="351 715 351 689 361 690 372 679 388 679 400 690 413 690 433 679 444 691 463 691 475 682 493 691 506 680 522 680 551 693 593 687 695 694 693 730 671 738 657 731 649 740 633 740 624 731 611 740 584 738 575 729 533 733 500 726 463 734 398 729 391 736 372 736 350 723"/></Shape>
	    <String CONTENT="Saint-Jacques."
                    HPOS="350"
                    VPOS="679"
                    WIDTH="345"
                    HEIGHT="61"></String>
          </TextLine>

          
          
          <TextLine ID="eSc_line_d5fd297d"
                    TAGREFS="LT311"
                    BASELINE="253 791 866 796" 
                    HPOS="252"
                    VPOS="747"
                    WIDTH="614"
                    HEIGHT="57">
            <Shape><Polygon POINTS="253 780 253 756 262 748 277 748 285 756 295 747 320 748 335 762 340 756 350 766 406 767 452 767 471 748 493 747 510 762 537 762 557 753 565 763 594 763 617 748 649 764 667 748 684 748 696 760 704 753 715 760 726 749 773 749 793 769 812 749 830 749 851 770 866 771 864 796 853 800 793 796 769 804 732 803 720 796 664 802 657 795 634 804 561 804 546 798 537 803 506 803 489 796 482 803 466 803 455 793 405 792 364 792 354 802 262 802 252 791"/></Shape>
	    <String CONTENT="432. — Portrait de M. L."
                    HPOS="252"
                    VPOS="747"
                    WIDTH="614"
                    HEIGHT="57"></String>
          </TextLine>

          
          
          <TextLine ID="eSc_line_312ca39f"
                    TAGREFS="LT311"
                    BASELINE="259 864 864 873 998 866" 
                    HPOS="257"
                    VPOS="818"
                    WIDTH="740"
                    HEIGHT="62">
            <Shape><Polygon POINTS="259 853 262 820 277 820 286 828 300 818 332 818 354 836 453 836 471 820 492 820 508 835 539 835 566 827 573 835 588 836 602 835 617 820 631 820 655 835 675 820 722 839 732 831 753 833 765 827 775 835 794 835 806 822 833 822 842 831 848 825 888 825 924 840 940 824 971 824 997 843 995 871 920 871 902 880 844 879 835 872 722 869 684 875 656 866 644 873 593 876 551 873 546 868 540 873 507 875 495 866 485 875 466 875 455 864 366 864 357 873 257 869"/></Shape>
	    <String CONTENT="433. — Portrait de madame O."
                    HPOS="257"
                    VPOS="818"
                    WIDTH="740"
                    HEIGHT="62"></String>
          </TextLine>

          
          
          <TextLine ID="eSc_line_b245106c"
                    TAGREFS="LT311"
                    BASELINE="264 933 857 944 1246 940" 
                    HPOS="263"
                    VPOS="890"
                    WIDTH="982"
                    HEIGHT="65">
            <Shape><Polygon POINTS="264 922 264 898 273 891 326 891 344 906 445 908 464 891 499 890 514 901 524 898 533 906 550 904 562 909 584 891 594 890 606 898 617 890 653 890 678 905 692 900 706 911 735 891 765 898 779 911 801 898 1020 900 1030 908 1038 902 1049 909 1067 894 1106 894 1114 902 1169 895 1197 915 1245 915 1244 942 1143 945 1129 955 1092 941 1059 941 1044 953 1023 948 1005 953 995 945 975 945 965 953 942 952 928 944 917 952 889 952 877 942 800 946 783 938 753 946 722 946 710 938 700 946 640 944 624 949 575 946 565 938 546 948 480 946 444 935 368 934 354 945 331 946 271 946 263 940"/></Shape>
	    <String CONTENT="434. — Une église de campagne; étude."
                    HPOS="263"
                    VPOS="890"
                    WIDTH="982"
                    HEIGHT="65"></String>
          </TextLine>

          
        </TextBlock>
        
        <TextBlock HPOS="237"
                   VPOS="989"
                   WIDTH="1285"
                   HEIGHT="216"
                   ID="eSc_textblock_f8743472"
                   TAGREFS="BT843">
          <Shape><Polygon POINTS="237 989 237 1205 1522 1205 1522 989"/></Shape>
          
          
          <TextLine ID="eSc_line_c3090de1"
                    TAGREFS="LT311"
                    BASELINE="307 1040 492 1047 958 1040 1231 1046 1510 1040" 
                    HPOS="307"
                    VPOS="991"
                    WIDTH="1201"
                    HEIGHT="64">
            <Shape><Polygon POINTS="307 1029 307 1003 320 995 348 995 369 1006 466 1006 481 995 515 995 529 1004 579 1004 594 993 635 993 648 1002 674 1004 693 993 746 993 762 1004 793 1004 808 993 828 993 844 1004 870 1004 899 992 928 997 940 993 961 1003 1020 1003 1038 992 1056 1003 1085 1003 1099 993 1131 992 1153 1003 1184 991 1227 991 1244 1002 1267 1002 1284 991 1303 991 1320 1002 1357 1002 1373 991 1408 991 1423 1002 1456 1000 1470 992 1485 1000 1507 1000 1508 1029 1508 1050 1462 1039 1438 1040 1422 1051 1320 1051 1306 1042 1286 1040 1213 1042 1195 1048 1166 1040 1151 1053 1136 1047 1099 1050 1086 1042 1051 1053 1033 1053 1016 1042 994 1048 982 1043 975 1048 936 1048 926 1042 910 1042 900 1048 880 1042 864 1054 772 1054 721 1046 680 1054 663 1043 588 1050 543 1044 508 1055 468 1055 452 1044 358 1050 314 1046 307 1053"/></Shape>
	    <String CONTENT="PABST (Camille-Alfred), élève de M. Charles Conte"
                    HPOS="307"
                    VPOS="991"
                    WIDTH="1201"
                    HEIGHT="64"></String>
          </TextLine>

          
          
          <TextLine ID="eSc_line_2e12796d"
                    TAGREFS="LT311"
                    BASELINE="361 1112 867 1112 964 1115 983 1123 1198 1112 1497 1116" 
                    HPOS="361"
                    VPOS="1065"
                    WIDTH="1136"
                    HEIGHT="63">
            <Shape><Polygon POINTS="361 1101 361 1077 383 1065 413 1065 433 1077 470 1077 489 1065 511 1077 575 1076 591 1065 608 1075 633 1077 659 1065 720 1077 744 1065 780 1065 794 1075 966 1077 977 1077 995 1065 1034 1065 1064 1077 1095 1065 1118 1075 1140 1075 1164 1065 1175 1073 1201 1077 1219 1065 1241 1075 1280 1076 1295 1065 1331 1065 1342 1073 1369 1065 1397 1075 1417 1065 1434 1065 1452 1077 1496 1077 1497 1105 1496 1115 1463 1115 1444 1128 1427 1128 1408 1115 1383 1128 1354 1128 1336 1115 1318 1115 1306 1124 1278 1115 1266 1121 1253 1115 1241 1121 1200 1115 1180 1128 1150 1128 1139 1120 1117 1128 1102 1121 1093 1128 1070 1128 1063 1123 1053 1128 965 1128 957 1121 947 1128 918 1128 899 1117 856 1128 842 1120 783 1121 775 1115 762 1121 744 1115 710 1121 674 1120 662 1128 626 1117 473 1121 453 1115 431 1128 416 1120 377 1121 361 1115"/></Shape>
	    <String CONTENT="12 chemin des Cheneaux (Enghein-les-Bains), ."
                    HPOS="361"
                    VPOS="1065"
                    WIDTH="1136"
                    HEIGHT="63"></String>
          </TextLine>

          
          
          <TextLine ID="eSc_line_e0fbbdfd"
                    TAGREFS="LT311"
                    BASELINE="264 1178 542 1185 960 1181" 
                    HPOS="263"
                    VPOS="1138"
                    WIDTH="695"
                    HEIGHT="55">
            <Shape><Polygon POINTS="264 1167 264 1144 270 1138 289 1144 295 1138 346 1138 360 1152 459 1152 473 1138 506 1138 517 1146 553 1150 631 1146 640 1138 652 1138 682 1152 737 1138 746 1146 786 1150 808 1138 827 1138 835 1146 924 1144 936 1152 957 1152 958 1170 957 1182 936 1183 922 1193 911 1185 888 1193 873 1186 837 1192 830 1185 820 1193 786 1188 777 1193 761 1188 732 1193 692 1182 675 1193 627 1193 617 1188 602 1193 594 1188 586 1193 542 1193 526 1183 510 1193 480 1193 468 1182 366 1182 355 1193 346 1188 332 1193 315 1185 273 1193 263 1185"/></Shape>
	    <String CONTENT="435. — Brasserie alsacienne."
                    HPOS="263"
                    VPOS="1138"
                    WIDTH="695"
                    HEIGHT="55"></String>
          </TextLine>

          
        </TextBlock>
        
        <TextBlock HPOS="240"
                   VPOS="1230"
                   WIDTH="1034"
                   HEIGHT="289"
                   ID="eSc_textblock_75e05e53"
                   TAGREFS="BT843">
          <Shape><Polygon POINTS="240 1230 240 1519 1274 1519 1274 1230"/></Shape>
          
          
          <TextLine ID="eSc_line_40f78ad9"
                    TAGREFS="LT311"
                    BASELINE="310 1285 1257 1285" 
                    HPOS="310"
                    VPOS="1237"
                    WIDTH="947"
                    HEIGHT="60">
            <Shape><Polygon POINTS="310 1274 310 1254 326 1239 339 1237 376 1254 467 1254 486 1237 511 1237 544 1252 565 1252 583 1237 606 1251 622 1237 653 1237 667 1250 729 1254 769 1250 782 1239 801 1254 893 1248 913 1254 936 1237 966 1237 987 1251 1005 1251 1023 1237 1037 1244 1070 1237 1097 1247 1110 1237 1135 1237 1142 1243 1150 1237 1200 1237 1222 1254 1257 1254 1257 1287 1231 1287 1223 1292 1136 1287 1102 1290 1095 1297 1067 1291 1024 1297 1015 1290 1004 1294 914 1287 895 1292 851 1288 845 1294 826 1288 816 1297 765 1297 757 1290 695 1294 626 1292 609 1287 598 1297 580 1291 542 1297 521 1287 504 1297 478 1297 467 1287 456 1294 354 1292 347 1287 324 1292 310 1287"/></Shape>
	    <String CONTENT="PAGEZ (Paul-Horace), rue Martel, 5 bis."
                    HPOS="310"
                    VPOS="1237"
                    WIDTH="947"
                    HEIGHT="60"></String>
          </TextLine>

          
          
          <TextLine ID="eSc_line_37742b84"
                    TAGREFS="LT311"
                    BASELINE="274 1353 788 1356" 
                    HPOS="271"
                    VPOS="1308"
                    WIDTH="515"
                    HEIGHT="62">
            <Shape><Polygon POINTS="273 1335 273 1308 341 1308 360 1327 463 1327 482 1308 554 1327 575 1308 589 1308 625 1325 678 1308 695 1321 782 1312 786 1337 784 1360 772 1368 738 1360 712 1370 680 1370 672 1362 656 1370 591 1370 560 1356 529 1364 496 1360 484 1370 457 1356 271 1360"/></Shape>
	    <String CONTENT="436. — Jeu de piquet"
                    HPOS="271"
                    VPOS="1308"
                    WIDTH="515"
                    HEIGHT="62"></String>
          </TextLine>

          
          
          <TextLine ID="eSc_line_7e9f4f90"
                    TAGREFS="LT311"
                    BASELINE="270 1430 686 1427" 
                    HPOS="267"
                    VPOS="1383"
                    WIDTH="418"
                    HEIGHT="53">
            <Shape><Polygon POINTS="268 1419 267 1399 281 1385 350 1385 369 1404 456 1404 475 1383 506 1383 517 1394 655 1394 667 1403 684 1401 685 1416 684 1434 677 1436 515 1434 503 1425 493 1434 475 1436 462 1425 347 1425 337 1434 303 1434 278 1433 268 1426"/></Shape>
	    <String CONTENT="437. — Pommes."
                    HPOS="267"
                    VPOS="1383"
                    WIDTH="418"
                    HEIGHT="53"></String>
          </TextLine>

          
          
          <TextLine ID="eSc_line_a631e256"
                    TAGREFS="LT311"
                    BASELINE="273 1496 702 1502" 
                    HPOS="271"
                    VPOS="1455"
                    WIDTH="431"
                    HEIGHT="55">
            <Shape><Polygon POINTS="273 1485 277 1455 293 1461 300 1455 347 1455 364 1473 380 1474 463 1474 486 1456 507 1469 518 1458 529 1458 540 1467 649 1465 659 1473 670 1466 686 1477 700 1477 702 1491 700 1501 691 1507 653 1505 628 1510 488 1509 470 1498 372 1496 358 1507 271 1505"/></Shape>
	    <String CONTENT="438. — Légumes."
                    HPOS="271"
                    VPOS="1455"
                    WIDTH="431"
                    HEIGHT="55"></String>
          </TextLine>

          
        </TextBlock>
        
        <TextBlock HPOS="251"
                   VPOS="1559"
                   WIDTH="1292"
                   HEIGHT="204"
                   ID="eSc_textblock_f9f189ea"
                   TAGREFS="BT843">
          <Shape><Polygon POINTS="251 1559 251 1763 1543 1763 1543 1559"/></Shape>
          
          
          <TextLine ID="eSc_line_7296d972"
                    TAGREFS="LT311"
                    BASELINE="321 1603 804 1609 1526 1604" 
                    HPOS="321"
                    VPOS="1554"
                    WIDTH="1204"
                    HEIGHT="66">
            <Shape><Polygon POINTS="321 1591 321 1557 326 1554 350 1554 383 1568 468 1568 489 1554 551 1554 569 1567 586 1560 605 1568 635 1568 655 1554 696 1554 715 1568 736 1554 765 1554 777 1563 795 1554 816 1568 835 1568 856 1554 886 1554 913 1568 980 1568 1001 1554 1020 1554 1041 1568 1053 1568 1073 1554 1113 1554 1135 1568 1155 1554 1195 1556 1213 1568 1241 1568 1256 1561 1267 1568 1288 1568 1306 1556 1332 1556 1350 1568 1433 1568 1440 1563 1470 1568 1499 1554 1524 1568 1525 1593 1524 1611 1462 1607 1442 1620 1401 1607 1394 1612 1372 1611 1357 1620 1302 1620 1291 1614 1271 1620 1249 1609 1184 1612 1147 1607 1125 1614 1103 1609 1092 1616 1068 1607 1048 1607 1037 1612 1024 1609 1012 1618 986 1607 968 1607 944 1611 931 1620 914 1620 892 1609 848 1608 827 1620 787 1620 768 1608 732 1608 706 1620 691 1620 680 1612 651 1607 536 1609 521 1620 470 1620 459 1612 444 1620 376 1620 355 1607 321 1608"/></Shape>
	    <String CONTENT="PALIN (Victor-Émile), élève de M. Picot, 5, rue du"
                    HPOS="321"
                    VPOS="1554"
                    WIDTH="1204"
                    HEIGHT="66"></String>
          </TextLine>

          
          
          <TextLine ID="eSc_line_4f0e37e3"
                    TAGREFS="LT311"
                    BASELINE="368 1676 720 1674" 
                    HPOS="366"
                    VPOS="1633"
                    WIDTH="352"
                    HEIGHT="51">
            <Shape><Polygon POINTS="366 1665 366 1649 376 1649 388 1637 433 1641 445 1634 452 1641 464 1641 474 1633 492 1633 504 1645 518 1633 536 1633 562 1649 571 1649 587 1633 608 1633 620 1645 662 1640 685 1649 717 1649 718 1663 717 1676 699 1684 590 1684 576 1676 554 1684 518 1682 506 1676 482 1682 366 1677"/></Shape>
	    <String CONTENT="Pont-de-Lodi."
                    HPOS="366"
                    VPOS="1633"
                    WIDTH="352"
                    HEIGHT="51"></String>
          </TextLine>

          
          
          <TextLine ID="eSc_line_2bd6181b"
                    TAGREFS="LT311"
                    BASELINE="277 1742 804 1749" 
                    HPOS="275"
                    VPOS="1700"
                    WIDTH="529"
                    HEIGHT="57">
            <Shape><Polygon POINTS="277 1731 280 1700 350 1700 368 1720 383 1721 478 1721 506 1703 524 1722 535 1722 547 1711 580 1713 594 1704 619 1704 638 1716 682 1711 700 1725 714 1713 731 1716 758 1706 765 1714 775 1710 791 1725 802 1725 804 1738 794 1754 758 1755 702 1754 692 1744 680 1755 648 1751 540 1757 529 1750 517 1757 488 1755 468 1742 420 1747 382 1740 355 1740 343 1753 329 1754 275 1750"/></Shape>
	    <String CONTENT="439. — A quinze ans."
                    HPOS="275"
                    VPOS="1700"
                    WIDTH="529"
                    HEIGHT="57"></String>
          </TextLine>

          
        </TextBlock>
        
        <TextBlock HPOS="259"
                   VPOS="1802"
                   WIDTH="1093"
                   HEIGHT="135"
                   ID="eSc_textblock_c28deeb2"
                   TAGREFS="BT843">
          <Shape><Polygon POINTS="259 1802 259 1937 1352 1937 1352 1802"/></Shape>
          
          
          <TextLine ID="eSc_line_7de26763"
                    TAGREFS="LT311"
                    BASELINE="313 1846 782 1855 1360 1849" 
                    HPOS="313"
                    VPOS="1802"
                    WIDTH="1045"
                    HEIGHT="58">
            <Shape><Polygon POINTS="313 1835 313 1812 329 1802 357 1802 369 1812 468 1812 486 1802 513 1802 528 1812 551 1802 573 1812 612 1812 624 1802 653 1802 670 1812 748 1812 771 1802 791 1812 819 1812 831 1802 877 1802 895 1812 1013 1812 1026 1802 1064 1812 1080 1802 1132 1802 1142 1811 1180 1802 1193 1812 1252 1812 1264 1802 1292 1802 1311 1812 1357 1812 1358 1838 1355 1857 907 1853 899 1860 881 1860 815 1853 806 1860 761 1860 611 1853 604 1859 514 1855 474 1860 466 1853 452 1859 336 1859 313 1853"/></Shape>
	    <String CONTENT="PANIS (Jules-Ernest), 46, rue de l’Arbre-Sec."
                    HPOS="313"
                    VPOS="1802"
                    WIDTH="1045"
                    HEIGHT="58"></String>
          </TextLine>

          
          
          <TextLine ID="eSc_line_f6125b1d"
                    TAGREFS="LT311"
                    BASELINE="277 1918 467 1917 816 1926 1056 1922" 
                    HPOS="274"
                    VPOS="1873"
                    WIDTH="781"
                    HEIGHT="66">
            <Shape><Polygon POINTS="275 1907 275 1877 281 1873 299 1878 308 1873 353 1873 371 1891 394 1892 464 1892 485 1874 547 1874 561 1882 586 1874 605 1891 620 1875 635 1874 670 1892 680 1882 746 1886 758 1875 780 1875 812 1893 848 1893 857 1884 881 1888 892 1882 947 1882 953 1888 965 1881 977 1886 1023 1882 1034 1893 1055 1893 1053 1921 1044 1929 1013 1929 1000 1939 965 1939 951 1928 939 1929 929 1939 904 1939 893 1928 877 1931 868 1939 846 1939 837 1929 827 1939 795 1929 641 1937 630 1928 615 1929 605 1920 587 1929 548 1929 540 1937 518 1937 507 1928 486 1928 477 1920 353 1918 342 1928 331 1920 313 1929 274 1925"/></Shape>
	    <String CONTENT="440. — Effet du matin, paysage."
                    HPOS="274"
                    VPOS="1873"
                    WIDTH="781"
                    HEIGHT="66"></String>
          </TextLine>

          
        </TextBlock>
        
        <TextBlock HPOS="262"
                   VPOS="1966"
                   WIDTH="1326"
                   HEIGHT="223"
                   ID="eSc_textblock_4c42622b"
                   TAGREFS="BT843">
          <Shape><Polygon POINTS="262 1966 262 2189 1588 2189 1588 1966"/></Shape>
          
          
          <TextLine ID="eSc_line_e83bd9de"
                    TAGREFS="LT311"
                    BASELINE="288 2023 1557 2028" 
                    HPOS="285"
                    VPOS="1972"
                    WIDTH="1271"
                    HEIGHT="68">
            <Shape><Polygon POINTS="287 2005 287 1986 310 1988 327 1972 418 1988 538 1988 556 1972 577 1972 594 1988 627 1984 643 1972 695 1972 712 1988 738 1988 755 1972 898 1988 912 1974 952 1974 968 1991 987 1976 1041 1988 1103 1976 1128 1991 1181 1976 1208 1991 1225 1976 1254 1976 1351 1991 1368 1974 1409 1991 1438 1974 1453 1984 1546 1982 1556 2009 1554 2028 1539 2040 1417 2028 1397 2040 1366 2040 1353 2028 1326 2040 1272 2030 1223 2036 1214 2028 1186 2036 1142 2028 1115 2036 983 2036 974 2028 923 2036 892 2026 784 2038 743 2026 718 2038 660 2030 544 2038 531 2026 513 2036 486 2028 465 2038 436 2028 407 2038 395 2028 380 2036 349 2028 329 2036 318 2026 285 2024"/></Shape>
	    <String CONTENT="PARADIS (Louis), élève. de David et Gros, à Orsay."
                    HPOS="285"
                    VPOS="1972"
                    WIDTH="1271"
                    HEIGHT="68"></String>
          </TextLine>

          
          
          <TextLine ID="eSc_line_6974d02e"
                    TAGREFS="LT311"
                    BASELINE="383 2093 743 2097" 
                    HPOS="382"
                    VPOS="2045"
                    WIDTH="361"
                    HEIGHT="62">
            <Shape><Polygon POINTS="383 2082 383 2057 397 2045 428 2045 442 2059 467 2048 478 2057 504 2061 568 2059 576 2050 604 2061 623 2046 649 2048 662 2060 693 2057 706 2048 721 2063 742 2063 743 2086 742 2096 714 2107 689 2107 678 2097 624 2103 613 2095 600 2095 588 2104 573 2096 562 2106 547 2095 521 2101 431 2097 413 2104 388 2104 382 2096"/></Shape>
	    <String CONTENT="(Seine-et-Oise)."
                    HPOS="382"
                    VPOS="2045"
                    WIDTH="361"
                    HEIGHT="62"></String>
          </TextLine>

          
          
          <TextLine ID="eSc_line_c156ab75"
                    TAGREFS="LT311"
                    BASELINE="284 2163 863 2170 1042 2166" 
                    HPOS="282"
                    VPOS="2119"
                    WIDTH="759"
                    HEIGHT="62">
            <Shape><Polygon POINTS="284 2152 284 2119 302 2125 307 2119 328 2119 335 2126 343 2119 350 2126 355 2121 368 2133 419 2135 470 2135 484 2121 515 2121 525 2130 612 2130 626 2136 641 2122 668 2122 696 2135 724 2128 761 2132 775 2124 791 2124 800 2132 857 2135 880 2129 921 2135 1012 2129 1024 2139 1041 2139 1038 2177 926 2180 834 2173 766 2180 703 2177 692 2170 685 2177 666 2175 659 2181 640 2181 630 2172 620 2180 486 2180 475 2169 455 2169 438 2179 417 2168 382 2168 362 2169 350 2179 282 2179"/></Shape>
	    <String CONTENT="441. — Repas de moissonneurs."
                    HPOS="282"
                    VPOS="2119"
                    WIDTH="759"
                    HEIGHT="62"></String>
          </TextLine>

          
        </TextBlock>
        
        <TextBlock HPOS="181"
                   VPOS="183"
                   WIDTH="1440"
                   HEIGHT="2031"
                   ID="eSc_textblock_60c384cc"
                   TAGREFS="BT840">
          <Shape><Polygon POINTS="181 183 181 2214 1621 2214 1621 183"/></Shape>
          
        </TextBlock>
        

        
      </PrintSpace>
    </Page>
  </Layout>
</alto>
