1749 2481
769 57 228 40 — 42  —

298 136 1063 62 PIERDON, 11, rond-point à Boulogne (Seine).

250 206 1263 71 457. — Un petit coin du parc de Saint-Cloud, au prin

504 293 166 51 temps.

254 353 915 64 458. — En hiver au bois de Boulogne.

235 425 1284 60 459. — Sur les bords du Sichan, en, Bourbonnais.

524 504 504 62 (Voir à la gravure.).

296 602 1214 60 PIERRAT (Constant-Nicolas), né, à Munster (Haut

347 678 1120 59 Rhin), rue des Trois-Frères, 19 (Montmartre).

256 746 664 64 460 — Un sentier de forêt.

255 825 898 59 461. — Un ruisseau près Plombières.

295 917 1236 69 PLANET (Marie-François-Xavier-Louis de), 5, rue

350 1003 382 54 des Beaux-Arts.

253 1073 411 58 462. — Homère.

302 1160 1229 65 (Ayant perdu la vue et réduit à l’indigence il se rendait

244 1233 1288 57 aux maisons des riches, accompagné de quelque enfant du

246 1297 1287 62 lieu qui lui servait de guide et qui portait une branche

248 1365 1288 57 d’olivier... Il chantait, à la porte, des vers,, dont il tirait

257 1432 1276 62 quelque récompense, et qu’il terminait ordinairement ainsi:

248 1501 1284 56 Soit que vous me fassiez quelque présent, soit que vous me

249 1569 1279 56 refusiez, ne craignez rien, je ne suis pas venu dans le des-

245 1636 494 55 sein de m’arrêter ici. )

744 1698 727 52 Hérodote, Vie d’Homère, XXXIII.

317 1793 1215 62 PLESTOW (Charles-John-Berners), élève de M. Corot,

354 1871 495 60 rue des Martyrs, 57.

252 1933 1298 70 463. — Les bords de, la Jurne, le soir, à Ehechy

529 2007 1017 74 (Seine-et-Oise) ; appartient à M. Antoine

529 2089 197 59 Gandon.
