1749 2481
813 62 221 37 — 43  —

322 140 1211 60 PINKAS, chez M. Belleavoine, rue de l’Arbre-Sec, 3.

280 226 782 51 464. — Le bucheron et la mort.

324 305 1247 61 PIPARD (Charles), né à Versailles, élève de M. Gigoux,

380 374 1172 68 96, chaussée de Ménilmontant (Paris-Belleville).

282 452 698 56 465. — La mort de l’enfant.

282 527 1108 57 466. — Gants, feurs et bijoux, nature morte.

284 602 1111 59 467. — Le repos, figure de femme; académie.

325 683 760 61 PISSARO, 23, rue Neuve-Bréda.

281 760 406 60 468. — Paysage.

286 831 363 59 469. — Etude.

275 901 412 62 470.  — Village.

325 988 1240 63 PORTE (Adéle de la), élève de Steuben,4, rue Sainte

331 1064 251 59 —Marthe.

291 1139 805 57 471. — Le printemps et les roses.

286 1210 376 59 472. — Fruits.

300 1298 1124 58 PORTIER, chez M. Hardy, 1, rue Childebert. .

282 1368 591 59 473. — Vue de Bougie.

284 1443 684 56 474. — Vue de Constantine.

324 1528 1241 63 PRADIER (Jean-Jacques-Pierre), élève de M. Gleyre,

372 1604 440 56 52, rue Vanneau.

282 1674 850 61 475. — Paysage; étude (Bretagne).

322 1753 1244 62 PREVOST (Julien), élève de Corot, rue de Rocroy, 23.

280 1827 1202 57 476. — Vue de la vallée de Bagnières de Luchon.

320 1906 1242 60 PROUST (Amédée), élève de M. Gilbert, 17, rue Vé

382 1978 445 72 ron (Montmartre).

273 2050 414 65 477.  — Paysage.

289 2126 411 64 478. — Paysage.
