1749 2481
827 84 209 40 — 45  —

536 144 1024 89 des dernières photographies de M. G. Spin

544 227 136 74 gler.

329 322 1241 62 Roprr (mademoiselle Anne-Charlotte-Claudine), née

382 392 1188 66 à Moret (Seine-et-Marne), élève de M. Henri Schet¬

401 469 1178 62 fer et mademoiselle Riché, 55, quai de la Tournelle.

287 529 605 74 491. — Groubé de frits

337 622 1231 72 RONDÉ, médaille de 32 classe en 1838, 31, rue, du

382 704 431 55 Champs-de-Mars.

286 776 1271 59 492. — Intérieur du cloître du couvent de la Merièd,

537 844 246 62 à Mexico.

275 907 1165 75 493. — Grand escalier du couvent de la Mériéd.

279 988 1174 64 494. — Place du marché de Chihuaha (Mexique).

335 1079 1235 62 ROSLIN (madame, née Emma-Blanche), élève de

380 1147 921 64 M. Léon Cogniet, 3, rue de Montholon.

269 1211 697 74 495. — Portrait de vieillard

279 1294 606 62 496.  — Portrait de M. R.

275 1358 664 70 497.  — Les filles dé Minée.

327 1430 1237 73 (Elles furent changées en chauves-souris pour avoir tra¬

277 1503 778 68 vaillé le jour des fêtes de Bacchus.).

335 1585 993 71 ROUSSEAU (Henri), rue de Paris, à Puteaux.

285 1658 1066 70 498. — Portrait de madémoiselle A. Collier.

337 1740 944 79 RUFINA (Nôggerath), 25, rue du Helder.

283 1817 656 68 499.  — Portrait de femme.

329 1902 1225 72 SABAND (Mademoiselle Caroline), élève de MM. Co-

384 1980 1176 70 blentz, Dupont et Hennequin, née à Paris, 333, rue

384 2050 303 62 Saint-Martin

283 2121 1085 72 500. — Roses d’après Saint-Jean; porcelaine
