1749 2481
782 111 215 39 — 47 —

295 188 1222 72 SAINT-MARCEL (Charles-Edme), élève de M. Eugène

340 266 1163 64 Delacroix, à Fontainebleau, 26, rue Saint-Merry.

242 337 1291 72 513. — Chute de la rivière de Loing, paysage, soleil

513 419 221 54 couchant.

292 505 1234 64 SAINT-MARCEL fils (Paul-Emile), élève de Decamps

348 580 1170 65 et Léon Cogniet, à Fontainebleau, 26, rue Saint

347 658 173 44 Merry.

249 729 901 55 514. — Chevaux de ferme à l’écurie.

244 796 1285 68 515. — Paysage. Vue prise dans les près de Grés

517 873 823 61 (Seine-et-Marne); effet d’automne.

297 959 1232 62 SANCE (Philippe), à Chambéry, élève de M. Léon

350 1035 214 59 Cogniet.

254 1104 623 60 516. — Intérieur d’école.

250 1178 430 60 517. — Paysage.

253 1252 418 58 518. — Paysage.

282 1338 461 62 SANCY (Hippolyte).

254 1407 1180 65 519. — Etude de taureau ; paysage, effet de soir.

255 1488 852 54 520. — Lapin mort; nature morte.

253 1561 1078 55 521. — Paysage et animaux ; effet de matin.

303 1639 1247 64 SALLÉ (Pierre), élève de MM. Bonnefond et Hippo

351 1717 901 59 Iyte Flandrin, 309, rue Saint-Jacques.

255 1787 825 59 522. — Saint Jean dans le désert.

253 1859 698 59 523. — Portrait de M. de R.

296 1947 424 59 SARRAZIN (Jules).

254 2015 886 64 524. — Une Vieille du Transtevère.

252 2090 902 68 525. — Un Enfant, d’après Raphaël.

260 2162 932 72 526. — Jérémie, d’après Michel-Ange.
