1749 2481
763 84 216 42 — 48 —

279 165 1225 64 SCHIRTZ (Jules), élève de M. Rémond, médaille troi¬

326 224 1180 80 série classe (Paysage, 1811), à Troyes, et à Paris

322 310 1039 62 chez M. Deforse, 8. boulevard Montmartre.

226 387 1031 60 527. — Pâturage près Montsur (Mayenne).

235 458 1263 67 528. — Bords de la Seine, à Sauvage, près Maveill.

496 530 212 64 (Marne).

271 634 1233 62 SCRIBE (Léon-Ovide), élève de M. Bois Chevalier,

324 709 698 57 47, boulevard Montparnasse.

224 778 534 57 529. — Sainte-Anne.

264 884 1239 60 SELIM (Madame Honorine), élève de Scheffer, née à

325 957 708 56 Rouen, 92, rue d’Amsterdam.

223 1026 669 58 530. Portrait de madanie B.

230 1104 683 56 53. — Le Fil de la Vierge.

229 1178 776 58 532. — Sainte-Thérèse, novice.

270 1277 967 61 SERGENT (Charles), 55, rue de l’Arcade.

223 1348 1221 64 533. — Ruines du théâtre de Taormine (en Sicile).

219 1420 693 66 534. — Portrait de l’auteur.

270 1523 1229 57 SERRES (G. DE), élève de de Rudder, 34, rue de La¬

321 1596 194 58 fayette.

226 1660 651 62 535. — Descente de croix.

230 1744 705 56 536. — Routiers au bivouac.

224 1818 718 59 537. — Crépuscule; paysage.

273 1907 1230 65 SERRET (Charles-Emmanuel), élève de MM. Flan

326 1984 1174 60 drin et Charles Comte, 38 bis, rue Fontaine-Saint

331 2061 217 62 Georges.

231 2127 878 66 538. — Les Enfants dans la prairie.
