1749 2481
761 68 207 43 —49 —

221 136 998 76 529. — Les Petites filles ét la balustrade.

229 221 547 60 540. — La Boudeuse.

273 329 1237 62 SEVESTRE (Jules-Marie), né à Breteuil (Eure), élève

316 399 896 66 de Léon Cogniet, 18, rue de Chabrol.

227 479 636 57 541. — Toilette de Vénus.

227 554 487 57 542. — La Charité.

228 625 420 58 543. — Portrait.

283 729 1242 73 SIMONIN (Charles-Hippolyte-Stéphen), élève de

343 808 1176 62 M. Léon Cogniet, 117, Grande rue de la Chapelle.

233 882 693 58 544. — Portrait de l’auteur.

275 989 1238 66 A. SIMONIN (Durand), élève de Léon Cogniet, 117.

310 1066 840 58 Grande rue de la Chapelle (Paris).

231 1138 982 58 545. — La lettre du petit fils: intérieur.

275 1248 1147 60 SIVOLI (Sde), de Florence, 18, boulevard Pigalle

229 1314 1281 69 546. — Le rocher de la Vierge (environs de Sienne

489 1394 181 58 Italie).

231 1465 1300 64 547 — Vue prise d’après nature (environs de Florence).

275 1578 1187 59 SPIEKAERT (Paul), 24, rue de l’Hôpital (Bruxelles).

234 1649 579 61 548 — Une Baigneuse.

262 1760 933 53 SUTTER (David), 45, rue Saint-Lazare.

233 1830 950 59 549. — Entrée des gorges d’Apremont.

233 1902 1306 60 550. — Terrains du Jean de Paris (forêt de Fontai¬

475 1980 246 57 nebleau).

231 2049 1287 63 551. — Chemin allant au point de vue du camp (forêt

486 2125 462 58 de Fontainebleau).
