1749 2481
803 99 207 39 —50  —

333 179 1214 63 TABAR (François-Germain-Léopold), élève de M.Paul

375 246 1070 69 Delaroche, rue Capron, 35, Batignolles-Paris.

271 325 893 60 552. — Portrait en pied de M. L. W.

329 435 1195 57 TELLER, élève de MM. Lequien père et de Telleer

382 504 804 56 95, rue du Faubourg Saint-Martin.

271 570 1124 72 553. — Flagellation du Christ, d’après Lesueur

337 678 1029 70 TESSIER (Florent), 13, rue Neuve-Saint-Merri.

280 759 924 56 554. — Portrait de M. Alfred Stevens.

329 864 1229 62 THIBAULT (Marie), élève de, M. Coignard, rue La¬

391 938 163 60 val, 35

273 1006 467 67 555. — Un dessert.

341 1112 1205 66 THIBON (Jules-Maurice), 6, rue de la Gaité, Plai¬

375 1201 168 49 sance.

284 1263 1165 60 556. — Intérieur de cour à Préfontaine (Loiret).

282 1338 1231 58 557. — Ruines du Château de Ventadour (Ardèche)

336 1445 1206 61 TICHIT (Xavier), élève de M. Léon Cogniet, 3, rue

380 1517 614 54 des Fossés-Saint-Jacques.

281 1589 1270 55 558. — Le duc de Suffolk reçoit dans sa prison la

543 1659 1004 57 visite de la vieille Kate Nelly, nourrice de

539 1732 1007 57 sa fille Jane Grey (tiré du roman de M. Brot).

278 1802 1232 60 559. — Sainte Perpétue et sainte Félicité, martyres.

282 1875 610 57 560. — Portrait de M. F.

335 1982 1212 59 TOURNAYRE (Louis), né à Dunes (Tarn-et-Garonne),

386 2044 371 68 rue Racine, 20.

289 2125 673 66 561. — Un paysage, fusain.
