1749 2481
726 53 224 44 — 51  —

233 138 1257 62 TREMBLAY (Louis), élève, de Ary Scheffer, 19, rue

280 220 695 48 d’Angoulême Saint-Honoré.

202 279 594 58 562. — Sainte Eugénie.

233 379 1249 55 (Fille du duc d’Alsace, Adelric III, revenant de porter des

183 447 1301 51 secours à une pauvre famille, aperçoit au pied d’un arbre un

193 512 1287 58 petit entant abandonné, elle le prend aussitôt, l’enveloppe

187 580 1291 52 dans son manteau et l’emporte au château de Honhenbourg

188 645 1298 53 (résidence de sa famille, qu’elle avait transformée en-une

197 716 1285 48 espèce de monastère, après avoir fait de son père, homme

186 781 1295 52 féroce, un saint homme); ce petit enfant, qui était une fille

204 841 1108 62 devient, par la suite, supérieure de ce monastère.)

779 912 618 52 (Histoire du huitieme siècle.).

252 1004 1188 57 TROCARD, rue Byron, 25, faubourg Saint-Jacques.

196 1070 778 62 563.  — Portrait de madame ***.

200 1145 780 58 564. — Portrait de M. G. de W.

198 1217 624 57 568. — Portrait de M. T.

256 1317 1215 57 TROUILLON (mademoiselle Claudine), rue du Château-

303 1390 586 61 Rouge, 20, Montmartre.

201 1459 1110 62 566. — Une allée dans la forêt de Compiègne.

262 1558 1219 67 VALERNES (Evariste de), 4, boulevard des Invalides

204 1634 1264 57 567. — Le christ à la colonne, scène après la flagel

463 1706 172 56 lation.

259 1801 1222 61 VALLOUY (Paul-Aimé), élève de M. Rivoulon, 1, rue

303 1874 294 58 de Fleurus.

200 1941 1201 68 568. — Ranié de Travancore (Indes-Orientales).

198 2015 1308 66 569. — Promenade d’une, noce indoue, de basse.

474 2117 150 41 caste.
