<?xml version="1.0" encoding="UTF-8"?>
<alto xmlns:xsi="http://www.w3.org/2001/XMLSchema-instance"
      xmlns="http://www.loc.gov/standards/alto/ns-v4#"
      xsi:schemaLocation="http://www.loc.gov/standards/alto/ns-v4# http://www.loc.gov/standards/alto/v4/alto-4-2.xsd">
  <Description>
    <MeasurementUnit>pixel</MeasurementUnit>
    <sourceImageInformation>
      <fileName>61_cf622_default.jpg</fileName>
      <fileIdentifier>https://gallica.bnf.fr/iiif/ark:/12148/bpt6k114147v/f62/full/full/0/default.jpg</fileIdentifier>
    </sourceImageInformation>
  </Description>
  
  <Tags>
    <OtherTag ID="BT839" LABEL="Title" DESCRIPTION="block type Title"/><OtherTag ID="BT840" LABEL="Main" DESCRIPTION="block type Main"/><OtherTag ID="BT841" LABEL="Running Title" DESCRIPTION="block type Running Title"/><OtherTag ID="BT842" LABEL="Numbering" DESCRIPTION="block type Numbering"/><OtherTag ID="BT843" LABEL="Entry" DESCRIPTION="block type Entry"/><OtherTag ID="BT844" LABEL="EntryEnd" DESCRIPTION="block type EntryEnd"/><OtherTag ID="BT845" LABEL="Figure" DESCRIPTION="block type Figure"/><OtherTag ID="BT846" LABEL="Stamp" DESCRIPTION="block type Stamp"/><OtherTag ID="BT847" LABEL="Margin" DESCRIPTION="block type Margin"/>
    <OtherTag ID="LT311" LABEL="Default" DESCRIPTION="line type Default"/>
  </Tags>
  
  <Layout>
    <Page WIDTH="1749"
          HEIGHT="2481"
          PHYSICAL_IMG_NR="51"
          ID="eSc_dummypage_">
      <PrintSpace HPOS="0"
                  VPOS="0"
                  WIDTH="1749"
                  HEIGHT="2481">
        
        <TextBlock HPOS="761"
                   VPOS="108"
                   WIDTH="237"
                   HEIGHT="54"
                   ID="eSc_textblock_1133c0b2"
                   TAGREFS="BT842">
          <Shape><Polygon POINTS="761 108 761 162 998 162 998 108"/></Shape>
          
          
          <TextLine ID="eSc_line_00b42d00"
                    TAGREFS="LT311"
                    BASELINE="781 146 978 148" 
                    HPOS="778"
                    VPOS="107"
                    WIDTH="198"
                    HEIGHT="45">
            <Shape><Polygon POINTS="780 128 780 119 838 121 852 107 906 107 919 119 976 121 974 144 916 144 908 152 778 142"/></Shape>
	    <String CONTENT="—54 —"
                    HPOS="778"
                    VPOS="107"
                    WIDTH="198"
                    HEIGHT="45"></String>
          </TextLine>

          
        </TextBlock>
        
        <TextBlock HPOS="219"
                   VPOS="196"
                   WIDTH="898"
                   HEIGHT="209"
                   ID="eSc_textblock_4a284dc0"
                   TAGREFS="BT843">
          <Shape><Polygon POINTS="219 196 219 405 1117 405 1117 196"/></Shape>
          
          
          <TextLine ID="eSc_line_a7435daf"
                    TAGREFS="LT311"
                    BASELINE="311 240 1075 240" 
                    HPOS="310"
                    VPOS="186"
                    WIDTH="764"
                    HEIGHT="62">
            <Shape><Polygon POINTS="310 223 310 186 341 186 349 194 382 186 401 196 478 196 488 186 542 186 552 196 575 186 608 196 668 196 701 186 712 196 734 196 745 186 782 186 792 196 813 196 823 186 894 186 904 196 927 196 950 186 962 196 995 196 1008 186 1028 194 1047 186 1074 196 1074 243 1061 248 821 239 608 248 310 241"/></Shape>
	    <String CONTENT="VOÏART (Mademoiselle Elisabeth)."
                    HPOS="310"
                    VPOS="186"
                    WIDTH="764"
                    HEIGHT="62"></String>
          </TextLine>

          
          
          <TextLine ID="eSc_line_98e4e9d0"
                    TAGREFS="LT311"
                    BASELINE="252 308 431 304 520 310 937 309" 
                    HPOS="248"
                    VPOS="256"
                    WIDTH="687"
                    HEIGHT="60">
            <Shape><Polygon POINTS="248 289 248 256 324 256 343 274 428 274 447 256 484 256 509 272 540 264 581 272 598 256 612 256 641 274 662 256 689 270 709 256 755 256 772 272 805 272 825 262 836 272 933 274 935 291 933 305 919 314 904 308 767 316 749 305 720 316 656 314 647 305 629 314 498 314 480 305 453 314 445 305 345 305 337 314 248 316"/></Shape>
	    <String CONTENT="588. — Portrait de l’auteur."
                    HPOS="248"
                    VPOS="256"
                    WIDTH="687"
                    HEIGHT="60"></String>
          </TextLine>

          
          
          <TextLine ID="eSc_line_a1287d69"
                    TAGREFS="LT311"
                    BASELINE="242 377 346 380 431 373 503 380 1064 383" 
                    HPOS="241"
                    VPOS="334"
                    WIDTH="823"
                    HEIGHT="57">
            <Shape><Polygon POINTS="242 366 242 334 297 334 324 361 369 361 379 355 435 359 459 336 482 336 492 345 502 345 511 336 528 336 537 345 550 347 564 339 601 352 616 337 649 337 666 348 707 345 724 362 834 363 911 363 928 347 1019 339 1049 351 1059 348 1064 372 1063 384 1053 385 966 385 961 380 955 385 895 391 833 387 824 380 815 390 794 390 788 384 651 387 641 380 624 388 606 379 593 387 463 387 448 377 326 377 317 387 274 380 241 385"/></Shape>
	    <String CONTENT="589. — Sainte-Famille; aquarelle."
                    HPOS="241"
                    VPOS="334"
                    WIDTH="823"
                    HEIGHT="57"></String>
          </TextLine>

          
        </TextBlock>
        
        <TextBlock HPOS="223"
                   VPOS="445"
                   WIDTH="1302"
                   HEIGHT="275"
                   ID="eSc_textblock_23eec2eb"
                   TAGREFS="BT843">
          <Shape><Polygon POINTS="223 445 223 720 1525 720 1525 445"/></Shape>
          
          
          <TextLine ID="eSc_line_1d6145c6"
                    TAGREFS="LT311"
                    BASELINE="316 487 1512 477" 
                    HPOS="312"
                    VPOS="430"
                    WIDTH="1196"
                    HEIGHT="78">
            <Shape><Polygon POINTS="312 469 314 436 362 446 403 438 413 448 430 440 492 450 507 436 540 436 554 448 575 446 587 434 647 434 674 444 705 434 720 448 753 448 767 434 792 432 815 446 945 446 958 434 987 434 1008 446 1055 438 1072 444 1119 430 1148 432 1165 444 1219 430 1254 430 1268 442 1310 432 1368 442 1413 442 1421 434 1467 442 1492 434 1506 442 1508 458 1506 492 1490 502 1409 502 1380 487 1349 487 1335 502 1208 504 1181 481 1144 504 1111 504 1090 489 1076 504 1028 506 1008 489 958 492 950 483 916 496 883 483 840 483 823 498 803 487 755 489 736 508 709 508 666 487 550 487 523 506 509 506 490 487 312 489"/></Shape>
	    <String CONTENT="VOLLON(Antoine), 14, rue Durantin (Montmartre)."
                    HPOS="312"
                    VPOS="430"
                    WIDTH="1196"
                    HEIGHT="78"></String>
          </TextLine>

          
          
          <TextLine ID="eSc_line_529630e5"
                    TAGREFS="LT311"
                    BASELINE="249 552 665 546" 
                    HPOS="246"
                    VPOS="502"
                    WIDTH="416"
                    HEIGHT="60">
            <Shape><Polygon POINTS="246 533 246 504 337 504 356 523 397 523 405 514 418 523 457 518 473 502 560 521 585 506 602 521 660 521 662 529 660 562 457 560 438 543 360 543 343 560 246 562"/></Shape>
	    <String CONTENT="590.  — Amazone"
                    HPOS="246"
                    VPOS="502"
                    WIDTH="416"
                    HEIGHT="60"></String>
          </TextLine>

          
          
          <TextLine ID="eSc_line_7a83fbd2"
                    TAGREFS="LT311"
                    BASELINE="235 627 860 628" 
                    HPOS="234"
                    VPOS="578"
                    WIDTH="626"
                    HEIGHT="57">
            <Shape><Polygon POINTS="235 616 235 592 249 580 321 580 339 598 446 598 464 580 486 580 499 592 510 588 520 596 536 595 551 584 568 594 593 594 608 578 623 578 649 596 667 578 685 578 710 595 729 578 765 578 790 598 809 578 830 578 849 598 860 598 859 625 848 634 833 628 802 634 793 628 769 635 728 635 718 625 707 634 663 634 644 625 634 634 547 635 495 634 486 625 474 635 455 625 351 625 342 635 249 635 234 628"/></Shape>
	    <String CONTENT="591. — Portrait de M. S."
                    HPOS="234"
                    VPOS="578"
                    WIDTH="626"
                    HEIGHT="57"></String>
          </TextLine>

          
          
          <TextLine ID="eSc_line_8aae3dce"
                    TAGREFS="LT311"
                    BASELINE="249 697 950 702" 
                    HPOS="248"
                    VPOS="650"
                    WIDTH="702"
                    HEIGHT="62">
            <Shape><Polygon POINTS="249 686 249 650 268 664 285 662 296 651 322 651 340 669 426 671 437 671 455 653 485 653 507 668 515 662 598 662 611 668 626 664 641 672 663 654 720 654 732 667 782 668 805 668 822 660 834 664 845 657 857 664 868 658 878 667 921 656 939 674 948 674 950 691 948 704 926 712 908 712 896 704 794 708 777 701 659 711 640 700 626 708 601 711 561 704 507 709 481 701 463 708 448 698 424 697 354 697 344 705 289 708 273 702 259 707 248 700"/></Shape>
	    <String CONTENT="592. — Paysage (Charenton)."
                    HPOS="248"
                    VPOS="650"
                    WIDTH="702"
                    HEIGHT="62"></String>
          </TextLine>

          
        </TextBlock>
        
        <TextBlock HPOS="223"
                   VPOS="757"
                   WIDTH="1326"
                   HEIGHT="417"
                   ID="eSc_textblock_035670bf"
                   TAGREFS="BT843">
          <Shape><Polygon POINTS="223 757 223 1174 1549 1174 1549 757"/></Shape>
          
          
          <TextLine ID="eSc_line_9e02f3fd"
                    TAGREFS="LT311"
                    BASELINE="310 803 1274 806 1522 799" 
                    HPOS="310"
                    VPOS="753"
                    WIDTH="1211"
                    HEIGHT="61">
            <Shape><Polygon POINTS="310 792 310 755 355 755 369 764 542 764 561 755 587 755 604 764 627 755 651 764 664 755 692 763 710 753 736 764 779 764 801 753 840 764 857 753 891 763 906 753 935 753 953 764 984 764 1001 753 1027 753 1041 763 1066 763 1080 753 1100 760 1124 753 1147 764 1336 760 1361 764 1376 753 1413 753 1424 762 1444 753 1496 753 1507 762 1520 753 1521 788 1518 809 1336 804 1292 807 1282 814 1262 814 1248 804 1226 814 1106 804 993 806 966 814 920 814 900 807 776 810 769 804 754 810 708 809 700 814 635 807 544 814 524 804 515 810 419 814 409 807 353 806 342 811 310 804"/></Shape>
	    <String CONTENT="WACQUEZ (Adolphe-André), Barbison, par Melun"
                    HPOS="310"
                    VPOS="753"
                    WIDTH="1211"
                    HEIGHT="61"></String>
          </TextLine>

          
          
          <TextLine ID="eSc_line_34b98f61"
                    TAGREFS="LT311"
                    BASELINE="358 865 763 875" 
                    HPOS="353"
                    VPOS="824"
                    WIDTH="408"
                    HEIGHT="67">
            <Shape><Polygon POINTS="356 847 364 827 548 837 560 824 571 833 598 824 649 837 745 829 761 841 761 858 759 880 736 891 724 880 683 891 658 878 525 882 505 874 442 884 353 876"/></Shape>
	    <String CONTENT="(Seine-et-Marne)."
                    HPOS="353"
                    VPOS="824"
                    WIDTH="408"
                    HEIGHT="67"></String>
          </TextLine>

          
          
          <TextLine ID="eSc_line_e66aa51a"
                    TAGREFS="LT311"
                    BASELINE="241 945 964 941" 
                    HPOS="238"
                    VPOS="895"
                    WIDTH="722"
                    HEIGHT="70">
            <Shape><Polygon POINTS="238 928 238 911 262 895 349 895 372 915 447 915 465 897 492 915 525 915 554 897 571 913 594 911 606 897 645 913 664 903 726 903 740 913 757 897 796 913 823 905 846 913 883 899 892 907 958 913 960 953 925 955 914 965 879 955 821 955 813 963 792 957 784 965 709 965 701 957 691 965 620 965 600 953 536 955 527 946 519 955 463 955 449 940 360 940 347 953 258 953 238 940"/></Shape>
	    <String CONTENT="593.  — La forêt par la neige."
                    HPOS="238"
                    VPOS="895"
                    WIDTH="722"
                    HEIGHT="70"></String>
          </TextLine>

          
          
          <TextLine ID="eSc_line_4da9850d"
                    TAGREFS="LT311"
                    BASELINE="255 1014 1512 1014" 
                    HPOS="254"
                    VPOS="971"
                    WIDTH="1256"
                    HEIGHT="68">
            <Shape><Polygon POINTS="254 996 254 971 324 971 339 986 451 986 465 971 488 971 498 982 531 971 544 984 571 971 585 986 616 971 662 986 695 986 709 971 726 971 740 986 751 977 763 986 774 977 788 986 803 977 838 986 914 977 927 986 941 971 979 982 1090 982 1132 971 1146 986 1167 971 1214 986 1235 971 1510 979 1510 1033 1500 1039 1434 1039 1415 1027 1349 1035 1335 1025 1318 1039 1250 1039 1241 1031 1233 1039 1165 1039 1146 1023 1130 1039 1090 1039 1078 1027 1047 1035 1032 1021 968 1027 935 1017 912 1027 840 1017 829 1027 769 1031 693 1027 670 1017 660 1027 610 1023 594 1039 542 1039 517 1025 465 1027 455 1017 254 1025"/></Shape>
	    <String CONTENT="594. — Relai de chasse au bouquet de l’Empereur;"
                    HPOS="254"
                    VPOS="971"
                    WIDTH="1256"
                    HEIGHT="68"></String>
          </TextLine>

          
          
          <TextLine ID="eSc_line_ba04ae72"
                    TAGREFS="LT311"
                    BASELINE="514 1088 1061 1092" 
                    HPOS="511"
                    VPOS="1039"
                    WIDTH="548"
                    HEIGHT="58">
            <Shape><Polygon POINTS="513 1070 513 1052 529 1042 550 1054 581 1054 596 1039 618 1039 639 1054 656 1039 678 1054 747 1042 767 1054 815 1048 823 1056 848 1042 887 1054 900 1042 960 1042 991 1054 1032 1048 1057 1056 1059 1075 1057 1097 511 1091"/></Shape>
	    <String CONTENT="forêt de Fontainebleau."
                    HPOS="511"
                    VPOS="1039"
                    WIDTH="548"
                    HEIGHT="58"></String>
          </TextLine>

          
          
          <TextLine ID="eSc_line_21d1b72c"
                    TAGREFS="LT311"
                    BASELINE="238 1164 1520 1157" 
                    HPOS="237"
                    VPOS="1112"
                    WIDTH="1281"
                    HEIGHT="65">
            <Shape><Polygon POINTS="237 1153 237 1131 267 1117 329 1117 350 1131 453 1131 474 1117 493 1116 508 1116 521 1124 543 1116 576 1130 638 1130 673 1116 685 1116 707 1128 728 1116 746 1116 766 1128 797 1128 852 1115 875 1128 906 1128 928 1115 951 1127 971 1115 1015 1113 1046 1127 1056 1121 1132 1123 1161 1113 1175 1123 1198 1127 1222 1113 1244 1124 1264 1124 1288 1112 1307 1124 1357 1126 1379 1112 1406 1116 1419 1124 1442 1112 1473 1126 1517 1124 1518 1146 1517 1163 1478 1170 1440 1170 1428 1163 1405 1170 1369 1161 1347 1168 1274 1166 1257 1171 1249 1166 1206 1170 1197 1164 1154 1171 1129 1166 1082 1171 906 1171 895 1164 885 1170 666 1167 642 1174 611 1174 602 1168 475 1172 464 1167 351 1167 321 1172 248 1168 237 1177"/></Shape>
	    <String CONTENT="598. — Chêne pris dans la vieille partie du bas Bréau."
                    HPOS="237"
                    VPOS="1112"
                    WIDTH="1281"
                    HEIGHT="65"></String>
          </TextLine>

          
        </TextBlock>
        
        <TextBlock HPOS="219"
                   VPOS="1208"
                   WIDTH="1342"
                   HEIGHT="161"
                   ID="eSc_textblock_8f3f6818"
                   TAGREFS="BT843">
          <Shape><Polygon POINTS="219 1228 219 1369 1559 1369 1561 1208"/></Shape>
          
          
          <TextLine ID="eSc_line_12d46ce0"
                    TAGREFS="LT311"
                    BASELINE="299 1268 1518 1265" 
                    HPOS="297"
                    VPOS="1218"
                    WIDTH="1220"
                    HEIGHT="59">
            <Shape><Polygon POINTS="297 1257 297 1232 328 1219 364 1219 380 1230 539 1230 557 1219 648 1230 674 1230 693 1219 706 1219 721 1230 748 1230 780 1219 801 1230 857 1230 874 1219 908 1218 925 1229 943 1218 976 1218 1000 1229 1028 1226 1041 1218 1088 1229 1106 1229 1122 1218 1136 1218 1153 1229 1257 1229 1277 1218 1308 1218 1320 1225 1329 1218 1437 1218 1451 1228 1467 1228 1504 1218 1515 1225 1517 1274 1504 1269 1444 1269 1435 1274 1424 1269 1405 1274 1393 1269 1364 1274 1346 1269 1333 1274 1274 1274 1260 1269 1248 1274 1171 1270 1137 1276 1114 1269 1103 1276 1048 1276 1026 1269 928 1269 906 1274 747 1272 739 1277 688 1277 576 1272 529 1277 521 1272 297 1270"/></Shape>
	    <String CONTENT="WHISLER (James), chez M. Hardy, 1, rue Childebert,"
                    HPOS="297"
                    VPOS="1218"
                    WIDTH="1220"
                    HEIGHT="59"></String>
          </TextLine>

          
          
          <TextLine ID="eSc_line_bba78ca3"
                    TAGREFS="LT311"
                    BASELINE="255 1339 822 1339" 
                    HPOS="255"
                    VPOS="1292"
                    WIDTH="567"
                    HEIGHT="57">
            <Shape><Polygon POINTS="255 1328 255 1292 303 1292 311 1301 329 1292 350 1313 451 1313 471 1292 495 1292 508 1305 522 1308 568 1308 583 1301 595 1313 616 1292 663 1292 671 1301 711 1301 718 1308 743 1292 758 1292 771 1305 788 1299 802 1313 822 1313 822 1339 812 1346 617 1346 611 1339 597 1339 587 1349 504 1346 499 1341 480 1348 457 1339 361 1339 354 1346 325 1349 255 1346"/></Shape>
	    <String CONTENT="596. — Dame blanche."
                    HPOS="255"
                    VPOS="1292"
                    WIDTH="567"
                    HEIGHT="57"></String>
          </TextLine>

          
        </TextBlock>
        
        <TextBlock HPOS="227"
                   VPOS="1403"
                   WIDTH="1279"
                   HEIGHT="269"
                   ID="eSc_textblock_9997ed89"
                   TAGREFS="BT843">
          <Shape><Polygon POINTS="227 1403 227 1672 1506 1672 1506 1403"/></Shape>
          
          
          <TextLine ID="eSc_line_1e00eb3b"
                    TAGREFS="LT311"
                    BASELINE="304 1443 1317 1440" 
                    HPOS="303"
                    VPOS="1392"
                    WIDTH="1012"
                    HEIGHT="60">
            <Shape><Polygon POINTS="303 1432 303 1403 314 1393 350 1394 369 1405 481 1405 496 1393 555 1393 579 1404 600 1403 619 1393 633 1404 646 1405 667 1393 691 1393 706 1405 717 1405 739 1393 780 1393 808 1405 911 1404 926 1392 948 1392 972 1403 988 1392 1009 1404 1033 1403 1046 1392 1071 1392 1086 1404 1155 1404 1171 1392 1191 1392 1206 1404 1314 1404 1315 1429 1314 1443 1302 1443 1292 1451 1263 1451 1248 1443 1230 1443 1222 1450 1200 1443 1155 1443 1146 1451 1106 1445 1062 1450 1004 1444 968 1448 961 1443 948 1448 926 1443 900 1448 816 1444 808 1452 768 1444 757 1450 721 1447 713 1452 617 1447 573 1451 531 1444 515 1452 493 1452 482 1444 453 1450 303 1445"/></Shape>
	    <String CONTENT="XYDIAS (Nicolas), 22, rue Boissière, Passy."
                    HPOS="303"
                    VPOS="1392"
                    WIDTH="1012"
                    HEIGHT="60"></String>
          </TextLine>

          
          
          <TextLine ID="eSc_line_be854721"
                    TAGREFS="LT311"
                    BASELINE="257 1513 1491 1512" 
                    HPOS="256"
                    VPOS="1463"
                    WIDTH="1234"
                    HEIGHT="62">
            <Shape><Polygon POINTS="256 1494 258 1465 341 1467 353 1480 467 1480 484 1465 589 1465 616 1474 631 1463 678 1463 707 1480 974 1480 1128 1476 1140 1463 1194 1463 1204 1474 1266 1480 1306 1474 1316 1463 1335 1463 1345 1474 1368 1474 1378 1463 1434 1463 1459 1480 1490 1480 1490 1511 1477 1515 1314 1513 1297 1525 1275 1525 1260 1511 1212 1523 1179 1517 1090 1525 976 1523 966 1513 954 1525 784 1523 772 1513 755 1525 722 1525 712 1515 691 1523 484 1523 471 1511 337 1511 324 1523 256 1523"/></Shape>
	    <String CONTENT="597. — Célébrités grecques, composition grisaille."
                    HPOS="256"
                    VPOS="1463"
                    WIDTH="1234"
                    HEIGHT="62"></String>
          </TextLine>

          
          
          <TextLine ID="eSc_line_d09e90c1"
                    TAGREFS="LT311"
                    BASELINE="257 1585 911 1582" 
                    HPOS="256"
                    VPOS="1536"
                    WIDTH="654"
                    HEIGHT="60">
            <Shape><Polygon POINTS="256 1574 257 1538 331 1538 351 1557 468 1557 491 1538 533 1549 550 1549 560 1539 579 1547 657 1545 678 1556 699 1536 790 1536 806 1549 852 1546 866 1553 882 1547 893 1556 908 1556 910 1593 827 1589 794 1594 782 1586 768 1593 697 1593 684 1580 673 1580 651 1596 576 1594 561 1586 551 1593 489 1594 477 1582 433 1587 342 1582 331 1593 264 1593 256 1585"/></Shape>
	    <String CONTENT="598. — Costume d’Albano."
                    HPOS="256"
                    VPOS="1536"
                    WIDTH="654"
                    HEIGHT="60"></String>
          </TextLine>

          
          
          <TextLine ID="eSc_line_ae537e6d"
                    TAGREFS="LT311"
                    BASELINE="263 1655 880 1658" 
                    HPOS="262"
                    VPOS="1608"
                    WIDTH="618"
                    HEIGHT="59">
            <Shape><Polygon POINTS="263 1644 263 1611 331 1611 348 1627 462 1627 480 1609 508 1611 517 1619 548 1619 569 1609 584 1620 609 1620 622 1608 633 1608 668 1629 689 1608 731 1625 748 1608 786 1608 812 1629 833 1608 852 1608 878 1629 880 1647 878 1667 823 1665 813 1655 804 1665 754 1665 735 1655 724 1666 678 1666 663 1655 652 1666 572 1666 554 1660 477 1666 452 1654 342 1654 329 1666 262 1665"/></Shape>
	    <String CONTENT="599. — Portrait de M. S."
                    HPOS="262"
                    VPOS="1608"
                    WIDTH="618"
                    HEIGHT="59"></String>
          </TextLine>

          
        </TextBlock>
        
        <TextBlock HPOS="239"
                   VPOS="1708"
                   WIDTH="1296"
                   HEIGHT="478"
                   ID="eSc_textblock_7d40b3ce"
                   TAGREFS="BT843">
          <Shape><Polygon POINTS="239 1708 239 2186 1535 2186 1535 1708"/></Shape>
          
          
          <TextLine ID="eSc_line_6354535a"
                    TAGREFS="LT311"
                    BASELINE="314 1753 622 1757 1524 1747" 
                    HPOS="314"
                    VPOS="1698"
                    WIDTH="1208"
                    HEIGHT="69">
            <Shape><Polygon POINTS="314 1742 314 1711 322 1706 438 1720 464 1704 547 1714 564 1703 586 1703 611 1718 633 1718 655 1702 693 1702 721 1714 783 1717 805 1702 822 1700 838 1711 857 1714 878 1700 917 1700 939 1716 961 1700 988 1699 1012 1714 1035 1713 1056 1699 1075 1709 1106 1699 1126 1711 1144 1699 1157 1699 1176 1713 1240 1713 1259 1699 1288 1713 1354 1711 1375 1698 1401 1698 1423 1711 1521 1706 1522 1736 1522 1754 1488 1755 1474 1750 1451 1758 1365 1755 1355 1750 1322 1760 1238 1760 1228 1753 1208 1753 1198 1760 1164 1754 1151 1761 1126 1761 1120 1755 1093 1761 1070 1753 1059 1761 1000 1761 990 1755 972 1762 957 1754 931 1754 915 1762 855 1754 845 1761 826 1757 819 1762 791 1755 764 1761 739 1755 715 1762 638 1757 627 1765 573 1765 562 1757 525 1762 485 1760 475 1767 453 1767 441 1758 314 1758"/></Shape>
	    <String CONTENT="ZINK (René), élève de M. Paul Delaroche, 14, rue"
                    HPOS="314"
                    VPOS="1698"
                    WIDTH="1208"
                    HEIGHT="69"></String>
          </TextLine>

          
          
          <TextLine ID="eSc_line_2d95c791"
                    TAGREFS="LT311"
                    BASELINE="362 1823 1035 1823" 
                    HPOS="362"
                    VPOS="1776"
                    WIDTH="673"
                    HEIGHT="59">
            <Shape><Polygon POINTS="362 1812 362 1790 372 1790 383 1779 404 1779 415 1789 433 1779 445 1779 455 1789 471 1789 480 1780 495 1789 518 1789 539 1776 593 1776 606 1789 631 1789 655 1776 671 1789 695 1789 704 1779 721 1778 743 1790 765 1790 779 1776 787 1776 800 1789 831 1790 851 1776 873 1776 899 1789 957 1789 973 1776 987 1776 998 1787 1035 1790 1035 1829 1030 1834 1019 1829 972 1835 906 1834 899 1829 892 1834 855 1834 849 1829 816 1834 794 1829 787 1834 768 1834 762 1829 748 1834 713 1834 706 1829 693 1834 376 1834 362 1829"/></Shape>
	    <String CONTENT="Sainte-Elisabeth du Temple."
                    HPOS="362"
                    VPOS="1776"
                    WIDTH="673"
                    HEIGHT="59"></String>
          </TextLine>

          
          
          <TextLine ID="eSc_line_83dc1d68"
                    TAGREFS="LT311"
                    BASELINE="266 1897 794 1897" 
                    HPOS="266"
                    VPOS="1853"
                    WIDTH="528"
                    HEIGHT="54">
            <Shape><Polygon POINTS="266 1886 266 1859 271 1853 343 1853 361 1871 473 1871 491 1853 520 1853 526 1860 677 1859 691 1864 769 1859 784 1871 794 1871 790 1906 753 1906 747 1900 740 1906 624 1906 619 1900 613 1906 488 1906 478 1896 373 1896 362 1907 347 1902 271 1906 266 1900"/></Shape>
	    <String CONTENT="600. — CINCINNATUS."
                    HPOS="266"
                    VPOS="1853"
                    WIDTH="528"
                    HEIGHT="54"></String>
          </TextLine>

          
          
          <TextLine ID="eSc_line_a1b0bf25"
                    TAGREFS="LT311"
                    BASELINE="275 1994 358 1986 555 1983 1526 1976" 
                    HPOS="274"
                    VPOS="1933"
                    WIDTH="1251"
                    HEIGHT="61">
            <Shape><Polygon POINTS="274 1983 274 1954 353 1954 369 1943 405 1954 445 1946 493 1946 502 1951 515 1942 558 1942 587 1951 617 1940 674 1950 717 1940 729 1948 771 1951 828 1946 840 1939 867 1948 881 1939 931 1939 946 1948 1080 1948 1096 1937 1124 1948 1222 1947 1242 1936 1274 1942 1304 1935 1326 1946 1364 1944 1376 1936 1397 1946 1446 1937 1467 1946 1484 1933 1524 1933 1525 1965 1525 1984 1477 1984 1468 1979 1451 1986 1337 1982 1277 1987 853 1983 768 1984 757 1991 674 1984 653 1991 619 1986 605 1993 582 1987 529 1993 520 1986 500 1986 486 1993 444 1994 422 1994 411 1987 395 1994 274 1988"/></Shape>
	    <String CONTENT="(Dès que Cincinnatus eut été nommé consul, le sénat dé"
                    HPOS="274"
                    VPOS="1933"
                    WIDTH="1251"
                    HEIGHT="61"></String>
          </TextLine>

          
          
          <TextLine ID="eSc_line_9e9e77b7"
                    TAGREFS="LT311"
                    BASELINE="273 2050 1532 2044" 
                    HPOS="271"
                    VPOS="2004"
                    WIDTH="1260"
                    HEIGHT="57">
            <Shape><Polygon POINTS="271 2039 273 2017 296 2017 306 2010 329 2017 342 2009 366 2017 499 2017 524 2008 542 2016 554 2008 572 2008 586 2016 674 2016 700 2008 755 2008 775 2016 795 2006 884 2015 910 2006 932 2015 1002 2013 1028 2005 1056 2013 1162 2012 1173 2005 1194 2005 1205 2012 1278 2013 1391 2010 1404 2004 1427 2012 1485 2012 1499 2004 1515 2004 1529 2012 1531 2033 1526 2052 1485 2046 1302 2048 1277 2056 1249 2056 1240 2049 1108 2048 1088 2056 1064 2056 1052 2048 1031 2048 918 2049 903 2055 874 2049 859 2056 820 2050 812 2056 772 2057 718 2057 693 2050 667 2059 513 2057 503 2052 491 2057 415 2057 402 2052 271 2061"/></Shape>
	    <String CONTENT="pêcha vers lui pour l’inviter à venir prendre possession de"
                    HPOS="271"
                    VPOS="2004"
                    WIDTH="1260"
                    HEIGHT="57"></String>
          </TextLine>

          
          
          <TextLine ID="eSc_line_d6f2850d"
                    TAGREFS="LT311"
                    BASELINE="263 2117 342 2122 497 2117 1525 2114" 
                    HPOS="263"
                    VPOS="2071"
                    WIDTH="1261"
                    HEIGHT="54">
            <Shape><Polygon POINTS="263 2106 263 2079 271 2074 295 2082 404 2082 419 2074 438 2081 459 2074 471 2082 503 2082 513 2075 526 2082 623 2082 635 2074 656 2074 677 2082 691 2074 707 2074 720 2082 744 2073 761 2073 775 2081 788 2081 801 2073 824 2073 837 2081 920 2081 933 2074 953 2081 969 2075 1000 2081 1024 2073 1049 2078 1057 2073 1146 2073 1161 2081 1186 2074 1353 2074 1369 2079 1384 2071 1412 2071 1422 2077 1522 2079 1524 2103 1524 2122 1480 2122 1467 2115 1395 2115 1387 2121 1377 2115 1314 2121 1275 2115 1267 2121 1234 2117 1171 2122 1097 2122 1089 2117 1056 2122 1042 2117 1022 2124 921 2117 721 2122 619 2118 606 2124 492 2124 482 2118 427 2125 322 2118 303 2125 263 2121"/></Shape>
	    <String CONTENT="la magistrature. Il était alors occupé à labourer son champ."
                    HPOS="263"
                    VPOS="2071"
                    WIDTH="1261"
                    HEIGHT="54"></String>
          </TextLine>

          
          
          <TextLine ID="eSc_line_602d2ad0"
                    TAGREFS="LT311"
                    BASELINE="271 2181 1531 2175" 
                    HPOS="270"
                    VPOS="2135"
                    WIDTH="1259"
                    HEIGHT="57">
            <Shape><Polygon POINTS="270 2170 271 2140 300 2140 317 2151 369 2146 393 2150 408 2140 433 2148 456 2140 497 2148 525 2139 605 2139 620 2148 657 2148 685 2139 706 2148 762 2148 777 2137 817 2148 835 2147 852 2137 900 2148 1024 2148 1059 2136 1102 2136 1132 2147 1157 2147 1172 2137 1188 2147 1253 2137 1277 2147 1335 2146 1346 2139 1358 2146 1397 2146 1413 2135 1474 2144 1520 2135 1528 2140 1529 2163 1528 2181 1510 2187 1409 2187 1400 2181 1303 2187 1291 2181 1277 2187 1186 2183 1173 2188 1028 2183 1020 2190 773 2184 522 2186 480 2192 404 2192 395 2187 326 2192 311 2187 303 2192 270 2192"/></Shape>
	    <String CONTENT="il conduisait lui-même la charrue, n’étant vêtu que depuis"
                    HPOS="270"
                    VPOS="2135"
                    WIDTH="1259"
                    HEIGHT="57"></String>
          </TextLine>

          
        </TextBlock>
        
        <TextBlock HPOS="174"
                   VPOS="182"
                   WIDTH="1398"
                   HEIGHT="2060"
                   ID="eSc_textblock_8a3b171a"
                   TAGREFS="BT840">
          <Shape><Polygon POINTS="174 182 174 2242 1572 2242 1572 182"/></Shape>
          
        </TextBlock>
        

        
      </PrintSpace>
    </Page>
  </Layout>
</alto>
