1749 2481
784 101 201 45 — 60  —

256 179 882 62 638. — Le Chasseur gaulois; plâtre.

300 292 1221 45 (Ces deux statues ont été commandées en pierre par le

262 351 1259 56 ministère d’Etat pour la décoration de la cour du manége,

256 421 251 53 au Louvre.)

300 529 1224 56 LEBOURG (Louis-Guillaume), né à Villebon (Seine-et

355 605 1170 56 Oise), dessinateur, modeleur, repousseur, élève

351 675 919 56 de M. Dessandre, 53, rue de Chaillot.

254 742 1283 68 639. — Cadre de Louis XIV et portrait de M. J.B.,

521 818 1006 62 d’après une photographie de Tournachon;

527 895 379 60 argent repoussé.

280 1004 1244 60 LE CLERC (Alexandre-Joseph-Hippolyte), 9, rue de

353 1079 1175 55 Chateaubriand, élève de David d’Angers et Tamin.

256 1150 579 57 640. — Buste; marbre.

310 1258 1212 59 LEVÉ (Charles), élève de Pomateau, 49, rue Blomet,

362 1331 260 61 Vaugirard.

255 1403 1111 60 641. — Couple de moineaux, groupe marbre.

255 1477 674 54 642. — Perruche; marbre.

256 1549 957 56 643. — Moineau et couleuvre; marbre.

302 1651 1208 67 MATABON (Charles), né à Lyon, élève de Carlo Bal

354 1729 839 58 dieri, de Venise 3, rue Montholon.

257 1800 1271 59 644. — Portrait de M. de Heussey; médaillon bronze.

259 1873 1128 58 645. — Portrait de M. J. S. de G., buste plâtre.

303 1980 1228 61 MICHEL (Alfred), élève de Cavelier, 11, cité Fénelon.

263 2056 1210 81 646. — Portrait de madame Coëffier; buste plâtre.

262 2119 1273 70 647. — Portrait de mademoiselle C. B.; buste plâtre.
