1749 2481
296 795 337 51 BRACQUEMOND.

240 860 1287 62 657. — Le portrait d’Erasme, d’après Holbein, eau

491 935 1049 56 forte commandée par le ministère d’Etat.

238 1006 1275 73 658. — Le tournoi d’après Rubens. Eau, forte com¬

493 1068 1027 66 mandée par l’Administration des musées

500 1149 491 62 pour la calcographie.

285 1240 964 61 BELLOGUET (A.), 5, rue du Pont-de-Lodi.

240 1313 1278 58 659. — La laveuse, le mendiant, les vagabonds.

507 1386 1022 57 Même cadre tiré des œuvres de Savinien

500 1454 731 60 Lapointe. (Voir à la peinture).

288 1542 1214 69 BUZELIN (Jean-Jacques), élève de M. Le Bas, né à la

346 1614 1167 60 Chapelle-Saint-Denis, rue du Faubourg Saint-

342 1685 307 59 Martin, 188.

241 1757 1270 59 660. — Projet d’un groupe scholaire laïque, et asile

515 1825 660 68 pour 350 enfants, 6 feuilles.

291 1917 1233 63 CHAUVEL (Théophile), élève de MM. Picot, Bellet et

340 1993 968 62 Aligny, place de l’Arc-de-Triomphe, 10.

244 2064 682 60 661. — Solitude, Eau forte.

250 2135 1027 81 662. — Passage de la Termoise. Eau forte.

693 543 354 97 GRAVURES
