1749 2481
778 117 186 38 — 64  —

289 197 1233 59 DESBROSSES (Léopold), élève de MM. Paul Delaroche

337 266 962 63 et Corot, rue d’Amboise (Montrouge), 2.

237 340 1284 61 663. — Waterloo, Episode du chemin creux d’Ohain.

486 417 268 54 Eau forte.

284 515 1233 57 (" L'instant fut épouvantable, Le ravin était la, inattendu,

233 585 1287 51 béant, à pie sous les pieds des chevaux, profond de deux

233 653 1284 48 toises entre son double talus, Le second rang y poussa le

241 716 1273 57 premier, et le troisième y poussa le second; les chevaux se

233 784 1284 54 dressaient, se rejetaient en arrière, tombaient sur la croupe,

238 850 1282 52 glissaient les quatre pieds en l’air, pilant et bouleversant

228 916 1290 48 les cavaliers..., et quand cette fosse fut pleine d’hommes

241 981 1287 54 vivants, on marcha dessus, et le reste passa, » (Voir à la

242 1047 213 57 peinture.).

285 1149 767 57 GAUTIER (Amand), rue d’Isly, 8.

234 1218 1284 59 664. — Les folles- de la Salpétrière, d’après le tableau

492 1295 302 51 de l’auteur.

237 1361 1289 62 668. — Les bords de l’Oise, d’après Daubigny, (Voir à

507 1437 302 57 la peinture.)

244 1536 1304 60 666. — Croquis à l’eau forte, Un cadre. (Voir à la

517 1608 228 62 peinture.).

296 1709 1061 60 GILBERT (Achille), rue des Grands-Degrés, 4.

245 1780 967 61 667. — La fortune. (Voir à la peinture.).

292 1889 1139 61 GREUX (Gustave-Marie), rue de la Pépinière, 75.

244 1961 986 59 668. — Cerf à l’eau, d’après M. Combet.

245 2035 1272 57 669. — Bord du Danube, d’après M. de Tournemine.

300 2139 1211 56 KELLER (mademoiselle D. Gabrielle), élève de ma
