<?xml version="1.0" encoding="UTF-8"?>
<alto xmlns:xsi="http://www.w3.org/2001/XMLSchema-instance"
      xmlns="http://www.loc.gov/standards/alto/ns-v4#"
      xsi:schemaLocation="http://www.loc.gov/standards/alto/ns-v4# http://www.loc.gov/standards/alto/v4/alto-4-2.xsd">
  <Description>
    <MeasurementUnit>pixel</MeasurementUnit>
    <sourceImageInformation>
      <fileName>72_353e6_default.jpg</fileName>
      <fileIdentifier>https://gallica.bnf.fr/iiif/ark:/12148/bpt6k114147v/f73/full/full/0/default.jpg</fileIdentifier>
    </sourceImageInformation>
  </Description>
  
  <Tags>
    <OtherTag ID="BT839" LABEL="Title" DESCRIPTION="block type Title"/><OtherTag ID="BT840" LABEL="Main" DESCRIPTION="block type Main"/><OtherTag ID="BT841" LABEL="Running Title" DESCRIPTION="block type Running Title"/><OtherTag ID="BT842" LABEL="Numbering" DESCRIPTION="block type Numbering"/><OtherTag ID="BT843" LABEL="Entry" DESCRIPTION="block type Entry"/><OtherTag ID="BT844" LABEL="EntryEnd" DESCRIPTION="block type EntryEnd"/><OtherTag ID="BT845" LABEL="Figure" DESCRIPTION="block type Figure"/><OtherTag ID="BT846" LABEL="Stamp" DESCRIPTION="block type Stamp"/><OtherTag ID="BT847" LABEL="Margin" DESCRIPTION="block type Margin"/>
    <OtherTag ID="LT311" LABEL="Default" DESCRIPTION="line type Default"/>
  </Tags>
  
  <Layout>
    <Page WIDTH="1749"
          HEIGHT="2481"
          PHYSICAL_IMG_NR="61"
          ID="eSc_dummypage_">
      <PrintSpace HPOS="0"
                  VPOS="0"
                  WIDTH="1749"
                  HEIGHT="2481">
        
        <TextBlock HPOS="786"
                   VPOS="97"
                   WIDTH="227"
                   HEIGHT="62"
                   ID="eSc_textblock_8d026256"
                   TAGREFS="BT842">
          <Shape><Polygon POINTS="786 97 786 159 1013 159 1013 97"/></Shape>
          
          
          <TextLine ID="eSc_line_22e3fee3"
                    TAGREFS="LT311"
                    BASELINE="797 137 1005 137" 
                    HPOS="796"
                    VPOS="99"
                    WIDTH="207"
                    HEIGHT="39">
            <Shape><Polygon POINTS="796 119 796 99 823 113 863 113 877 99 929 99 943 113 1003 113 950 119 931 138 879 138 861 119 796 119"/></Shape>
	    <String CONTENT="— 63 —"
                    HPOS="796"
                    VPOS="99"
                    WIDTH="207"
                    HEIGHT="39"></String>
          </TextLine>

          
        </TextBlock>
        
        <TextBlock HPOS="265"
                   VPOS="184"
                   WIDTH="1295"
                   HEIGHT="348"
                   ID="eSc_textblock_9ad00f0d"
                   TAGREFS="BT844">
          <Shape><Polygon POINTS="265 184 265 532 1554 532 1560 184"/></Shape>
          
          
          <TextLine ID="eSc_line_c87cb8a4"
                    TAGREFS="LT311"
                    BASELINE="375 235 1543 226" 
                    HPOS="372"
                    VPOS="177"
                    WIDTH="1167"
                    HEIGHT="64">
            <Shape><Polygon POINTS="372 217 380 184 471 194 511 184 536 196 589 184 627 196 639 184 664 181 676 192 749 194 761 181 794 181 809 194 846 194 871 181 883 194 954 194 1016 181 1045 192 1057 179 1107 192 1132 179 1173 179 1200 192 1212 179 1246 190 1287 190 1299 177 1316 177 1328 190 1374 190 1384 181 1434 190 1446 177 1484 177 1496 190 1537 190 1539 208 1531 235 1455 235 1446 227 1424 235 966 229 372 241"/></Shape>
	    <String CONTENT="demoiselle Rosa Bonheur et de M. Sonlange Tes"
                    HPOS="372"
                    VPOS="177"
                    WIDTH="1167"
                    HEIGHT="64"></String>
          </TextLine>

          
          
          <TextLine ID="eSc_line_0b744e25"
                    TAGREFS="LT311"
                    BASELINE="357 307 1197 301" 
                    HPOS="355"
                    VPOS="257"
                    WIDTH="843"
                    HEIGHT="55">
            <Shape><Polygon POINTS="355 296 355 267 390 267 400 257 416 267 502 267 508 260 521 264 542 259 555 267 671 266 705 263 1198 260 1195 290 1194 297 1166 297 1157 307 1104 308 928 307 920 299 895 308 811 308 795 299 784 310 769 300 753 300 742 311 717 305 693 311 674 300 663 311 590 311 579 300 566 300 550 301 539 312 504 312 493 301 457 301 446 312 377 312 366 303 355 303"/></Shape>
	    <String CONTENT="sier, 15, rue du Vieux-Colombier."
                    HPOS="355"
                    VPOS="257"
                    WIDTH="843"
                    HEIGHT="55"></String>
          </TextLine>

          
          
          <TextLine ID="eSc_line_884658d5"
                    TAGREFS="LT311"
                    BASELINE="270 379 1401 374" 
                    HPOS="268"
                    VPOS="328"
                    WIDTH="1132"
                    HEIGHT="57">
            <Shape><Polygon POINTS="268 368 270 330 340 330 361 345 460 345 481 330 537 336 547 332 588 345 612 330 664 344 695 329 708 330 724 341 788 339 813 329 834 344 846 344 867 329 899 329 924 341 966 340 986 329 1017 340 1033 328 1074 328 1096 339 1151 340 1171 328 1197 328 1217 340 1242 340 1262 328 1282 328 1300 340 1398 341 1400 363 1400 372 1384 380 1369 374 1331 381 1219 381 1205 376 1172 379 1164 373 1148 379 1073 380 1026 373 998 384 980 384 972 377 950 384 914 384 891 374 882 380 851 376 840 384 811 384 801 377 783 384 769 374 754 374 742 384 673 384 657 374 645 385 600 385 586 376 571 385 488 385 475 376 369 376 358 384 268 385"/></Shape>
	    <String CONTENT="670. — Tête de cheval, d’après Rosa Bonheur."
                    HPOS="268"
                    VPOS="328"
                    WIDTH="1132"
                    HEIGHT="57"></String>
          </TextLine>

          
          
          <TextLine ID="eSc_line_fef11868"
                    TAGREFS="LT311"
                    BASELINE="267 452 1250 441" 
                    HPOS="262"
                    VPOS="399"
                    WIDTH="984"
                    HEIGHT="62">
            <Shape><Polygon POINTS="262 434 264 405 341 405 358 421 455 421 476 403 629 419 654 409 703 411 714 401 747 401 776 415 817 401 834 417 848 417 871 399 952 415 989 401 1032 415 1047 399 1070 399 1080 409 1113 399 1125 409 1163 403 1173 411 1214 401 1227 413 1243 411 1246 423 1237 452 1186 454 1047 456 1034 446 1024 456 904 456 896 448 865 456 854 446 844 458 633 458 625 450 585 461 473 450 262 456"/></Shape>
	    <String CONTENT="671. — Jeune cardinal, d’après Sainted."
                    HPOS="262"
                    VPOS="399"
                    WIDTH="984"
                    HEIGHT="62"></String>
          </TextLine>

          
          
          <TextLine ID="eSc_line_61e21a50"
                    TAGREFS="LT311"
                    BASELINE="273 525 1514 522" 
                    HPOS="271"
                    VPOS="475"
                    WIDTH="1242"
                    HEIGHT="59">
            <Shape><Polygon POINTS="271 514 273 476 336 476 360 490 459 490 480 476 493 476 514 490 583 490 630 476 663 490 674 483 692 490 713 476 765 476 806 490 844 476 864 490 874 483 897 482 918 489 939 482 1038 483 1056 475 1108 489 1126 489 1147 475 1180 475 1204 486 1251 483 1263 475 1304 486 1325 475 1348 475 1366 485 1382 475 1412 485 1437 475 1464 486 1489 475 1511 489 1513 511 1511 530 1320 530 1310 525 1302 530 1200 533 1175 523 1162 529 1136 523 1121 533 1074 526 1045 533 966 527 931 533 921 526 880 530 871 525 852 530 817 530 808 525 787 530 609 527 587 534 546 534 535 527 481 532 464 525 271 530"/></Shape>
	    <String CONTENT="672. — La petite fille et sa poupée, d’après Sainted."
                    HPOS="271"
                    VPOS="475"
                    WIDTH="1242"
                    HEIGHT="59"></String>
          </TextLine>

          
        </TextBlock>
        
        <TextBlock HPOS="238"
                   VPOS="596"
                   WIDTH="1336"
                   HEIGHT="288"
                   ID="eSc_textblock_c62b6f4a"
                   TAGREFS="BT843">
          <Shape><Polygon POINTS="238 596 238 884 1574 884 1574 596"/></Shape>
          
          
          <TextLine ID="eSc_line_8187ca81"
                    TAGREFS="LT311"
                    BASELINE="313 653 1554 649" 
                    HPOS="311"
                    VPOS="602"
                    WIDTH="1242"
                    HEIGHT="59">
            <Shape><Polygon POINTS="311 642 311 616 325 605 343 605 360 616 542 616 558 605 627 614 662 605 681 611 707 605 724 616 776 613 790 603 811 611 823 603 838 603 851 611 863 603 933 611 958 603 984 614 1013 614 1030 603 1153 613 1169 602 1194 610 1212 610 1224 602 1285 602 1295 609 1306 602 1347 602 1361 611 1551 611 1553 638 1551 658 1346 658 1297 651 1284 657 1217 651 1161 657 1139 651 1126 658 1114 653 1099 658 1016 653 1006 660 962 654 948 658 742 653 725 661 660 656 579 661 546 661 536 654 311 656"/></Shape>
	    <String CONTENT="LOMBARD (Louis), né à Paris, élève de M. Gleyre, rue"
                    HPOS="311"
                    VPOS="602"
                    WIDTH="1242"
                    HEIGHT="59"></String>
          </TextLine>

          
          
          <TextLine ID="eSc_line_460a4164"
                    TAGREFS="LT311"
                    BASELINE="362 725 1053 723" 
                    HPOS="358"
                    VPOS="674"
                    WIDTH="691"
                    HEIGHT="57">
            <Shape><Polygon POINTS="358 707 358 686 382 674 407 686 426 686 438 674 455 686 534 686 546 674 587 674 600 686 623 686 635 674 660 674 674 686 705 686 718 674 734 686 763 686 778 674 821 676 840 686 879 674 960 686 1003 674 1032 686 1047 682 1049 705 1047 731 358 727"/></Shape>
	    <String CONTENT="Labat, 22, Paris-Montmartre"
                    HPOS="358"
                    VPOS="674"
                    WIDTH="691"
                    HEIGHT="57"></String>
          </TextLine>

          
          
          <TextLine ID="eSc_line_9e3f730d"
                    TAGREFS="LT311"
                    BASELINE="266 799 1558 795" 
                    HPOS="264"
                    VPOS="748"
                    WIDTH="1293"
                    HEIGHT="66">
            <Shape><Polygon POINTS="264 788 264 759 275 753 337 751 364 764 471 764 493 751 513 751 532 763 568 763 587 751 616 751 651 764 685 763 704 749 728 760 766 763 893 763 918 749 957 749 976 762 993 755 1004 762 1015 755 1030 762 1041 755 1106 755 1125 763 1160 748 1200 748 1222 760 1240 753 1256 762 1286 748 1325 755 1355 748 1390 762 1416 748 1442 756 1459 748 1477 759 1508 748 1524 758 1555 752 1557 784 1557 800 1539 803 1431 803 1400 796 1380 803 1308 802 1281 800 1267 792 1244 802 1164 802 1144 792 1124 802 1064 802 1051 811 1037 811 1020 802 979 811 964 802 922 803 907 793 877 810 856 800 819 798 753 800 737 810 724 810 692 799 681 804 595 804 582 796 561 804 493 804 478 795 377 795 328 813 264 814"/></Shape>
	    <String CONTENT="673. — Les Borriqueros, Espagne. Eau forte faisant"
                    HPOS="264"
                    VPOS="748"
                    WIDTH="1293"
                    HEIGHT="66"></String>
          </TextLine>

          
          
          <TextLine ID="eSc_line_054e7def"
                    TAGREFS="LT311"
                    BASELINE="544 871 1560 868" 
                    HPOS="543"
                    VPOS="824"
                    WIDTH="1015"
                    HEIGHT="56">
            <Shape><Polygon POINTS="543 860 544 835 605 835 638 825 688 838 706 838 721 825 740 825 769 838 791 825 806 825 830 838 862 838 870 832 889 836 910 825 942 825 954 835 972 838 984 828 1009 825 1034 831 1048 825 1063 832 1075 827 1086 836 1114 836 1129 824 1154 824 1173 835 1186 831 1198 836 1234 831 1251 836 1263 827 1278 835 1350 836 1365 824 1382 824 1397 836 1457 824 1471 835 1489 825 1503 836 1557 836 1558 857 1558 872 1550 876 1366 876 1353 871 1249 877 1219 868 1186 875 1091 868 1084 873 1044 876 971 871 962 876 868 876 856 869 819 876 798 876 787 869 724 876 688 869 677 876 624 872 543 880"/></Shape>
	    <String CONTENT="partie de la collection des aqua-fortistes."
                    HPOS="543"
                    VPOS="824"
                    WIDTH="1015"
                    HEIGHT="56"></String>
          </TextLine>

          
        </TextBlock>
        
        <TextBlock HPOS="229"
                   VPOS="944"
                   WIDTH="1231"
                   HEIGHT="297"
                   ID="eSc_textblock_1b47bd07"
                   TAGREFS="BT843">
          <Shape><Polygon POINTS="229 944 229 1241 1460 1241 1460 944"/></Shape>
          
          
          <TextLine ID="eSc_line_ffc5fdec"
                    TAGREFS="LT311"
                    BASELINE="304 999 1205 999" 
                    HPOS="304"
                    VPOS="949"
                    WIDTH="901"
                    HEIGHT="61">
            <Shape><Polygon POINTS="304 988 304 964 326 953 361 953 375 964 493 964 510 949 551 949 562 959 577 952 588 963 668 964 688 963 703 949 726 949 743 964 766 964 783 949 828 949 845 964 948 964 965 949 984 949 1022 964 1038 949 1104 949 1114 959 1126 949 1144 949 1160 963 1205 964 1205 999 1182 1010 1153 1010 1142 1002 1038 999 857 999 844 1010 823 1002 773 999 760 999 748 1010 715 1010 691 999 652 1006 642 1002 634 1010 623 1010 615 1002 604 1010 568 1010 557 1002 504 1010 492 999 481 999 468 1010 328 1010 315 999 304 999"/></Shape>
	    <String CONTENT="MANET (Edouard), 69, rue de Clichy."
                    HPOS="304"
                    VPOS="949"
                    WIDTH="901"
                    HEIGHT="61"></String>
          </TextLine>

          
          
          <TextLine ID="eSc_line_4f47d67a"
                    TAGREFS="LT311"
                    BASELINE="267 1070 1412 1070" 
                    HPOS="267"
                    VPOS="1024"
                    WIDTH="1145"
                    HEIGHT="57">
            <Shape><Polygon POINTS="267 1059 267 1032 280 1025 320 1025 329 1030 344 1026 362 1039 467 1039 486 1025 517 1037 561 1036 579 1024 598 1024 633 1036 651 1024 675 1024 693 1035 722 1039 811 1036 827 1024 866 1024 886 1036 966 1039 987 1024 1016 1024 1037 1036 1084 1035 1099 1024 1114 1024 1133 1036 1155 1024 1201 1024 1211 1030 1231 1024 1251 1036 1299 1033 1346 1039 1360 1032 1412 1039 1412 1075 1344 1075 1333 1081 1273 1081 1263 1075 1241 1073 1206 1081 1191 1070 1180 1077 1169 1070 1144 1070 1129 1077 1091 1070 1070 1081 1030 1081 1011 1070 1001 1076 971 1072 957 1081 935 1081 915 1073 812 1076 802 1070 791 1076 743 1077 713 1070 682 1081 668 1073 638 1075 628 1081 602 1073 583 1081 569 1072 557 1081 542 1075 532 1081 520 1076 480 1081 464 1070 377 1070 362 1081 335 1081 325 1075 315 1081 267 1079"/></Shape>
	    <String CONTENT="674. — Les Petits cavaliers, d’après Velasquez."
                    HPOS="267"
                    VPOS="1024"
                    WIDTH="1145"
                    HEIGHT="57"></String>
          </TextLine>

          
          
          <TextLine ID="eSc_line_f33568d7"
                    TAGREFS="LT311"
                    BASELINE="268 1145 470 1141 624 1150 677 1145 1224 1142" 
                    HPOS="267"
                    VPOS="1095"
                    WIDTH="956"
                    HEIGHT="61">
            <Shape><Polygon POINTS="267 1134 271 1098 346 1098 365 1115 464 1115 482 1098 528 1098 543 1105 553 1097 594 1097 605 1106 620 1105 626 1110 640 1105 659 1112 664 1106 691 1112 707 1097 755 1097 775 1113 790 1113 809 1095 834 1095 846 1106 864 1108 917 1106 929 1095 947 1108 965 1108 980 1097 1011 1097 1023 1108 1041 1097 1070 1109 1208 1106 1222 1110 1223 1131 1223 1153 1206 1146 1176 1153 1164 1145 1142 1146 1133 1153 1085 1146 1074 1155 1064 1148 1038 1146 1024 1155 1011 1144 993 1155 975 1139 960 1148 921 1146 915 1141 892 1155 857 1155 835 1141 822 1148 753 1141 743 1149 729 1144 717 1155 692 1141 674 1155 657 1149 651 1156 529 1155 511 1146 489 1155 468 1142 377 1142 361 1153 267 1150"/></Shape>
	    <String CONTENT="675. — Philippe IV. d’après Velasquez."
                    HPOS="267"
                    VPOS="1095"
                    WIDTH="956"
                    HEIGHT="61"></String>
          </TextLine>

          
          
          <TextLine ID="eSc_line_9bb25a64"
                    TAGREFS="LT311"
                    BASELINE="267 1218 885 1212" 
                    HPOS="266"
                    VPOS="1168"
                    WIDTH="618"
                    HEIGHT="60">
            <Shape><Polygon POINTS="266 1207 268 1172 344 1172 364 1192 419 1192 468 1190 488 1171 502 1172 513 1183 554 1171 579 1188 595 1189 616 1170 659 1185 673 1171 711 1171 726 1179 735 1170 747 1168 757 1178 804 1178 811 1185 817 1179 856 1179 867 1188 882 1188 884 1201 878 1225 776 1221 688 1226 677 1215 663 1215 652 1226 634 1221 608 1225 590 1215 573 1226 517 1228 480 1225 471 1217 372 1218 361 1228 322 1221 271 1225 266 1219"/></Shape>
	    <String CONTENT="676. — Lola de Valence."
                    HPOS="266"
                    VPOS="1168"
                    WIDTH="618"
                    HEIGHT="60"></String>
          </TextLine>

          
        </TextBlock>
        
        <TextBlock HPOS="248"
                   VPOS="1296"
                   WIDTH="1327"
                   HEIGHT="284"
                   ID="eSc_textblock_c5090227"
                   TAGREFS="BT843">
          <Shape><Polygon POINTS="248 1296 248 1580 1575 1580 1575 1296"/></Shape>
          
          
          <TextLine ID="eSc_line_a3757acb"
                    TAGREFS="LT311"
                    BASELINE="317 1348 1542 1341" 
                    HPOS="315"
                    VPOS="1297"
                    WIDTH="1225"
                    HEIGHT="62">
            <Shape><Polygon POINTS="315 1336 315 1309 325 1301 368 1301 390 1313 401 1306 518 1313 537 1301 561 1299 597 1299 606 1306 645 1299 660 1309 751 1308 776 1299 794 1312 805 1312 831 1310 849 1298 899 1298 911 1306 958 1310 976 1310 1002 1298 1037 1310 1056 1297 1137 1297 1155 1309 1176 1309 1193 1298 1215 1298 1233 1308 1331 1303 1444 1308 1456 1299 1478 1308 1500 1297 1520 1308 1539 1308 1540 1330 1539 1348 1522 1353 1495 1353 1482 1345 1470 1353 1433 1353 1419 1343 1384 1346 1373 1353 1335 1353 1300 1345 1267 1354 1233 1354 1222 1348 1200 1354 1186 1345 1122 1353 1089 1348 1059 1353 1033 1346 1020 1354 986 1354 973 1346 958 1346 946 1354 920 1353 910 1346 899 1353 824 1346 804 1357 740 1352 595 1357 568 1352 554 1359 533 1359 520 1349 477 1354 315 1349"/></Shape>
	    <String CONTENT="MASSON (Alphonse), élève de MM. Decamps et In"
                    HPOS="315"
                    VPOS="1297"
                    WIDTH="1225"
                    HEIGHT="62"></String>
          </TextLine>

          
          
          <TextLine ID="eSc_line_51e9a909"
                    TAGREFS="LT311"
                    BASELINE="377 1423 699 1418 1388 1419" 
                    HPOS="376"
                    VPOS="1372"
                    WIDTH="1012"
                    HEIGHT="58">
            <Shape><Polygon POINTS="376 1412 377 1387 508 1389 529 1372 568 1372 588 1389 619 1389 630 1379 675 1387 691 1378 704 1389 721 1389 742 1372 875 1379 886 1389 922 1389 942 1372 979 1372 1000 1381 1035 1381 1045 1372 1066 1381 1212 1379 1220 1386 1240 1372 1277 1372 1296 1383 1340 1372 1368 1387 1387 1387 1388 1408 1387 1421 1379 1427 1324 1422 1281 1426 1271 1418 1249 1426 1237 1416 1224 1416 1212 1426 1200 1426 1190 1418 1180 1426 948 1426 932 1416 913 1416 897 1429 851 1421 783 1425 773 1416 764 1425 751 1416 707 1416 697 1425 675 1426 646 1418 630 1425 620 1416 564 1416 554 1425 520 1425 510 1418 496 1429 426 1422 376 1430"/></Shape>
	    <String CONTENT="gres, 17, rue Véron, Montmartre-Paris,"
                    HPOS="376"
                    VPOS="1372"
                    WIDTH="1012"
                    HEIGHT="58"></String>
          </TextLine>

          
          
          <TextLine ID="eSc_line_d07e6af0"
                    TAGREFS="LT311"
                    BASELINE="270 1494 1576 1491" 
                    HPOS="267"
                    VPOS="1441"
                    WIDTH="1306"
                    HEIGHT="60">
            <Shape><Polygon POINTS="267 1476 267 1453 279 1441 345 1441 366 1459 467 1459 488 1441 507 1441 525 1457 540 1449 550 1459 571 1459 589 1441 629 1441 654 1455 683 1441 747 1453 759 1447 776 1459 794 1459 813 1441 850 1447 865 1459 950 1443 974 1451 1003 1443 1020 1459 1034 1459 1053 1441 1094 1451 1221 1441 1239 1451 1322 1449 1332 1459 1409 1449 1554 1449 1570 1457 1573 1474 1570 1494 1556 1501 1498 1501 1488 1492 1469 1498 1461 1490 1438 1501 1378 1501 1366 1488 1343 1501 1167 1501 1134 1492 1074 1501 1045 1488 962 1501 906 1498 890 1488 854 1498 809 1496 798 1488 774 1488 763 1498 740 1490 722 1501 585 1498 573 1488 527 1498 488 1498 478 1488 349 1488 339 1498 267 1494"/></Shape>
	    <String CONTENT="677. — Le Martyre de saint Barthélemy, gravure"
                    HPOS="267"
                    VPOS="1441"
                    WIDTH="1306"
                    HEIGHT="60"></String>
          </TextLine>

          
          
          <TextLine ID="eSc_line_a921bb1f"
                    TAGREFS="LT311"
                    BASELINE="532 1564 924 1564" 
                    HPOS="532"
                    VPOS="1517"
                    WIDTH="392"
                    HEIGHT="58">
            <Shape><Polygon POINTS="532 1553 532 1532 543 1532 558 1517 571 1523 584 1520 605 1532 660 1531 674 1517 692 1531 708 1532 728 1517 798 1517 811 1528 846 1517 855 1525 893 1524 902 1532 924 1532 924 1565 911 1571 728 1571 715 1565 704 1571 659 1567 640 1575 598 1575 579 1567 555 1574 532 1565"/></Shape>
	    <String CONTENT="d’après Ribeira."
                    HPOS="532"
                    VPOS="1517"
                    WIDTH="392"
                    HEIGHT="58"></String>
          </TextLine>

          
        </TextBlock>
        
        <TextBlock HPOS="237"
                   VPOS="1646"
                   WIDTH="1368"
                   HEIGHT="616"
                   ID="eSc_textblock_543b81df"
                   TAGREFS="BT843">
          <Shape><Polygon POINTS="240 1646 237 2253 1605 2262 1602 1646"/></Shape>
          
          
          <TextLine ID="eSc_line_42364297"
                    TAGREFS="LT311"
                    BASELINE="317 1691 1422 1684" 
                    HPOS="314"
                    VPOS="1634"
                    WIDTH="1106"
                    HEIGHT="66">
            <Shape><Polygon POINTS="315 1680 314 1651 328 1640 358 1642 369 1651 533 1651 551 1649 566 1638 611 1638 626 1649 644 1638 681 1638 696 1649 742 1649 757 1637 823 1637 835 1647 851 1637 871 1637 886 1648 908 1640 922 1648 944 1648 960 1637 984 1647 998 1636 1031 1636 1059 1647 1070 1647 1085 1636 1111 1636 1129 1647 1194 1647 1200 1641 1235 1645 1249 1634 1286 1634 1308 1644 1332 1636 1343 1644 1373 1645 1400 1634 1419 1644 1420 1673 1420 1688 1411 1695 1295 1688 1245 1695 1234 1687 1176 1691 1169 1696 1132 1696 1111 1689 980 1688 975 1693 946 1689 935 1698 896 1698 867 1689 853 1689 841 1698 824 1691 813 1698 795 1698 775 1689 755 1698 743 1692 732 1698 689 1693 667 1699 645 1692 637 1699 609 1699 542 1691 531 1700 507 1695 431 1699 315 1692"/></Shape>
	    <String CONTENT="PIERDON, 11. Rond-Point, à Boulogne (Seine)."
                    HPOS="314"
                    VPOS="1634"
                    WIDTH="1106"
                    HEIGHT="66"></String>
          </TextLine>

          
          
          <TextLine ID="eSc_line_9e1f8141"
                    TAGREFS="LT311"
                    BASELINE="268 1762 1575 1762" 
                    HPOS="267"
                    VPOS="1709"
                    WIDTH="1306"
                    HEIGHT="62">
            <Shape><Polygon POINTS="267 1744 267 1720 279 1713 345 1713 362 1728 471 1728 488 1713 529 1713 558 1728 724 1728 745 1709 765 1709 792 1728 825 1728 896 1722 910 1709 933 1709 962 1726 981 1709 1001 1709 1014 1722 1036 1709 1080 1709 1094 1722 1130 1720 1140 1709 1169 1709 1177 1718 1208 1709 1233 1728 1279 1722 1291 1711 1322 1728 1353 1709 1409 1709 1419 1720 1498 1728 1517 1709 1535 1709 1573 1728 1573 1759 1564 1763 1479 1759 1430 1763 1421 1771 1407 1763 1324 1759 1086 1763 1078 1771 976 1759 931 1771 823 1771 809 1759 782 1771 743 1771 730 1759 712 1759 699 1771 583 1771 569 1759 554 1771 496 1771 484 1759 382 1759 370 1771 267 1767"/></Shape>
	    <String CONTENT="678. — Un corps de garde hollandais et cèdres du"
                    HPOS="267"
                    VPOS="1709"
                    WIDTH="1306"
                    HEIGHT="62"></String>
          </TextLine>

          
          
          <TextLine ID="eSc_line_dec2ac7d"
                    TAGREFS="LT311"
                    BASELINE="529 1834 703 1830" 
                    HPOS="526"
                    VPOS="1784"
                    WIDTH="174"
                    HEIGHT="58">
            <Shape><Polygon POINTS="528 1823 526 1804 546 1786 565 1787 573 1795 584 1784 606 1784 626 1800 642 1794 700 1800 700 1834 692 1842 558 1842 528 1837"/></Shape>
	    <String CONTENT="Liban."
                    HPOS="526"
                    VPOS="1784"
                    WIDTH="174"
                    HEIGHT="58"></String>
          </TextLine>

          
          
          <TextLine ID="eSc_line_a88079cd"
                    TAGREFS="LT311"
                    BASELINE="267 1906 1575 1897" 
                    HPOS="262"
                    VPOS="1852"
                    WIDTH="1308"
                    HEIGHT="66">
            <Shape><Polygon POINTS="262 1887 269 1858 349 1858 366 1873 473 1873 488 1858 511 1858 550 1873 565 1858 585 1856 625 1866 732 1860 769 1871 792 1856 811 1856 825 1869 883 1866 898 1856 939 1869 981 1856 993 1869 1016 1869 1030 1854 1055 1854 1076 1866 1090 1854 1113 1854 1125 1866 1221 1869 1243 1856 1266 1866 1339 1866 1353 1852 1376 1852 1388 1864 1428 1852 1488 1852 1504 1866 1568 1864 1570 1879 1570 1902 1558 1914 1345 1902 1287 1908 1268 1897 1237 1914 1208 1900 1148 1916 1039 1914 1026 1902 1014 1912 956 1912 945 1902 927 1914 863 1918 782 1916 767 1902 751 1902 738 1914 594 1908 587 1916 556 1906 527 1916 492 1914 480 1904 380 1904 370 1914 262 1906"/></Shape>
	    <String CONTENT="679. — Le Passeur d’après. A. Leleux et un intérieur"
                    HPOS="262"
                    VPOS="1852"
                    WIDTH="1308"
                    HEIGHT="66"></String>
          </TextLine>

          
          
          <TextLine ID="eSc_line_13f75de5"
                    TAGREFS="LT311"
                    BASELINE="532 1976 1166 1980 1551 1972" 
                    HPOS="532"
                    VPOS="1933"
                    WIDTH="1018"
                    HEIGHT="55">
            <Shape><Polygon POINTS="532 1965 532 1944 546 1944 558 1933 576 1933 594 1944 619 1944 631 1933 666 1942 715 1937 732 1944 742 1939 828 1939 835 1933 855 1933 866 1943 881 1944 908 1937 983 1944 997 1933 1023 1939 1204 1937 1217 1944 1255 1944 1268 1933 1303 1933 1315 1940 1372 1940 1382 1933 1400 1933 1408 1940 1441 1944 1455 1933 1480 1933 1492 1943 1537 1939 1548 1944 1550 1961 1548 1987 1457 1987 1449 1980 1420 1986 1355 1982 1347 1988 1320 1988 1297 1980 1286 1986 1244 1980 1234 1988 1124 1988 1082 1980 1051 1986 1027 1980 987 1986 979 1980 946 1986 899 1980 860 1986 833 1980 793 1988 755 1988 748 1983 532 1982"/></Shape>
	    <String CONTENT="de fromagerie en Auvergne, d’aprés Lau"
                    HPOS="532"
                    VPOS="1933"
                    WIDTH="1018"
                    HEIGHT="55"></String>
          </TextLine>

          
          
          <TextLine ID="eSc_line_3017c364"
                    TAGREFS="LT311"
                    BASELINE="535 2053 668 2050" 
                    HPOS="532"
                    VPOS="2015"
                    WIDTH="135"
                    HEIGHT="44">
            <Shape><Polygon POINTS="533 2042 532 2027 544 2017 591 2020 604 2015 666 2024 667 2039 659 2059 533 2055"/></Shape>
	    <String CONTENT="rens."
                    HPOS="532"
                    VPOS="2015"
                    WIDTH="135"
                    HEIGHT="44"></String>
          </TextLine>

          
          
          <TextLine ID="eSc_line_a1ee0de2"
                    TAGREFS="LT311"
                    BASELINE="271 2126 1560 2124" 
                    HPOS="267"
                    VPOS="2075"
                    WIDTH="1289"
                    HEIGHT="60">
            <Shape><Polygon POINTS="267 2108 267 2086 277 2075 351 2075 368 2092 467 2092 484 2075 527 2075 540 2088 583 2092 606 2075 645 2075 658 2088 761 2092 784 2079 811 2079 823 2092 919 2090 933 2075 1022 2090 1061 2081 1125 2092 1142 2075 1157 2075 1171 2088 1252 2081 1287 2090 1295 2081 1330 2081 1343 2090 1361 2081 1372 2092 1390 2092 1407 2075 1463 2075 1488 2086 1533 2075 1544 2086 1554 2081 1556 2106 1554 2131 1513 2127 1494 2135 1392 2127 1384 2135 1132 2127 1119 2135 933 2133 925 2125 912 2131 823 2123 668 2131 380 2123 343 2135 267 2129"/></Shape>
	    <String CONTENT="680. — Une fileuse et une Beurre, Auvergne, d’après"
                    HPOS="267"
                    VPOS="2075"
                    WIDTH="1289"
                    HEIGHT="60"></String>
          </TextLine>

          
          
          <TextLine ID="eSc_line_7a0fa762"
                    TAGREFS="LT311"
                    BASELINE="544 2199 1318 2195" 
                    HPOS="543"
                    VPOS="2150"
                    WIDTH="774"
                    HEIGHT="62">
            <Shape><Polygon POINTS="543 2188 547 2152 569 2152 583 2166 595 2166 609 2152 624 2152 635 2163 735 2161 800 2166 828 2165 842 2151 896 2151 904 2159 914 2151 936 2151 958 2165 984 2152 1006 2165 1020 2151 1055 2163 1108 2163 1132 2150 1144 2150 1160 2161 1175 2162 1183 2154 1195 2154 1204 2162 1215 2155 1256 2162 1275 2155 1284 2163 1297 2150 1310 2150 1315 2155 1317 2184 1315 2210 1260 2202 1212 2206 1201 2201 1117 2202 1108 2210 1070 2210 1062 2202 1037 2210 1017 2201 995 2206 972 2201 948 2206 917 2202 902 2209 886 2201 867 2212 833 2212 822 2201 795 2203 788 2210 742 2210 717 2203 710 2210 693 2212 641 2205 615 2210 598 2202 582 2209 551 2209 543 2203"/></Shape>
	    <String CONTENT="J. Laurens, (Voir à la peinture.)"
                    HPOS="543"
                    VPOS="2150"
                    WIDTH="774"
                    HEIGHT="62"></String>
          </TextLine>

          
        </TextBlock>
        
        <TextBlock HPOS="187"
                   VPOS="148"
                   WIDTH="1451"
                   HEIGHT="2182"
                   ID="eSc_textblock_38dfe6f0"
                   TAGREFS="BT840">
          <Shape><Polygon POINTS="187 148 187 2330 1638 2330 1638 148"/></Shape>
          
        </TextBlock>
        

        
      </PrintSpace>
    </Page>
  </Layout>
</alto>
