1749 2481
282 2084 1053 64 BAILLY (Paul-Auguste), élève de M. Sieurac.

250 2158 704 64 17. — Tête de femme ; étude.

284 187 1230 58 ANCOURT (Edward), rue du Cherche-Midi, 52, élève

335 257 263 62 de Gleyre.

260 330 516 57 6 — La Châtelaine.

786 105 188 31 — 4 —

278 427 928 67 ANDRIEUX (Auguste), 16, rue de Seine.

259 509 1255 63 7. — Le général Bonaparte accompagné de son escorte

469 583 1041 64 le matin du combat. (Campagne d’Italie,

470 654 154 64 1796.)

280 759 831 62 AUDRY (Ferdinand), 21, rue Laval.

260 837 584 60 8. — Dessin; paysage.

280 937 1169 60 AUDIAT (madame Félicie), 23, rue de la Victoire.

256 1008 598 60 9. — Sceène d’intérieur.

240 1081 799 62 10. —La Fête de la grand’mère.

277 1183 1241 69 AUFRAY (Edouard-Alphonse), élève de MM. Tabar et

333 1247 1127 81 Bandit, 10, rue des Dames (Batignolles-Paris).

237 1342 618 57 11. — Choc de cavaliers.

238 1412 536 62 12. Lever de lune.

240 1491 477 58 13. — Crépuscule.

273 1583 1244 62 AVON (Émile), élève de M. Glèyre, 64, rue de l’Ouest.

240 1658 573 58 14. — Saint-Sébastien.

280 1761 1224 59 BACHEREAU-REVERCHON, élève de M. Gustave De-

343 1837 709 59 ville, 17, rue des Batignolles.

241 1911 679 60 15. — Un combat singulier.

238 1986 690 58 16. — Nature morte; fruits.
