2121 3445
1115 393 224 63 — 4 —

864 497 692 66 M. BASTIEN, de Metz.

552 577 726 51 12. Portrait de Mme N.....

553 661 632 52 13. Idem de M. N.....

715 767 983 69 M. DE ST-BEAUSSANT, à Nancy.

945 852 522 64 Paysages au pastel.

547 938 1164 54 14. Vue d’une ville des environs de Gènes.

544 1018 1223 71 15. Une Chapelle ruinée (environs de Gènes).

544 1101 816 70 16. Vue du château d'Aulnoy.

540 1184 1329 68 17. Vue prise sur les plages de la Méditerranée

744 1250 368 69 (effet du soir).

540 1331 1323 69 18. Vue d’une partie de la Yungfrau, prise de la

730 1398 936 67 vallée d’Unterseen (effet du matin).

536 1479 955 68 10. Vue de la vallée de Meyringen.

535 1560 1326 63 20. Vue du fond du lac de Thunn, vallée d’Inter¬

729 1628 607 66 laken (soleil couchant).

532 1707 1049 55 21. Vue des environs du lac de Zurich.

537 1788 1326 70 22. Vue du phare et des remparts de Gènes (effet

734 1857 509 63 du soleil couchant).

538 1935 1320 71 23. Vue prise sur les Hautes-Alpes, près de Ro¬

733 2006 197 47 senlaui.

839 2100 704 67 Mlle BIRGLIN, à Nancy.

529 2191 740 67 24. Oiseau (nature morte).

531 2276 262 48 25. Geai.

944 2336 501 52 M. BONAMOUR.

528 2422 492 48 26. Saint-Jérôme.

805 2514 788 55 M. VICTOR DE BOUILLÉ.

536 2601 980 67 27. Cadre renfermant divers croquis.

528 2683 754 66 28. Un enfant (terre cuite).
