1062 2361
17 114 200 41 SUEDE

79 2312 45 26 116

401 244 298 34 PHOTOGRAPHIE

140 320 818 49 Anders PETERSEN, né en 1944 à Stockholm (Suède).

110 369 787 45 1 D’un quartier de Reperbahn, 1968 (noir et blanc).

108 403 790 45 2 D’un quartier de Reperbahn, 1968 (noir et blanc).

109 437 788 44 3 D’un quartier de Reperbahn, 1968 (noir et blanc).

109 470 789 44 4 D'un quartier de Reperbahn, 1968 (noir et blanc).

108 504 789 43 5 D’un quartier de Reperbahn, 1968 (noir et blanc).

109 537 788 43 6 D'un quartier de Reperbahn, 1968 (noir et blanc).

341 651 401 36 GROUPE D’ARTISTES

106 727 851 45 7 PUSS (BISE)<.b>, 1969 (4 écrans, 225 x 325, montage de

138 762 337 33 dessins et de textes).

140 812 204 34 Responsable :

139 853 759 42 Lena SVEDBERG, née en 1946 à Göteborg (Suède).

137 895 821 42 Carl-Johan DE GEER, né en 1938 à Montréal (Canada).

138 929 337 30 Dessinateur-rédacteur.

138 970 782 40 Lars HILLERSBERG, né en 1937 à Gnesta (Suède).

138 1004 337 30 Dessinateur-rédacteur.

138 1045 821 41 Ulf RAHMBERG, né en 1935 à Boras (Suède). Dessina¬

135 1079 221 28 teur-rédacteur.

136 1119 822 43 Peter WANGER, né en 1940 à Göteborg (Suède). Rédac¬

134 1155 67 25 teur.

495 1243 88 30 FILM

136 1313 824 47 Erling JOHANSSON, né en 1935 à Stockholm (Suède).

104 1362 857 47 8 Anima mundi, 1967 (noir et blanc). Fri-film produktion,

135 1403 165 28 Stockholm.
