2165 3437
934 346 210 60 — 9 —

691 441 691 83 Mme M., élève de M. Pierre.

367 555 1390 89 96. Aquarelle. Copie d’un tableau à l’huile, sur un sujet tiré

519 635 980 75 de Pévéril du Pic, roman de Walter-Scott.

475 724 1285 68 Julien et Alice effrayés de l’apparition de la reine de

523 813 265 44 l’ile de Man.

476 879 1144 100 Mlle MOLLET (Éléonore), rue de la Monnaie, 7.

375 1002 760 89 97. Portrait de Mme J., ( pastel ).

375 1094 754 74 98. Id. de M. de M., idem.

380 1173 457 58 99. Étude d’atelier.

354 1254 1418 67 100. L’enfance de Callot. Copie du tableau du Musée de

560 1339 152 57 Nancy.

576 1446 969 89 PAULUS (Charles), place de Grève, 11.

358 1552 1052 92 101. Portrait du général de Préval, (étude).

362 1653 517 44 102. Id. de M. B.

362 1730 585 44 103. Id. de M. L. P.

596 1804 935 109 PIERRE (René), rue des Michottes, 3.

369 1947 571 75 104. Portrait de Mlle ***.

367 2022 877 117 105. Id. de M. P., (à la plume).

983 2168 193 45 ROLLIN.

375 2248 1336 92 106. Visitation de Sainte-Marie aux Vierges, (à la plume).

521 2334 1271 86 D'après un tableau attribué à Rottenhamd, de l’an¬

584 2417 1211 77 cienne école Vénitienne, que l’on peut voir chez

590 2488 700 69 M. Rollin, rue des Ponts, 50.

429 2593 1374 51 La scène se passe sur des nuages. La présence de Marie immaculée

381 2646 1425 63 semble suffire au bonheur des vierges mortelles, qui ont quitté les

384 2726 1425 50 asiles consacrés à la pureté pour venir au-devant de la reine des

387 2803 121 26 cieux.
