1749 2481
776 370 124 24 -41-

413 442 880 52 23. — Cheval de chasse sellé et boule-dogue

612 496 677 51 en forêt, épisode de chasse à courre.

592 587 611 41 Signé à gauche : ..63. Gustave Courbet.

593 630 223 31 Salon de 1863.

598 669 495 40 Exposition particulière de 1867.

591 698 702 48 Au catalogue du Salon de 1863, ce tableau

563 749 735 38 portait le titre de la Chasse au renard. L’auteur

566 787 730 43 lui ayant fait subir quelques modifications après

560 822 735 50 coup, un changement dans le titre devint néces¬

564 868 734 44 saire : le tableau reparut à l’exposition parti¬

564 910 732 42 culière de 1867, sous cette désignation que nous

564 948 732 43 relevons sur le catalogue : « Le Cheval du pi¬

560 988 528 41 queur, épisode de chasse à courre.

871 1044 360 45 T. — H. 1.12. L. 1.35.

596 1114 514 41 Appartient à M. Recipon, député.

418 1306 581 52 24. — La Femme à la vague.

597 1390 524 42 Signé à gauche : ..68. G. Courbet.

867 1438 364 44 T. — H. 0.63. L. 0.53.

596 1511 519 45 Appartient à M. Faure, de l'Opéra.

445 1705 662 58 5. -— La Dame aux bijoux, étude.

595 1799 623 40 Signé à droite : Gustave Courbet, ..67.

600 1840 486 39 Exposition particulière de 1867.

867 1887 364 46 T. — H. 0.81. L. 0.64.

602 1968 434 38 Appartient à M. Castagnary.
