1536 2700
581 184 173 64 ( 25 )

203 278 1023 55 tent les corps des fils de Brutus. Une des jeunes

206 349 1020 53 filles se cache le visage pour ne pas voir cet

206 417 1021 53 affreux spectacle; sa sœur, qui n’a pu le sup¬

207 486 534 53 porter, tombe évanouie.

100 631 966 51 22. Bélisaire demandant l’aumône.

263 761 966 55 On dit que Bélisaire, fameux général, après

208 831 1023 51 avoir assuré la paix de l’empire romain par

209 898 1021 51 ses victoires, devint bientôt victime de la ja¬

213 967 1015 52 lousie et de l’intrigue. Il perdit son crédit à la

212 1034 1019 53 cour de l’empereur Justinien, qui, oubliant

211 1104 1019 53 les services qu’il avoit rendus à l’état, lui fit

212 1172 1014 53 brûler les yeux. Ce vieux guerrier, réduit à la

209 1241 1021 52 mendicité, parcouroit les rues de Constanti¬

212 1309 916 52 nople en implorant la pitié des passants.

263 1378 965 52 Il est représenté assis au pied d’un arc de

209 1445 996 55 triomphe qui rappelle ses glorieux exploits

206 1514 1019 56 il tient entre ses bras un jeune enfant qui lui

206 1583 1019 52 sert de conducteur, et qui reçoit dans un cas¬

210 1650 1017 53 que l’aumône que lui donne une femme tou¬

211 1718 1016 53 chée de compassion. Le bâton de Bélisaire

212 1789 1013 50 est appuyé sur une pierre où on lit ces mots :

210 1856 1013 41 Date obolum Belisario. Donnez une obole à

207 1926 204 38 Bélisaire.

263 1993 962 56 Sur le second plan on voit un soldat qui,

204 2062 1020 55 reconnoissant son général, paroît aussi surpris

204 2129 772 54 qu’ému de cet affligeant spectacle.

262 2199 894 51 On aperçoit au fond divers monuments.

987 2267 29 50 3
