1086 2373
183 80 531 46 FILMS SUR L'ART

241 422 833 57 Les films sur l'Art seront projetés tous les jours de 16 à 18 h

237 456 686 44 dans le cadre du Théâtre d'Essai de la Biennale.

238 490 837 55 Pour le programme détaillé de chaque séance, se reporter au

237 524 838 54 Calendrier de la Biennale et au tableau d'affichage à l'entrée du

233 557 227 30 Théâtre d'Essai.

158 827 692 44 REPUBLIQUE FEDERALE D’ALLEMAGNE

229 912 785 49 Peter SCHAMONI, né en 1934 à Berlin (Allemagne).

225 946 851 48 Voyage de découvertes sans savoir, 1963. Internationes e.V.

228 980 83 26 Bonn.

153 1110 180 32 AUTRICHE

225 1195 716 46 Ferry RADAX, né en 1932 à Vienne (Autriche).

223 1229 697 45 En marge, 1963 (noir). Victor N. Cohen, Zurich.

223 1262 584 43 Hundertwasser, 1965 (noir et couleurs).

150 1350 116 32 BRESIL

219 1434 855 46 Paulo Gil de ANDRADE SOARES, né en 1935 à Salvador

222 1470 116 32 (Brésil).

218 1504 495 40 Histoire du Cangaço, 1965 (noir).

141 1632 161 33 CANADA

215 1718 782 49 Marcel CARRIERE, né en 1934 à Québec (Canada).

210 1750 860 52 Villeneuve, peintre-barbier, 1964. Office national du Film

211 1788 115 28 Canada.

209 1843 809 50 Jacques GODBOUT, né en 1933 à Montréal (Canada).

211 1874 864 55 Le monde va nous prendre pour des sauvages, 1963. Office

211 1913 374 37 National du Film, Canada.

141 2028 164 34 ESPAGNE

207 2114 867 52 Antonio MERCERO JULDAIN, né en 1936 à Lasarte

212 2151 154 35 (Espagne).

205 2180 823 52 Trotin troteras, 1962. Ecole Officielle de cinéma, Madrid.

214 2246 39 22 174
