1939 3117
943 647 236 58 DANIEL,

968 748 186 58 Statuaire,

689 844 739 58 Membre de la Légion d’honneur,

829 933 457 37 47, rue des Tournelles, Paris.

547 1015 1012 55 90. Buste en marbre de M. Mollien, comte de

706 1087 855 62 l’Empire, Grand’-Croix de la Légion

705 1158 858 55 d’honneur, Grand’-Croix de l’ordre de

707 1228 715 54 l’Eléphant, de Dannemarck, etc.

629 1317 853 55 Commandé par la ville de Rouen.

575 1423 982 39 Nicolas-François Mollien, né à Rouen, le 28 février 1758, était

540 1473 1016 38 fils d'un honorable fabricant de cette ville. Il fit à Paris de brillantes

541 1533 1010 38 études, et entra très-jeune dans l’administration des finances. Des

536 1586 1014 40 travaux importants lui furent promptement confiés, et, dès l’àge de

534 1638 1015 39 vingt-quatre ans, ils lui avaient valu, du roi Louis XVI, une

533 1692 331 32 pension de mille écus.

568 1762 977 40 La révolution l’écarta des affaires, emprisonné à Paris pendant la

532 1815 713 38 terreur, il ne fut sauvé que par le 9 thermidor.

563 1887 979 37 Rentré dans l’administration en 1800, il fut nommé, par le Pre¬

534 1940 1009 35 mier Consul, directeur de la caisse d’amortissement; ses relations

529 1994 1013 37 fréquentes avec le chef de l’Etat, lui méritèrent de sa part une

523 2047 1017 36 confiance et une estime dont il recueillit bientôt des preuves, il

524 2099 739 35 reçut le titre de comte et devint conseiller d'Etat.

558 2170 977 39 En janvier 1806, l’Empereur le nomma ministre du trésor public;

521 2220 1014 42 il occupa ces hautes fonctions jusqu’en 1814, et les reprit è l’époque

521 2274 1014 38 des cent jours. Pendant son administration, il créa tout le système

518 2329 1015 37 de comptabilisé qui régit encore nos finances, et qui nous est envié

515 2382 1017 38 de toute l’Europe. Ministre habile, il dirigea la fortune de la France

517 2436 449 34 avec la plus haute intégrité.

965 530 222 37 — 14 —
