2101 3417
874 316 240 66 — 11 —

279 435 1420 72 THORELLE (J.-J.) peintre et professeur de dessin, rue Saint¬

808 516 354 62 Georges, 7 bis.

285 598 1415 73 126. L’arrivée de Jacob en Égypte, (dessin à la plume et à

462 689 384 46 l'encre de Chine.

326 773 1375 60 28. « Or, Jacob envoya Juda devant lui vers Joseph, pour l’aver¬

281 837 1417 62 « tir de sa venue , afin qu’il vint au-devant de lui dans la terre de

282 911 191 38 « Gessen.

327 967 1371 61 29. « Quand Jacob y fut arrivé, Joseph fit mettre les chevaux à

286 1033 1413 60 « son charriot, et vint au même lieu au-devant de son père, et le

282 1105 1150 52 « voyant il se jeta à son cou et l’embrassa en pleurant. »

1215 1170 309 48 (GENÈSE XLVI).

285 1248 1413 69 127. Le Pater, genre de peinture manuscrite sur peau de

520 1332 124 44 vélin.

287 1402 495 48 128. Salvator mundi.

284 1475 1410 66 129. La Vierge, l’enfant Jésus et Saint Jean, peint sur bois.

284 1555 410 49 130. Andromède.

338 1648 1362 54 « Andromède, fille de Céphée, roi d’Ethiopie et de Cassiope, qui

284 1715 1416 52 « eut assez de témérité pour disputer de beauté avec Junon et les

282 1777 1419 56 « Néréïdes. Junon, pour la punir, condamna Andromède à être

284 1840 1416 58 « liée par les Néréïdes avec des chaînes et exposée sur un rocher à

281 1911 1422 51 « un monstre marin; mais Persée, monté sur le cheval Pégase, pé¬

281 1972 1420 45 « trifia le monstre en lui montrant la tête de Méduse et délivra An¬

283 2038 1418 56 « dromède, qu’il rendit à son père, lequel, en reconnaissance, la

286 2102 524 52 « lui donna en mariage. »

288 2186 839 64 131. Ecce Homo, (encre de Chine).

288 2262 482 48 132. Mater dolorosa.

284 2339 774 64 133. La prédication, (intérieur).

285 2414 971 61 134. La procession dans le cloître, idem.

855 2525 280 47 WAULTRIN.

288 2613 1225 62 135. Vue prise au vieux Château, environs de Bade.

289 2690 914 51 136. Entrée du vieux Château de Bade.

286 2765 652 50 137. Promenade en bateau.
