2139 3475
768 455 208 43 — 7 —

420 529 905 73 M. GÉNY (ALEXANDRE), à Nancy.

227 632 1298 64 70. Portrait de M le baron d’A...... (aqua¬

466 705 149 53 relle).

228 783 703 52 71. Idem de Mlles D.......

231 864 654 51 72. Idem de Mlle B......

258 959 1240 68 M. GEORGES (VICTOR), rue Notre-Dame, 9.

234 1123 975 53 73. Portraits de M. et Mlle de V......

231 1193 835 78 74. Portrait de Henry de L......

234 1265 1296 90 75. L’Adoration des Mages, de Paul Véronèze,

425 1369 518 64 d’après une gravure.

452 1447 869 84 M. GÉRARD, rue de Metz, 22.

237 1556 720 52 76. Portrait de M. de J......

237 1624 1302 84 77. Sœur Urgueth dite Petelot, scène d’intérieur.

367 1736 1044 63 M. DE SAINT-GERMAIN, à Nancy.

236 1830 1307 70 78. Partie supérieure du village de Lorèche-les¬

425 1914 859 66 Bains, canton de Valais (Suisse).

466 1998 841 87 M. PAUL GOMIEN, à Paris.

234 2099 1232 87 79. Portrait de Mme Maria D...... (miniature).

239 2201 1031 53 80. Idem de M. le vicomte C...... id.

239 2282 1318 66 81. Idem de Mme C. B....... (miniature à

446 2348 193 65 l’huile).

370 2420 1061 99 Mlle SOPHIE GRIMBLOT, à Nancy,

594 2530 606 53 Elève de M. Hussenot.

237 2633 1333 58 82. Judith et Holopherne (d'après le tableau de

442 2695 512 63 M. Horace Vernet).
