2550 3299
1054 304 233 42 — 45 —

1616 296 258 43 Sala VII.

566 412 1290 42 Il camino in marmo e musaico fu ideato dagli architetti

471 470 1385 42 Bàlint e Jambòr ed eseguito da M. Rolt e dallo scultore Seidner.

566 519 1285 52 Le portiere e le tappezzerie raffiguranti «Una fiera di be¬

470 590 1386 42 stiame» e «I fidanzati» vennero disegnate da lanos Yaszary e

468 650 1389 43 riprodotte dalla signora Kowalszky. Il tappeto è della mani¬

472 709 825 43 fattura di Torontal a Nagylecskerest.

567 771 1288 38 Poltrone tavolo e vetrina di mogano sono di L. Simai su

475 828 600 41 disegni di Bàlint e Jambòr.

1056 1088 213 30 PITTURE

691 1223 402 44 Bihari Sàndor

463 1340 383 45 1 La nutrice.

693 1476 404 43 Boruth Andor

450 1595 554 53 2 Sitiuora in nero.

690 1744 436 54 Bosznay István

450 1862 1423 55 3 Nella puszta di Radvàny (appartiene allo Stato

718 1938 304 53 ungherese).

690 2087 366 43 Bruck Miksa

445 2193 1425 64 4 Nella propria casetta (appartiene allo Stato un¬

715 2276 239 60 gherese).

690 2419 521 66 Deàk Ébner Lajos

445 2537 1425 69 5</v> Il mercato del pollame (appartiene allo Stato

717 2625 304 55 ungherese).
