1446 2346
644 250 139 60 — 70 —

398 364 626 65 MELOTTE (Édouard-Auguste),

495 448 432 34 Né à Paris, élève de M. Navez.

286 488 852 43 Médaille d’or et deux rappels, Rouen; mention honorable,

461 536 498 37 Paris; médaille de vermeil, Alençon.

483 580 446 35 Rue de l'Impératrice, 76, Rouen.

288 619 438 38 258. Portrait de M. M***.

688 687 47 51 —

519 788 380 50 MERME (Charles),

536 861 345 35 Né à Cherbourg (Manche).

399 904 618 36 Rue de la Corderie, 16, à Lorient (Morbihan).

284 946 850 47 259. Les côtes de l’île Bourbon, saison de l’hiver¬

444 1010 85 31 nage.

682 1050 51 50 —

520 1152 377 50 MOLLET (Ernest),

282 1225 849 39 Né à Vouziers (Ardennes), élève de MM. Cœdès et Couture.

506 1272 399 32 Rue de la Victoire, 46, Paris.

284 1313 381 44 260. Lapin et Canard.

283 1367 401 44 261. Intérieur de forge.

683 1421 52 51 —

490 1525 427 51 MONGODIN (Victor),

390 1598 629 38 Né à Vire (Calvados), élève de M. de Rudder.

284 1640 845 41 Médailles St-Quentin, 1859; Caen, 1861; Alençon, 1865,

572 1688 258 33 et Le Havre, 1868.

539 1732 323 33 Rue Oudinot, 23, Paris.

282 1771 473 44 262. Le Déjeûner au Camp.
