1799 3134
218 363 1114 75 CARTONS, DESSINS, MINIATURES

555 466 427 55 ET PASTELS.

142 720 674 62 ALIGNY (TH. D’). (Voir page 1).

142 795 851 63 189. Vue de Genazzano (États-Romains).

304 864 661 48 Dessin à la plume exécuté en 1835.

139 929 760 56 190. Rochers et Châtaigniers; élude.

259 991 1078 55 Dessin à la plume, exécuté à Royat (Auvergne), en 1838.

134 1073 490 53 BELLEL. (Voir page 4).

137 1139 742 56 191. Vallée de Saint-Amé (Vosges).

318 1203 326 36 Dessin au fusain.

134 1279 608 63 BENOUVILLE. (Voir page 5.)

135 1359 712 58 192. Martyrs conduits au supplice.

312 1424 392 46 Dessin à l’aquarelle.

1054 1476 285 43 (Salon de 1852.)

129 1543 1245 70 BIDA (ALEXANDRE) , né à Toulouse (Haute-Garonne),

177 1596 1204 69 élève d'Eugène Delacroix, chevalier de la Légion¬

180 1650 432 50 d’Honneur en 1855.

127 1727 676 57 193. Réfectoire de moines grecs.

316 1791 429 46 Dessin au crayon noir.

1043 1845 295 41 (Salon de 1857.)

128 1897 688 55 194. L’Appel du soir, en Crimée.

316 1960 418 45 Dessin au crayon noir.

1026 2012 302 44 (Salon de 1857.)

123 2052 772 56 195. Le Champ de Booz, a Bethléem.

307 2115 421 47 Dessin au crayon noir.

1037 2169 293 43 (Salon de 1861.)

117 2226 519 55 COUDER. (Voir page 10.)

119 2299 789 60 196. Notre-Dame-des-Sept-Douleurs.

331 2376 1040 53 Dessin aux crayons noir et blanc sur papier gris, pour l'exé¬

296 2413 1076 51 cution des peintures qui décorent la chapelle du Saint-Sé¬

297 2447 866 48 pulcre dans l’église Saint-Germain-l’Auxerrois
