2117 3463
777 470 209 42 — 5 —

357 548 1050 72 M. CASSE, peintre, rue Stanislas, 20.

227 638 850 70 29. Le Christ (C.), (miniature).

229 715 1177 65 30. Portraits des enfants de M. B....., idem.

225 798 1315 71 31. Idem de Mme C..., de MM. M.....,B.....,

427 884 681 67 G..... C.....(miniature).

495 982 761 63 Mme CHARMEIL, de Metz.

231 1070 961 69 32. Bouquet de pensées, (aquarelle).

231 1152 774 63 33. Idem d’anémones, idem.

428 1220 907 76 Mme ADÈLE C....., à Lunéville.

230 1311 1305 65 Neuf tableaux de fleurs (aquarelle), sous les nos

296 1392 1085 68 34, 35, 36, 37, 38, 39, 40, 41 et 42.

413 1483 937 64 M. CRAS, rue Chapelrue, à Metz.

232 1565 699 64 43. Le Repos des bandits.

231 1645 1303 65 44. Scène du bateau à vapeur, le 18 octobre 1841,

427 1710 188 48 à Metz.

352 1798 1061 65 M. DEDOME, rue St-Julien, à Nancy.

230 1887 917 64 45. Portrait en pied de Mlle P.....

234 1967 690 48 46. Idem de M. Ed. P.....

234 2049 699 47 47. Portrait de M. O......

236 2128 621 49 48. Idem de M. S......

238 2215 1303 65 M. DEMANGE, Grande-Rue (ville vieille), 76.

237 2307 1309 65 49. Copie d’une tête de vieillard, (C.) (miniature.)

238 2387 981 66 50. Tête, d’après Rubens, (C.) idem.

240 2468 869 64 51. Etude de vieillard (C.) idem.

239 2549 842 50 52. Portrait de M. D..... idem.

231 2634 1319 71 53. Idem de Mme la comtesse de L... (C.) d’après

415 2716 1085 72 un tableau à l’huile du Musée de Nancy.
