1744 3121
386 433 1250 44 197. Le Christ et la Madeleine chez Simon le Pharisien.

600 506 1038 38 Dessin au crayon noir et au pastel qui a servi à l'exécution

563 542 791 35 du tableau de l’église Notre-Dame-de-Lorette.

385 627 1254 57 DAVID (MAXIME), né à Châlons-sur-Marne (Marne), élève

434 673 1203 68 de Mme de Mirbel, chevalier de la Légion-d’Honneur en

439 738 118 40 1851.

384 817 1254 51 198. Trois portraits d’Abd-el-Kader, représenté sous des

524 865 620 48 aspects différents (miniatures).

1317 917 281 40 (Salon de 1853.)

382 967 523 68 HEIM. (Voir la page 21.)

385 1060 1253 47 199. Portraits, au crayon noir rehaussé de blanc, de divers

526 1108 676 37 membres de l’Institut de France.

621 1180 425 48 Académie française :

548 1242 1088 43 Andrieux, Arnaud, le baron de Barante, le vicomte de

507 1283 1125 44 Bonald, Campenon, le comte Daru, Droz, Frayssinous,

504 1326 1127 40 évêque d’Hermopolis, Michaud, Parceval-Grandmaison, le

506 1367 605 41 marquis de Pastoret, Villemain.

617 1435 884 48 Académie des inscriptions et belles-lettres :

546 1496 1084 43 Le comte Alex. de Laborde, Raoul-Rochette, baron Syl¬

502 1538 750 42 vestre de Sacy, Quatremère de Quincy.

615 1607 491 36 Académie des sciences :

548 1667 1077 42 Baron Cuvier, Darcet, Geoffroy-Saint-Hilaire, de Mirbel,

502 1710 128 32 Serres.

618 1778 542 38 Académie des beaux-arts :

544 1840 1077 41 Auber, Berton, Bidault (1), Blondel, Boïeldieu, le baron

500 1882 1125 39 Bosio, Catel, le comte de Chabrol-Volvic, Cartellier, Chéru¬

500 1923 1124 41 bini, David d'Angers, le baron Desnoyers (1), Drolling,

498 1964 1125 42 Dupaty, Fontaine, le comte de Forbin, Galle (1), Garnier,

498 2007 1121 39 Gatteaux, baron Gérard, baron Gros, Guérin, Hersent,

496 2048 1127 41 Ingres, Labarre, Lebas, le baron Lemot, Lesueur, Le¬

496 2089 1123 41 thiers, Meynier, Petitot, Percier, Picot, Abel de Pujol,

497 2130 1123 41 Ramey père (1), Ramey fils, Régnault, Richomme, le comte

494 2171 1123 41 Siméon, Tardieu, baron Taylor, Thevenin, le comte Turpin

494 2213 772 39 de Crissé, Carie Vernet, Horace Vernet.

610 2284 285 35 Divers artistes

536 2343 1079 39 Mme Ancelot; Ansiaux, peintre; Bra, statuaire; Daguerre,

491 2374 1122 60 peintre; Debay père, statuaire; Mme Hersent, peintre;

406 2495 318 35 (1) Deux portraits.

377 322 65 96 40

499 351 1070 57 CARTONS, DESSINS, MINIATURES ET PASTELS.
