1749 2481
672.0 691.0 357.0 44.0 PORTRAITS

412.0 998.0 541.0 40.0 35. — Portrait de l’auteur.

594.0 1087.0 697.0 48.0 Signé à gauche, en bleu : 1842, Gustave

568.0 1142.0 127.0 26.0 Courbet.

598.0 1182.0 696.0 35.0 C’est par ce tableau que l’artiste a débuté au

566.0 1223.0 224.0 35.0 Salon de 1844.

865.0 1279.0 364.0 44.0 T. — H. 0.46. L. 0.56.

418.0 1428.0 883.0 58.0 36 — L’Homme à la ceinture de cuir, por¬

615.0 1498.0 421.0 47.0 trait du peintre jeune.

597.0 1583.0 523.0 35.0 Signé à gauche : Gustave Courbet.

597.0 1622.0 484.0 35.0 Exposition particulière de 1855.

603.0 1664.0 691.0 35.0 Ce portrait paraît être celui que le peintre,

566.0 1704.0 728.0 35.0 dans le catalogue de cette exposition, plaçait à

568.0 1744.0 710.0 36.0 la date de 1849, et désignait en ces termes

568.0 1785.0 697.0 35.0 « Portrait de l’auteur, étude des Vénitiens. »

879.0 1842.0 354.0 43.0 T. — H. 1.00. L. 0.78.

610.0 1912.0 687.0 41.0 Acheté pour l’État à la vente du 9 dé¬

567.0 1963.0 203.0 28.0 cembre 1881.
