2550 3299
1098 404 206 41 — 81 —

1775 419 106 28 SALA

629 503 1112 44 Coleman Enrico. — N. a Roma il 21 giu¬

544 560 1200 61 gno 1846. Suo padre era un valente pittore, in¬

541 626 1203 61 glese di nascita, il quale venuto a Roma per stu¬

543 703 1200 56 diarne le gallerie artistiche, s’innamorò talmente

547 772 1196 55 della campagna romana che pose stanza nella

542 838 1200 55 grande città e vi rimase fino alla morte. Il Coleman

547 908 1195 55 non ebbe bisogno di inscriversi in una Accademia;

541 974 1201 58 diventò pittore frequentando lo studio paterno.

552 1036 1189 60 «Quel tanto che faccio — egli scrive argutamente

539 1102 1202 60 — è il frutto spontaneo di ciò che credo una

546 1179 538 44 malattia ereditaria».

629 1309 1225 55 67 Sul gran Sasso d’Italia (Settembre). F

624 1523 1117 60 Collier John. — N. a Londra nel 1850. È il

536 1594 1202 55 secondogenito d' un lord, che tenne in Inghil¬

541 1672 1199 52 terra uffici eminenti. Gli fu maestro, nella sua

541 1731 1200 55 adolescenza, il Poynter, e, quando si recò al¬

540 1806 1201 55 l'estero a scopo di perfezionamento, studiò a Pari¬

543 1872 1198 60 gi sotto la guida di Jean Paul Laurens. Più tardi

544 1929 1200 58 fu discepolo di Alma Tadema. Cominciò ad espor¬

540 2008 1202 55 re nel 1876 al Salon parigino un suo quadro

550 2064 1188 58 «Andrea dal Castagno». Oltre ad una serie rag¬

537 2141 1205 59 guardevole di ritratti, ha condotto a termine molti

536 2196 1202 77 quadri segnalati di genere storico, come «L’ulti¬

542 2279 1200 57 mo viaggio di Enrico Hudson» «La morte

536 2334 1202 60 di Cleopatra», «Un bicchiere di vino con Ce¬

533 2416 389 55 sare Borgia».

621 2532 1221 57 68 Ninfa del bosco. A

1742 2630 24 39 6
