2550 3299
669 264 254 43 Sala VII.

687 377 1376 42 umili ricami domestici alle facciate dei castelli padronali del

684 428 1376 50 secolo XVII, quando il regime nazionale dei principi di Tran-

686 496 1377 43 silvania fece sbocciare la rinascenza ungherese. Questi motivi,

687 557 1379 43 pur non raggiungendo il garbo elegante e la ricercata finezza

686 616 1377 44 dei capilavori del Rinascimento, hanno il duplice vantaggio di

690 677 1375 44 possedere una chiara impronta paesana e di rispecchiare fedel¬

688 736 1378 45 mente l’anima del popolo. Così il concetto ornamentale del fregio

689 797 1378 43 e delle nicchie per la nostra Sala venne suggerito da certi an¬

687 856 1378 35 tichi mattoni da focolare che si trovano in una vecchia curio¬

684 914 1381 44 sissima casa a Kis-Borosnyò, nella contea di Hàromszék. Que¬

686 974 1376 42 sti mattoni, avanzi di una industria nella quale i vasai magiari

687 1032 1376 44 eccelsero per ben quattro secoli, sono così numerosi e così vari

687 1094 1316 40 da formare una vera sintesi dell’ornamentazione ungherese.

775 1140 1290 53 Scegliemmo l’oro quale fondo dell’ intiera sala poiché

690 1201 1375 47 — prescindendo dall’ impressione decorativa sì favorevole alle

684 1261 1381 58 opere — esso ci parve rievocare, insieme all’ argento e all’ori¬

688 1331 1379 43 fìcieria, la gloria del paese, ricco di preziosi metalli e di indu¬

687 1391 261 41 strie gentili.

782 1450 1282 42 La pittura e la scultura debbono il loro progredire alla

686 1509 1382 43 «Società di belle arti», sempre generosamente assistita dal Go¬

690 1570 1376 39 verno, mentre le arti minori trovarono valido e disinteressato

690 1629 1379 41 appoggio nella «Società d’Arte decorativa» e nel «R. Museo

687 1688 427 34 d’Arte decorativa».

778 1749 1286 42 E pur tacendo dei quadri, delle statue, degli oggetti qui

691 1808 1375 43 esposti, dobbiamo notare che l’arte contemporanea ungherese

687 1869 1380 42 segue con passo sicuro il movimento moderno, pur non dimen¬

688 1927 1377 42 ticando quegli speciali caratteri che l’avvincono alle care tra¬

689 1986 344 42 dizioni paesane.

784 2046 1284 43 Infine ci è doveroso rammentare la cordiale spontanea col¬

690 2106 1378 42 laborazione dei nostri compatrioti, sempre disposti al sacrifìcio

685 2166 1380 43 quando l’onore nazionale lo richieda. Così, anche questa volta,

689 2226 1379 43 i marmi del cammino e dello zoccolo, provenienti dalle cave

686 2285 1380 42 di Soborsin vennero forniti, al prezzo di costo, dallo scultore

693 2346 347 32 Nicolas Seidner.

1156 2407 711 40 I delegati del governo ungherese

902 2471 1185 60 BERTALAN KARLOVSZKY - JENÖ dE RADISICS

1203 2554 594 46 MIKLÒS SZMRECSÀNYl
