1928 2991
824 393 164 32 — 77 —

302 494 1229 51 COUSTURIER (Mme Henriette), née à Dijon (Côte¬

354 540 815 75 d’Or). — 11, boulevard de Clichy.

436 685 620 45 716 Des fleurs (peinture).

436 744 1070 46 717 Santa Maria dei Servi (Sienne), aquarelle.

434 803 620 46 718 A Fiesole (aquarelle).

306 1006 1200 90 COUTURIER (Claude), né à Paris. — 33, rue de

350 1093 704 51 Longchamp, Neuilly-sur-Seine.

366 1201 1140 90 719 La Roseraie du faune (coin de parc aban¬

605 1283 156 44 donné).

429 1341 505 41 720 Fleurs de Nice.

431 1400 613 46 721 Au bois de Boulogne.

306 1610 1202 84 CREED (Ninette), née à Paris. — 1, avenue Jules-

351 1677 227 67 Janin, 16e.

433 1819 510 42 722 Etude de fleurs.

432 1879 456 42 723 Etude de tête.

433 1938 225 42 724 Nu.

306 2126 1202 102 CSAKY (Joseph-A.), né en Hongrie. — 3 bis, place

356 2219 410 47 de la Sorbonne, 6e.

440 2348 759 50 725 Groupe de femmes (plâtre).

438 2407 677 49 726 Tête de femme (plâtre).
