2550 3299
1088 446 208 54 — 83 —

1763 462 106 28 SALA

540 537 1194 62 rato è «Pioggia d’oro», effetto di sole in un

537 607 780 59 bosco dalle gialle foglie cadenti.

625 701 1219 46 71 Sole di Settembre. L

619 769 1223 50 72 Vento del Nord. L

616 909 1117 64 Dagnan-Bouveret P. A. J. — N. il 7 gen¬

535 987 1198 59 naio 1852 à Parigi. Fu discepolo di Gérôme ed

530 1047 1200 66 espose per la prima volta al Salon del 1879 il

532 1123 1198 60 quadro «Un matrimonio mediante fotografie»,

530 1176 1200 74 cui seguirono «Benedizione d’un Pari» (1882),

544 1256 1189 60 «La Vaccinazione» (1883), «Cavalli all’ abbeve¬

530 1316 1200 64 ratoio» (1884), «Santa Vergine» (1885) «Pane

533 1385 1200 58 benedetto». Le opere del Dagnan-Bouveret s’in¬

530 1451 1197 55 spirano a una concezione delicata della vita, e

531 1524 1199 59 spesso ad un sentimento di dolce religiosità. Egli è

532 1593 928 58 il poeta delle pie costumanze bretoni.

616 1688 1222 47 73 Madonna. H

613 1830 1114 64 Dalbono Eduardo. — N. a Napoli nel 1843;

530 1902 1197 63 cominciò i suoi studi a Roma, indi tornato nella

530 1968 1200 58 sua città, ebbe a maestri Domenico Morelli e il

535 2044 1196 60 Mancinelli. Dimorò poi òtto anni a Parigi. Fra

533 2111 1195 60 le numerose opere uscite dal suo pennello, una

534 2178 1192 61 delle più felici è «La leggenda delle Sirene».

534 2247 1197 60 Egli rende con foga di colore e d'immaginazione

532 2315 810 45 l’intensa azzurrità del suo mare.

616 2411 1227 58 74 Il mare a Torre Annunziata. D

613 2556 1114 63 Da Molin Oreste. — N nel 1857 a Pieve di
