2236 3268
1036.0 242.0 219.0 40.0 — 17 —

599.0 356.0 731.0 54.0 219 Le Loing à Sorques.

600.0 427.0 634.0 53.0 220 Un coin à Episy.

599.0 498.0 659.0 53.0 221 Le Loing à Episy.

420.0 740.0 1450.0 57.0 BURAT, Alice (Marie-Elisabeth), née à Paris. —

474.0 812.0 732.0 54.0 8, place du Palais-Bourbon.

596.0 920.0 1277.0 54.0 222 Dessin à la plume, d’après un paysage

843.0 991.0 364.0 42.0 de Zuccarelli.

598.0 1061.0 1273.0 44.0 223 Rendez-Vous de chasse. Dessin à la

845.0 1133.0 177.0 53.0 plume.

596.0 1202.0 1274.0 54.0 224 Après le bombardement. Dessin à la

846.0 1272.0 770.0 55.0 plume d’après photographie.

596.0 1345.0 1212.0 53.0 225 Un dessous de bois. Dessina la plume.

417.0 1571.0 1452.0 57.0 CARRAZ, Emile, né à Paris. — 100, rue du Goulet, à

471.0 1647.0 348.0 54.0 Noisy-le-Sec.

566.0 1756.0 723.0 61.0 *226 Ferme de Boucy.

566.0 1825.0 1126.0 60.0 *227 Rivière des Prêtres (Charenton).

566.0 1888.0 956.0 80.0 *228 Gorge aux Loups (Fusain).

410.0 2110.0 1454.0 53.0 CASAS, Ramon, né à Barcelone (Espagne). — 3, rue

473.0 2181.0 415.0 53.0 Girardon, Paris.

560.0 2269.0 559.0 67.0 *229 Una Corrida.

564.0 2339.0 871.0 68.0 *230 Au Moulin de la Galette.

571.0 2423.0 867.0 55.0 *231 San Pere de Rindebilles.

560.0 2482.0 765.0 68.0 *232 Route de Barcelone.

554.0 2559.0 477.0 65.0 *233 Vallcarca.

565.0 2627.0 431.0 63.0 *234 Toilette.

560.0 2696.0 386.0 66.0 *235 Etude.
