1446 2346
629 264 141 26 — 72 —

504 309 376 51 MORIN (Gustave),

305 368 779 39 Né à Rouen, élève de Chaumont et de M. Léon Cogniet.

359 413 669 36 Chevalier de la Légion d'honneur; hors concours.

484 459 421 31 Enclave Sainte-Marie, à Rouen,

269 500 844 46 272 Pêcheuses de moules à Villerville (Calvados).

269 553 511 34 273. La Promenade du matin.

797 607 285 37 (Voir aux dessins.)

671 637 50 51 —

473 715 438 50 MORIN (Mlle Léonie),

361 772 659 35 Née à Rouen, élève de M. G. Morin, son père.

582 817 224 25 Médaille à Caen.

493 860 396 31 Enclave Sainte-Marie, Rouen,

269 900 303 34 274. Fleurs d’élé.

671 932 48 52 —

505 1020 372 51 MORRIS (Henry),

330 1079 718 38 Né à Liverpool (Angleterre), élève de Van Ysendyck.

479 1124 431 33 Boulevard de la Seine, à Poissy.

266 1166 396 36 275. Vue de Granville.

266 1217 851 44 276. Les Grèves de la Séez, près du Mont Saint¬

407 1258 117 32 Michel.

265 1309 754 46 277. Paysage près de Liverpool (Angleterre).

665 1349 54 51 —

412 1426 554 52 MOULIGNON (Léopold de),

265 1487 852 39 Né à Pontoise (Seine-et-Oise), élève de P. Delaroche et de

650 1536 81 25 Picot.

470 1577 433 33 Mention honorable, Paris, 1862.

499 1621 381 31 Rue de Bruxelles, 36, Paris.

264 1660 852 48 278. Le Rêve de Sybille (tiré du roman de

404 1703 258 42 M. O. Feuillet).

792 1757 285 38 (Voir aux dessins.)
