<?xml version="1.0" encoding="UTF-8" standalone="yes"?>
<PcGts xmlns="http://schema.primaresearch.org/PAGE/gts/pagecontent/2013-07-15" xmlns:xsi="http://www.w3.org/2001/XMLSchema-instance" xsi:schemaLocation="http://schema.primaresearch.org/PAGE/gts/pagecontent/2013-07-15 http://schema.primaresearch.org/PAGE/gts/pagecontent/2013-07-15/pagecontent.xsd">
    <Metadata>
        <Creator>Transkribus</Creator>
        <Created>2019-11-28T15:07:39.474+01:00</Created>
        <LastChange>2019-11-29T16:02:54.083+01:00</LastChange>
        <Comments>
                Measurement unit: pixel
                PrimaryLanguage: English
                Language: FrenchStandard
                Producer: Transkribus
            </Comments>
        <TranskribusMetadata docId="230689" pageId="10013125" pageNr="12" tsid="20068755" status="DONE" userId="10612" imgUrl="https://files.transkribus.eu/Get?id=OEWDMSYBDCINZTTLLVZCRZXL&amp;fileType=view" xmlUrl="https://files.transkribus.eu/Get?id=PBJNSMEZNFYNCIOAOGHYEGEU" imageId="6554701"/>
    </Metadata>
    <Page imageFilename="1845_05_14_CHA-0012.jpg" imageWidth="5866" imageHeight="9133">
        <PrintSpace>
            <Coords points="0,0 5866,0 5866,9133 0,9133"/>
        </PrintSpace>
        <ReadingOrder>
            <OrderedGroup id="ro_1604141254158" caption="Regions reading order">
                <RegionRefIndexed index="0" regionRef="r_1_1"/>
                <RegionRefIndexed index="1" regionRef="r_2_1"/>
                <RegionRefIndexed index="2" regionRef="r_2_2"/>
                <RegionRefIndexed index="3" regionRef="r_2_3"/>
                <RegionRefIndexed index="4" regionRef="r_2_4"/>
                <RegionRefIndexed index="5" regionRef="r_3_1"/>
                <RegionRefIndexed index="6" regionRef="r_3_2"/>
                <RegionRefIndexed index="7" regionRef="r_3_3"/>
                <RegionRefIndexed index="8" regionRef="r_3_4"/>
                <RegionRefIndexed index="9" regionRef="r_3_5"/>
                <RegionRefIndexed index="10" regionRef="r_3_6"/>
                <RegionRefIndexed index="11" regionRef="r_3_7"/>
                <RegionRefIndexed index="12" regionRef="r_3_8"/>
                <RegionRefIndexed index="13" regionRef="r_3_9"/>
                <RegionRefIndexed index="14" regionRef="r_3_10"/>
                <RegionRefIndexed index="15" regionRef="r_3_11"/>
                <RegionRefIndexed index="16" regionRef="r_3_12"/>
                <RegionRefIndexed index="17" regionRef="r_3_13"/>
                <RegionRefIndexed index="18" regionRef="r_3_14"/>
            </OrderedGroup>
        </ReadingOrder>
        <TextRegion type="paragraph" id="r_1_1" custom="readingOrder {index:0;}">
            <Coords points="1887,1021 4086,1021 4086,1281 1887,1281"/>
            <TextLine id="tl_1" primaryLanguage="English" custom="readingOrder {index:0;}">
                <Coords points="1888,1022 4085,1022 4085,1280 1888,1280"/>
                <Baseline points="1888,1234 4084,1272"/>
                <Word id="w_w2aab1b1b2b1b1ab1" language="English" custom="readingOrder {index:0;}">
                    <Coords points="1888,1036 4084,1036 4084,1274 1888,1274"/>
                    <TextEquiv>
                        <Unicode>CATALOGUE</Unicode>
                    </TextEquiv>
                    <TextStyle fontFamily="Times New Roman" fontSize="20.0" bold="true"/>
                </Word>
                <TextEquiv>
                    <Unicode>CATALOGUE</Unicode>
                </TextEquiv>
                <TextStyle fontFamily="Times New Roman" fontSize="20.0" bold="true"/>
            </TextLine>
            <TextEquiv>
                <Unicode>CATALOGUE</Unicode>
            </TextEquiv>
        </TextRegion>
        <TextRegion type="paragraph" id="r_2_1" custom="readingOrder {index:1;}">
            <Coords points="2833,1459 3167,1459 3167,1575 2833,1575"/>
            <TextLine id="tl_2" primaryLanguage="English" custom="readingOrder {index:0;}">
                <Coords points="2834,1460 3166,1460 3166,1574 2834,1574"/>
                <Baseline points="2834,1568 3166,1572"/>
                <Word id="w_w2aab1b3b2b1b1ab1" language="English" custom="readingOrder {index:0;}">
                    <Coords points="2834,1462 3166,1462 3166,1572 2834,1572"/>
                    <TextEquiv>
                        <Unicode>d’une</Unicode>
                    </TextEquiv>
                    <TextStyle fontFamily="Arial" fontSize="8.0" bold="true"/>
                </Word>
                <TextEquiv>
                    <Unicode>D'UNE</Unicode>
                </TextEquiv>
                <TextStyle fontFamily="Arial" fontSize="8.0" bold="true"/>
            </TextLine>
            <TextEquiv>
                <Unicode>D'UNE</Unicode>
            </TextEquiv>
        </TextRegion>
        <TextRegion type="paragraph" id="r_2_2" custom="readingOrder {index:2;}">
            <Coords points="2177,1777 3794,1777 3794,1943 2177,1943"/>
            <TextLine id="tl_3" primaryLanguage="English" custom="readingOrder {index:0;}">
                <Coords points="2178,1778 3793,1778 3793,1942 2178,1942"/>
                <Baseline points="2178,1904 2689,1913 3793,1938"/>
                <Word id="w_w2aab1b3b2b3b1ab1" language="English" custom="readingOrder {index:0;}">
                    <Coords points="2178,1780 2689,1780 2689,1913 2178,1913"/>
                    <TextEquiv>
                        <Unicode>BELLE</Unicode>
                    </TextEquiv>
                    <TextStyle fontFamily="Times New Roman" fontSize="10.5" bold="true"/>
                </Word>
                <Word id="w_w2aab1b3b2b3b1ac13" language="English" custom="readingOrder {index:1;}">
                    <Coords points="2772,1791 3793,1791 3793,1938 2772,1938"/>
                    <TextEquiv>
                        <Unicode>COLLECTION</Unicode>
                    </TextEquiv>
                    <TextStyle fontFamily="Times New Roman" fontSize="10.5" bold="true"/>
                </Word>
                <TextEquiv>
                    <Unicode>BELLE COLLECTION</Unicode>
                </TextEquiv>
                <TextStyle fontFamily="Times New Roman" fontSize="10.5" bold="true"/>
            </TextLine>
            <TextEquiv>
                <Unicode>BELLE COLLECTION</Unicode>
            </TextEquiv>
        </TextRegion>
        <TextRegion type="paragraph" id="r_2_3" custom="readingOrder {index:3;}">
            <Coords points="2941,2144 3052,2144 3052,2205 2941,2205"/>
            <TextLine id="tl_4" primaryLanguage="English" custom="readingOrder {index:0;}">
                <Coords points="2942,2145 3051,2145 3051,2204 2942,2204"/>
                <Baseline points="2942,2200 3051,2204"/>
                <Word id="w_w2aab1b3b2b5b1ab1" language="English" custom="readingOrder {index:0;}">
                    <Coords points="2942,2147 3051,2147 3051,2204 2942,2204"/>
                    <TextEquiv>
                        <Unicode>DE</Unicode>
                    </TextEquiv>
                    <TextStyle fontFamily="Times New Roman" fontSize="5.5" bold="true"/>
                </Word>
                <TextEquiv>
                    <Unicode>DE</Unicode>
                </TextEquiv>
                <TextStyle fontFamily="Times New Roman" fontSize="5.5" bold="true"/>
            </TextLine>
            <TextEquiv>
                <Unicode>DE</Unicode>
            </TextEquiv>
        </TextRegion>
        <TextRegion type="paragraph" id="r_2_4" custom="readingOrder {index:4;}">
            <Coords points="1063,2387 4910,2387 4910,2724 1063,2724"/>
            <TextLine id="tl_5" primaryLanguage="English" custom="readingOrder {index:0;}">
                <Coords points="1064,2388 4909,2388 4909,2723 1064,2723"/>
                <Baseline points="1064,2639 2398,2658 4905,2715"/>
                <Word id="w_w2aab1b3b2b7b1ab1" language="English" custom="readingOrder {index:0;}">
                    <Coords points="1064,2396 2398,2396 2398,2658 1064,2658"/>
                    <TextEquiv>
                        <Unicode>LETTRES</Unicode>
                    </TextEquiv>
                    <TextStyle fontFamily="Times New Roman" fontSize="22.0"/>
                </Word>
                <Word id="w_w2aab1b3b2b7b1ac17" language="English" custom="readingOrder {index:1;}">
                    <Coords points="2584,2422 4905,2422 4905,2721 2584,2721"/>
                    <TextEquiv>
                        <Unicode>AUTOGRAPHES.</Unicode>
                    </TextEquiv>
                    <TextStyle fontFamily="Times New Roman" fontSize="22.0"/>
                </Word>
                <TextEquiv>
                    <Unicode>LETTRES AUTOGRAPHES.</Unicode>
                </TextEquiv>
                <TextStyle fontFamily="Times New Roman" fontSize="22.0"/>
            </TextLine>
            <TextEquiv>
                <Unicode>LETTRES AUTOGRAPHES.</Unicode>
            </TextEquiv>
        </TextRegion>
        <TextRegion type="paragraph" id="r_3_1" custom="readingOrder {index:5;}">
            <Coords points="2063,3453 3892,3453 3892,3634 2063,3634"/>
            <TextLine id="tl_6" primaryLanguage="English" custom="readingOrder {index:0;}">
                <Coords points="2064,3454 3891,3454 3891,3633 2064,3633"/>
                <Baseline points="2064,3592 2916,3607 3888,3631"/>
                <Word id="w_w2aab1b5b2b1b1ab1" language="English" custom="readingOrder {index:0;}">
                    <Coords points="2064,3465 2916,3465 2916,3607 2064,3607"/>
                    <TextEquiv>
                        <Unicode>PREMIÈRE</Unicode>
                    </TextEquiv>
                    <TextStyle fontFamily="Times New Roman" fontSize="10.5" bold="true"/>
                </Word>
                <Word id="w_w2aab1b5b2b1b1ac19" language="English" custom="readingOrder {index:1;}">
                    <Coords points="2998,3503 3888,3503 3888,3632 2998,3632"/>
                    <TextEquiv>
                        <Unicode>VACATION.</Unicode>
                    </TextEquiv>
                    <TextStyle fontFamily="Times New Roman" fontSize="10.5" bold="true"/>
                </Word>
                <TextEquiv>
                    <Unicode>PREMIÈRE VACATION.</Unicode>
                </TextEquiv>
                <TextStyle fontFamily="Times New Roman" fontSize="10.5" bold="true"/>
            </TextLine>
            <TextEquiv>
                <Unicode>PREMIÈRE VACATION.</Unicode>
            </TextEquiv>
        </TextRegion>
        <TextRegion type="paragraph" id="r_3_2" custom="readingOrder {index:6;}">
            <Coords points="1549,3729 4389,3729 4389,3901 1549,3901"/>
            <TextLine id="tl_7" primaryLanguage="English" custom="readingOrder {index:0;}">
                <Coords points="1550,3730 4388,3730 4388,3900 1550,3900"/>
                <Baseline points="1550,3835 2282,3844 2524,3850 2906,3855 3048,3860 4077,3885 4386,3894"/>
                <Word id="w_w2aab1b5b2b3b1ab1" language="English" custom="readingOrder {index:0;}">
                    <Coords points="1550,3738 2282,3738 2282,3844 1550,3844"/>
                    <TextEquiv>
                        <Unicode>Mercredi</Unicode>
                    </TextEquiv>
                    <TextStyle fontFamily="Times New Roman" fontSize="9.5" bold="true"/>
                </Word>
                <Word id="w_w2aab1b5b2b3b1ac19" language="English" custom="readingOrder {index:1;}">
                    <Coords points="2350,3756 2524,3756 2524,3850 2350,3850"/>
                    <TextEquiv>
                        <Unicode>A4</Unicode>
                    </TextEquiv>
                    <TextStyle fontFamily="Times New Roman" fontSize="9.5" bold="true"/>
                </Word>
                <Word id="w_w2aab1b5b2b3b1ac25" language="English" custom="readingOrder {index:2;}">
                    <Coords points="2598,3760 2906,3760 2906,3857 2598,3857"/>
                    <TextEquiv>
                        <Unicode>mai</Unicode>
                    </TextEquiv>
                    <TextStyle fontFamily="Times New Roman" fontSize="9.5" bold="true"/>
                </Word>
                <Word id="w_w2aab1b5b2b3b1ac33" language="English" custom="readingOrder {index:3;}">
                    <Coords points="2974,3766 3377,3766 3377,3866 2974,3866"/>
                    <TextEquiv>
                        <Unicode>1845.</Unicode>
                    </TextEquiv>
                    <TextStyle fontFamily="Times New Roman" fontSize="9.5" bold="true"/>
                </Word>
                <Word id="w_w2aab1b5b2b3b1b1b1" language="English" custom="readingOrder {index:4;}">
                    <Coords points="3425,3779 4077,3779 4077,3885 3425,3885"/>
                    <TextEquiv>
                        <Unicode>-Via</Unicode>
                    </TextEquiv>
                    <TextStyle fontFamily="Times New Roman" fontSize="9.5" bold="true"/>
                </Word>
                <Word id="w_w2aab1b5b2b3b1b1c11" language="English" custom="readingOrder {index:5;}">
                    <Coords points="4148,3797 4386,3797 4386,3894 4148,3894"/>
                    <TextEquiv>
                        <Unicode>94.</Unicode>
                    </TextEquiv>
                    <TextStyle fontFamily="Times New Roman" fontSize="9.5" bold="true"/>
                </Word>
                <TextEquiv>
                    <Unicode>Mercredi 14 mai 1845. -Via 94.</Unicode>
                </TextEquiv>
            </TextLine>
            <TextEquiv>
                <Unicode>Mercredi 14 mai 1845. -Via 94.</Unicode>
            </TextEquiv>
        </TextRegion>
        <TextRegion type="paragraph" id="r_3_3" custom="readingOrder {index:7;}">
            <Coords points="1115,3935 3194,3935 3194,4158 1115,4158"/>
            <TextLine id="tl_8" primaryLanguage="English" custom="readingOrder {index:0;}">
                <Coords points="1116,3936 3193,3936 3193,4157 1116,4157"/>
                <Baseline points="1116,4087 1159,4087 2153,4100 3191,4115"/>
                <Word id="w_w2aab1b5b2b5b1ab1" language="English" custom="readingOrder {index:0;}">
                    <Coords points="1116,3992 1159,3992 1159,4087 1116,4087"/>
                    <TextEquiv>
                        <Unicode>1</Unicode>
                    </TextEquiv>
                    <TextStyle fontFamily="Times New Roman" fontSize="10.5" bold="true"/>
                </Word>
                <Word id="w_w2aab1b5b2b5b1ab5" language="English" custom="readingOrder {index:1;}">
                    <Coords points="1298,3951 2153,3951 2153,4102 1298,4102"/>
                    <TextEquiv>
                        <Unicode>ACADÉMIE</Unicode>
                    </TextEquiv>
                    <TextStyle fontFamily="Times New Roman" fontSize="10.5" bold="true"/>
                </Word>
                <Word id="w_w2aab1b5b2b5b1ac23" language="English" custom="readingOrder {index:2;}">
                    <Coords points="2212,3991 3191,3991 3191,4148 2212,4148"/>
                    <TextEquiv>
                        <Unicode>FRANÇAISE.</Unicode>
                    </TextEquiv>
                    <TextStyle fontFamily="Times New Roman" fontSize="10.5" bold="true"/>
                </Word>
                <TextEquiv>
                    <Unicode>1 ACADÉMIE FRANÇAISE.</Unicode>
                </TextEquiv>
                <TextStyle fontFamily="Times New Roman" fontSize="10.5" bold="true"/>
            </TextLine>
            <TextEquiv>
                <Unicode>1 ACADÉMIE FRANÇAISE.</Unicode>
            </TextEquiv>
        </TextRegion>
        <TextRegion type="paragraph" id="r_3_4" custom="readingOrder {index:8;}">
            <Coords points="1319,4123 4904,4123 4904,5359 1319,5359"/>
            <TextLine id="tl_9" primaryLanguage="English" custom="readingOrder {index:0;}">
                <Coords points="1457,4124 4903,4124 4903,4314 1457,4314"/>
                <Baseline points="1457,4228 1793,4231 1955,4233 2487,4241 2651,4247 3275,4257 3832,4282 4056,4273 4374,4282 4552,4286 4902,4300"/>
                <Word id="w_w2aab1b5b2b7b1ab1" language="English" custom="readingOrder {index:0;}">
                    <Coords points="1457,4138 1793,4138 1793,4231 1457,4231"/>
                    <TextEquiv>
                        <Unicode>Arrêté</Unicode>
                    </TextEquiv>
                    <TextStyle fontFamily="Times New Roman" fontSize="9.0"/>
                </Word>
                <Word id="w_w2aab1b5b2b7b1ac15" language="English" custom="readingOrder {index:1;}">
                    <Coords points="1835,4139 1955,4139 1955,4233 1835,4233"/>
                    <TextEquiv>
                        <Unicode>de</Unicode>
                    </TextEquiv>
                    <TextStyle fontFamily="Times New Roman" fontSize="9.0"/>
                </Word>
                <Word id="w_w2aab1b5b2b7b1ac21" language="English" custom="readingOrder {index:2;}">
                    <Coords points="1987,4148 2487,4148 2487,4241 1987,4241"/>
                    <TextEquiv>
                        <Unicode>Messieurs</Unicode>
                    </TextEquiv>
                    <TextStyle fontFamily="Times New Roman" fontSize="9.0"/>
                </Word>
                <Word id="w_w2aab1b5b2b7b1ac41" language="English" custom="readingOrder {index:3;}">
                    <Coords points="2531,4152 2651,4152 2651,4247 2531,4247"/>
                    <TextEquiv>
                        <Unicode>de</Unicode>
                    </TextEquiv>
                    <TextStyle fontFamily="Times New Roman" fontSize="9.0"/>
                </Word>
                <Word id="w_w2aab1b5b2b7b1ac47" language="English" custom="readingOrder {index:4;}">
                    <Coords points="2695,4155 3275,4155 3275,4257 2695,4257"/>
                    <TextEquiv>
                        <Unicode>l’Académie</Unicode>
                    </TextEquiv>
                    <TextStyle fontFamily="Times New Roman" fontSize="9.0"/>
                </Word>
                <Word id="w_w2aab1b5b2b7b1ac69" language="English" custom="readingOrder {index:5;}">
                    <Coords points="3305,4166 3832,4166 3832,4284 3305,4284"/>
                    <TextEquiv>
                        <Unicode>française,</Unicode>
                    </TextEquiv>
                    <TextStyle fontFamily="Times New Roman" fontSize="9.0"/>
                </Word>
                <Word id="w_w2aab1b5b2b7b1ac91" language="English" custom="readingOrder {index:6;}">
                    <Coords points="3877,4183 4056,4183 4056,4273 3877,4273"/>
                    <TextEquiv>
                        <Unicode>mis</Unicode>
                    </TextEquiv>
                    <TextStyle fontFamily="Times New Roman" fontSize="9.0"/>
                </Word>
                <Word id="w_w2aab1b5b2b7b1ac99" language="English" custom="readingOrder {index:7;}">
                    <Coords points="4103,4199 4374,4199 4374,4282 4103,4282"/>
                    <TextEquiv>
                        <Unicode>entre</Unicode>
                    </TextEquiv>
                    <TextStyle fontFamily="Times New Roman" fontSize="9.0"/>
                </Word>
                <Word id="w_w2aab1b5b2b7b1ad111" language="English" custom="readingOrder {index:8;}">
                    <Coords points="4417,4195 4552,4195 4552,4287 4417,4287"/>
                    <TextEquiv>
                        <Unicode>les</Unicode>
                    </TextEquiv>
                    <TextStyle fontFamily="Times New Roman" fontSize="9.0"/>
                </Word>
                <Word id="w_w2aab1b5b2b7b1ad119" language="English" custom="readingOrder {index:9;}">
                    <Coords points="4595,4205 4902,4205 4902,4300 4595,4300"/>
                    <TextEquiv>
                        <Unicode>mains</Unicode>
                    </TextEquiv>
                    <TextStyle fontFamily="Times New Roman" fontSize="9.0"/>
                </Word>
                <TextEquiv>
                    <Unicode>Arrêté de Messieurs de l’Académie française, mis entre les mains</Unicode>
                </TextEquiv>
                <TextStyle fontFamily="Times New Roman" fontSize="9.0"/>
            </TextLine>
            <TextLine id="tl_10" primaryLanguage="English" custom="readingOrder {index:1;}">
                <Coords points="1330,4245 4900,4245 4900,4444 1330,4444"/>
                <Baseline points="1331,4342 1450,4348 2172,4358 2308,4361 2892,4370 3527,4395 3692,4387 3958,4395 4122,4396 4278,4398 4562,4410 4718,4414 4898,4444"/>
                <Word id="w_w2aab1b5b2b7b3ab1" language="English" custom="readingOrder {index:0;}">
                    <Coords points="1331,4253 1450,4253 1450,4348 1331,4348"/>
                    <TextEquiv>
                        <Unicode>de</Unicode>
                    </TextEquiv>
                    <TextStyle fontFamily="Times New Roman" fontSize="9.0"/>
                </Word>
                <Word id="w_w2aab1b5b2b7b3ab7" language="English" custom="readingOrder {index:1;}">
                    <Coords points="1499,4262 2172,4262 2172,4376 1499,4376"/>
                    <TextEquiv>
                        <Unicode>Monseigneur</Unicode>
                    </TextEquiv>
                    <TextStyle fontFamily="Times New Roman" fontSize="9.0"/>
                </Word>
                <Word id="w_w2aab1b5b2b7b3ac31" language="English" custom="readingOrder {index:2;}">
                    <Coords points="2217,4271 2308,4271 2308,4361 2217,4361"/>
                    <TextEquiv>
                        <Unicode>le</Unicode>
                    </TextEquiv>
                    <TextStyle fontFamily="Times New Roman" fontSize="9.0"/>
                </Word>
                <Word id="w_w2aab1b5b2b7b3ac37" language="English" custom="readingOrder {index:3;}">
                    <Coords points="2351,4275 2892,4275 2892,4370 2351,4370"/>
                    <TextEquiv>
                        <Unicode>chancelier</Unicode>
                    </TextEquiv>
                    <TextStyle fontFamily="Times New Roman" fontSize="9.0"/>
                </Word>
                <Word id="w_w2aab1b5b2b7b3ac59" language="English" custom="readingOrder {index:4;}">
                    <Coords points="2928,4287 3527,4287 3527,4395 2928,4395"/>
                    <TextEquiv>
                        <Unicode>Protecteur,</Unicode>
                    </TextEquiv>
                    <TextStyle fontFamily="Times New Roman" fontSize="9.0"/>
                </Word>
                <Word id="w_w2aab1b5b2b7b3ac83" language="English" custom="readingOrder {index:5;}">
                    <Coords points="3574,4318 3692,4318 3692,4387 3574,4387"/>
                    <TextEquiv>
                        <Unicode>en</Unicode>
                    </TextEquiv>
                    <TextStyle fontFamily="Times New Roman" fontSize="9.0"/>
                </Word>
                <Word id="w_w2aab1b5b2b7b3ac89" language="English" custom="readingOrder {index:6;}">
                    <Coords points="3736,4300 3958,4300 3958,4395 3736,4395"/>
                    <TextEquiv>
                        <Unicode>date</Unicode>
                    </TextEquiv>
                    <TextStyle fontFamily="Times New Roman" fontSize="9.0"/>
                </Word>
                <Word id="w_w2aab1b5b2b7b3ac99" language="English" custom="readingOrder {index:7;}">
                    <Coords points="3994,4306 4122,4306 4122,4397 3994,4397"/>
                    <TextEquiv>
                        <Unicode>du</Unicode>
                    </TextEquiv>
                    <TextStyle fontFamily="Times New Roman" fontSize="9.0"/>
                </Word>
                <Word id="w_w2aab1b5b2b7b3ad105" language="English" custom="readingOrder {index:8;}">
                    <Coords points="4174,4315 4278,4315 4278,4398 4174,4398"/>
                    <TextEquiv>
                        <Unicode>15</Unicode>
                    </TextEquiv>
                    <TextStyle fontFamily="Times New Roman" fontSize="9.0"/>
                </Word>
                <Word id="w_w2aab1b5b2b7b3ad111" language="English" custom="readingOrder {index:9;}">
                    <Coords points="4318,4321 4562,4321 4562,4410 4318,4410"/>
                    <TextEquiv>
                        <Unicode>avril</Unicode>
                    </TextEquiv>
                    <TextStyle fontFamily="Times New Roman" fontSize="9.0"/>
                </Word>
                <Word id="w_w2aab1b5b2b7b3ad123" language="English" custom="readingOrder {index:10;}">
                    <Coords points="4608,4327 4840,4327 4840,4419 4608,4419"/>
                    <TextEquiv>
                        <Unicode>1659</Unicode>
                    </TextEquiv>
                    <TextStyle fontFamily="Times New Roman" fontSize="9.0"/>
                </Word>
                <Word id="w_w2aab1b5b2b7b3b1b1" language="English" custom="readingOrder {index:11;}">
                    <Coords points="4871,4401 4898,4401 4898,4444 4871,4444"/>
                    <TextEquiv>
                        <Unicode>,</Unicode>
                    </TextEquiv>
                    <TextStyle fontFamily="Times New Roman" fontSize="9.0"/>
                </Word>
                <TextEquiv>
                    <Unicode>de Monseigneur le chancelier Protecteur, en date du 15 avril 1659,</Unicode>
                </TextEquiv>
            </TextLine>
            <TextLine id="tl_11" primaryLanguage="English" custom="readingOrder {index:2;}">
                <Coords points="1335,4363 4901,4363 4901,4568 1335,4568"/>
                <Baseline points="1335,4488 1571,4469 1750,4471 2335,4478 2469,4483 2816,4487 3147,4496 3479,4504 3715,4509 3887,4515 4161,4521 4429,4527 4607,4533 4900,4518"/>
                <Word id="w_w2aab1b5b2b7b5ab1" language="English" custom="readingOrder {index:0;}">
                    <Coords points="1335,4404 1571,4404 1571,4488 1335,4488"/>
                    <TextEquiv>
                        <Unicode>pour</Unicode>
                    </TextEquiv>
                    <TextStyle fontFamily="Times New Roman" fontSize="9.0"/>
                </Word>
                <Word id="w_w2aab1b5b2b7b5ac11" language="English" custom="readingOrder {index:1;}">
                    <Coords points="1612,4383 1750,4383 1750,4472 1612,4472"/>
                    <TextEquiv>
                        <Unicode>lui</Unicode>
                    </TextEquiv>
                    <TextStyle fontFamily="Times New Roman" fontSize="9.0"/>
                </Word>
                <Word id="w_w2aab1b5b2b7b5ac19" language="English" custom="readingOrder {index:2;}">
                    <Coords points="1802,4387 2335,4387 2335,4502 1802,4502"/>
                    <TextEquiv>
                        <Unicode>témoigner</Unicode>
                    </TextEquiv>
                    <TextStyle fontFamily="Times New Roman" fontSize="9.0"/>
                </Word>
                <Word id="w_w2aab1b5b2b7b5ac39" language="English" custom="readingOrder {index:3;}">
                    <Coords points="2380,4395 2469,4395 2469,4483 2380,4483"/>
                    <TextEquiv>
                        <Unicode>le</Unicode>
                    </TextEquiv>
                    <TextStyle fontFamily="Times New Roman" fontSize="9.0"/>
                </Word>
                <Word id="w_w2aab1b5b2b7b5ac45" language="English" custom="readingOrder {index:4;}">
                    <Coords points="2513,4400 2816,4400 2816,4509 2513,4509"/>
                    <TextEquiv>
                        <Unicode>grand</Unicode>
                    </TextEquiv>
                    <TextStyle fontFamily="Times New Roman" fontSize="9.0"/>
                </Word>
                <Word id="w_w2aab1b5b2b7b5ac57" language="English" custom="readingOrder {index:5;}">
                    <Coords points="2886,4400 3147,4400 3147,4496 2886,4496"/>
                    <TextEquiv>
                        <Unicode>désir</Unicode>
                    </TextEquiv>
                    <TextStyle fontFamily="Times New Roman" fontSize="9.0"/>
                </Word>
                <Word id="w_w2aab1b5b2b7b5ac69" language="English" custom="readingOrder {index:6;}">
                    <Coords points="3197,4413 3479,4413 3479,4525 3197,4525"/>
                    <TextEquiv>
                        <Unicode>qu'ils</Unicode>
                    </TextEquiv>
                    <TextStyle fontFamily="Times New Roman" fontSize="9.0"/>
                </Word>
                <Word id="w_w2aab1b5b2b7b5ac83" language="English" custom="readingOrder {index:7;}">
                    <Coords points="3548,4429 3715,4429 3715,4509 3548,4509"/>
                    <TextEquiv>
                        <Unicode>ont</Unicode>
                    </TextEquiv>
                    <TextStyle fontFamily="Times New Roman" fontSize="9.0"/>
                </Word>
                <Word id="w_w2aab1b5b2b7b5ac91" language="English" custom="readingOrder {index:8;}">
                    <Coords points="3767,4422 3887,4422 3887,4515 3767,4515"/>
                    <TextEquiv>
                        <Unicode>de</Unicode>
                    </TextEquiv>
                    <TextStyle fontFamily="Times New Roman" fontSize="9.0"/>
                </Word>
                <Word id="w_w2aab1b5b2b7b5ac97" language="English" custom="readingOrder {index:9;}">
                    <Coords points="3955,4429 4161,4429 4161,4521 3955,4521"/>
                    <TextEquiv>
                        <Unicode>voir</Unicode>
                    </TextEquiv>
                    <TextStyle fontFamily="Times New Roman" fontSize="9.0"/>
                </Word>
                <Word id="w_w2aab1b5b2b7b5ad107" language="English" custom="readingOrder {index:10;}">
                    <Coords points="4203,4432 4429,4432 4429,4528 4203,4528"/>
                    <TextEquiv>
                        <Unicode>finir</Unicode>
                    </TextEquiv>
                    <TextStyle fontFamily="Times New Roman" fontSize="9.0"/>
                </Word>
                <Word id="w_w2aab1b5b2b7b5ad119" language="English" custom="readingOrder {index:11;}">
                    <Coords points="4471,4442 4607,4442 4607,4538 4471,4538"/>
                    <TextEquiv>
                        <Unicode>les</Unicode>
                    </TextEquiv>
                    <TextStyle fontFamily="Times New Roman" fontSize="9.0"/>
                </Word>
                <Word id="w_w2aab1b5b2b7b5ad127" language="English" custom="readingOrder {index:12;}">
                    <Coords points="4645,4444 4900,4444 4900,4542 4645,4542"/>
                    <TextEquiv>
                        <Unicode>divi¬</Unicode>
                    </TextEquiv>
                    <TextStyle fontFamily="Times New Roman" fontSize="9.0"/>
                </Word>
                <TextEquiv>
                    <Unicode>pour lui témoigner le grand désir qu'ils ont de voir finir les divi¬</Unicode>
                </TextEquiv>
                <TextStyle fontFamily="Times New Roman" fontSize="9.0"/>
            </TextLine>
            <TextLine id="tl_12" primaryLanguage="English" custom="readingOrder {index:3;}">
                <Coords points="1335,4487 4896,4487 4896,4688 1335,4688"/>
                <Baseline points="1335,4586 1591,4589 1793,4592 1933,4595 2552,4601 2726,4599 2853,4610 3049,4618 3315,4622 3412,4626 3613,4631 4029,4640 4176,4646 4598,4659 4895,4686"/>
                <Word id="w_w2aab1b5b2b7b7ab1" language="English" custom="readingOrder {index:0;}">
                    <Coords points="1335,4502 1591,4502 1591,4590 1335,4590"/>
                    <TextEquiv>
                        <Unicode>sions</Unicode>
                    </TextEquiv>
                    <TextStyle fontFamily="Times New Roman" fontSize="9.0"/>
                </Word>
                <Word id="w_w2aab1b5b2b7b7ac13" language="English" custom="readingOrder {index:1;}">
                    <Coords points="1627,4505 1793,4505 1793,4615 1627,4615"/>
                    <TextEquiv>
                        <Unicode>qui</Unicode>
                    </TextEquiv>
                    <TextStyle fontFamily="Times New Roman" fontSize="9.0"/>
                </Word>
                <Word id="w_w2aab1b5b2b7b7ac21" language="English" custom="readingOrder {index:2;}">
                    <Coords points="1843,4509 1933,4509 1933,4595 1843,4595"/>
                    <TextEquiv>
                        <Unicode>la</Unicode>
                    </TextEquiv>
                    <TextStyle fontFamily="Times New Roman" fontSize="9.0"/>
                </Word>
                <Word id="w_w2aab1b5b2b7b7ac27" language="English" custom="readingOrder {index:3;}">
                    <Coords points="1989,4513 2638,4513 2638,4608 1989,4608"/>
                    <TextEquiv>
                        <Unicode>troublent....</Unicode>
                    </TextEquiv>
                    <TextStyle fontFamily="Times New Roman" fontSize="9.0"/>
                </Word>
                <Word id="w_w2aab1b5b2b7b7b1b1" language="English" custom="readingOrder {index:4;}">
                    <Coords points="2681,4525 2726,4525 2726,4608 2681,4608"/>
                    <TextEquiv>
                        <Unicode>«</Unicode>
                    </TextEquiv>
                    <TextStyle fontFamily="Times New Roman" fontSize="9.0"/>
                </Word>
                <Word id="w_w2aab1b5b2b7b7b2b1" language="English" custom="readingOrder {index:5;}">
                    <Coords points="2781,4526 2853,4526 2853,4610 2781,4610"/>
                    <TextEquiv>
                        <Unicode>A</Unicode>
                    </TextEquiv>
                    <TextStyle fontFamily="Times New Roman" fontSize="9.0"/>
                </Word>
                <Word id="w_w2aab1b5b2b7b7b2b5" language="English" custom="readingOrder {index:6;}">
                    <Coords points="2899,4537 3049,4537 3049,4618 2899,4618"/>
                    <TextEquiv>
                        <Unicode>cet</Unicode>
                    </TextEquiv>
                    <TextStyle fontFamily="Times New Roman" fontSize="9.0"/>
                </Word>
                <Word id="w_w2aab1b5b2b7b7b2c13" language="English" custom="readingOrder {index:7;}">
                    <Coords points="3087,4530 3315,4530 3315,4622 3087,4622"/>
                    <TextEquiv>
                        <Unicode>effet</Unicode>
                    </TextEquiv>
                    <TextStyle fontFamily="Times New Roman" fontSize="9.0"/>
                </Word>
                <Word id="w_w2aab1b5b2b7b7b2c25" language="English" custom="readingOrder {index:8;}">
                    <Coords points="3361,4559 3412,4559 3412,4626 3361,4626"/>
                    <TextEquiv>
                        <Unicode>a</Unicode>
                    </TextEquiv>
                    <TextStyle fontFamily="Times New Roman" fontSize="9.0"/>
                </Word>
                <Word id="w_w2aab1b5b2b7b7b2c29" language="English" custom="readingOrder {index:9;}">
                    <Coords points="3461,4538 3613,4538 3613,4631 3461,4631"/>
                    <TextEquiv>
                        <Unicode>été</Unicode>
                    </TextEquiv>
                    <TextStyle fontFamily="Times New Roman" fontSize="9.0"/>
                </Word>
                <Word id="w_w2aab1b5b2b7b7b2c37" language="English" custom="readingOrder {index:10;}">
                    <Coords points="3647,4541 4029,4541 4029,4640 3647,4640"/>
                    <TextEquiv>
                        <Unicode>adressé</Unicode>
                    </TextEquiv>
                    <TextStyle fontFamily="Times New Roman" fontSize="9.0"/>
                </Word>
                <Word id="w_w2aab1b5b2b7b7b2c53" language="English" custom="readingOrder {index:11;}">
                    <Coords points="4083,4556 4176,4556 4176,4646 4083,4646"/>
                    <TextEquiv>
                        <Unicode>le</Unicode>
                    </TextEquiv>
                    <TextStyle fontFamily="Times New Roman" fontSize="9.0"/>
                </Word>
                <Word id="w_w2aab1b5b2b7b7b2c59" language="English" custom="readingOrder {index:12;}">
                    <Coords points="4210,4561 4598,4561 4598,4670 4210,4670"/>
                    <TextEquiv>
                        <Unicode>présent</Unicode>
                    </TextEquiv>
                    <TextStyle fontFamily="Times New Roman" fontSize="9.0"/>
                </Word>
                <Word id="w_w2aab1b5b2b7b7b2c75" language="English" custom="readingOrder {index:13;}">
                    <Coords points="4634,4581 4895,4581 4895,4686 4634,4686"/>
                    <TextEquiv>
                        <Unicode>acte,</Unicode>
                    </TextEquiv>
                    <TextStyle fontFamily="Times New Roman" fontSize="9.0"/>
                </Word>
                <TextEquiv>
                    <Unicode>sions qui la troublent.... « A cet effet a été adressé le présent acte,</Unicode>
                </TextEquiv>
            </TextLine>
            <TextLine id="tl_13" primaryLanguage="English" custom="readingOrder {index:4;}">
                <Coords points="1342,4611 4900,4611 4900,4812 1342,4812"/>
                <Baseline points="1343,4698 1383,4698 1698,4713 1920,4717 2530,4728 3048,4738 3585,4750 3679,4744 4148,4769 4321,4773 4899,4788"/>
                <Word id="w_w2aab1b5b2b7b9ab1" language="English" custom="readingOrder {index:0;}">
                    <Coords points="1343,4657 1383,4657 1383,4698 1343,4698"/>
                    <TextEquiv>
                        <Unicode>«</Unicode>
                    </TextEquiv>
                    <TextStyle fontFamily="Times New Roman" fontSize="9.0"/>
                </Word>
                <Word id="w_w2aab1b5b2b7b9ab5" language="English" custom="readingOrder {index:1;}">
                    <Coords points="1430,4626 1698,4626 1698,4735 1430,4735"/>
                    <TextEquiv>
                        <Unicode>signé</Unicode>
                    </TextEquiv>
                    <TextStyle fontFamily="Times New Roman" fontSize="9.0"/>
                </Word>
                <Word id="w_w2aab1b5b2b7b9ac17" language="English" custom="readingOrder {index:2;}">
                    <Coords points="1754,4625 1920,4625 1920,4717 1754,4717"/>
                    <TextEquiv>
                        <Unicode>des</Unicode>
                    </TextEquiv>
                    <TextStyle fontFamily="Times New Roman" fontSize="9.0"/>
                </Word>
                <Word id="w_w2aab1b5b2b7b9ac25" language="English" custom="readingOrder {index:3;}">
                    <Coords points="1970,4629 2530,4629 2530,4745 1970,4745"/>
                    <TextEquiv>
                        <Unicode>vingt-trois</Unicode>
                    </TextEquiv>
                    <TextStyle fontFamily="Times New Roman" fontSize="9.0"/>
                </Word>
                <Word id="w_w2aab1b5b2b7b9ac49" language="English" custom="readingOrder {index:4;}">
                    <Coords points="2580,4647 3048,4647 3048,4739 2580,4739"/>
                    <TextEquiv>
                        <Unicode>membres</Unicode>
                    </TextEquiv>
                    <TextStyle fontFamily="Times New Roman" fontSize="9.0"/>
                </Word>
                <Word id="w_w2aab1b5b2b7b9ac65" language="English" custom="readingOrder {index:5;}">
                    <Coords points="3116,4654 3585,4654 3585,4763 3116,4763"/>
                    <TextEquiv>
                        <Unicode>présents.</Unicode>
                    </TextEquiv>
                    <TextStyle fontFamily="Times New Roman" fontSize="9.0"/>
                </Word>
                <Word id="w_w2aab1b5b2b7b9ac85" language="English" custom="readingOrder {index:6;}">
                    <Coords points="3638,4700 3679,4700 3679,4744 3638,4744"/>
                    <TextEquiv>
                        <Unicode>»</Unicode>
                    </TextEquiv>
                    <TextStyle fontFamily="Times New Roman" fontSize="9.0"/>
                </Word>
                <Word id="w_w2aab1b5b2b7b9ac89" language="English" custom="readingOrder {index:7;}">
                    <Coords points="3742,4669 4148,4669 4148,4769 3742,4769"/>
                    <TextEquiv>
                        <Unicode>Suivent</Unicode>
                    </TextEquiv>
                    <TextStyle fontFamily="Times New Roman" fontSize="9.0"/>
                </Word>
                <Word id="w_w2aab1b5b2b7b9ad105" language="English" custom="readingOrder {index:8;}">
                    <Coords points="4188,4684 4321,4684 4321,4773 4188,4773"/>
                    <TextEquiv>
                        <Unicode>les</Unicode>
                    </TextEquiv>
                    <TextStyle fontFamily="Times New Roman" fontSize="9.0"/>
                </Word>
                <Word id="w_w2aab1b5b2b7b9ad113" language="English" custom="readingOrder {index:9;}">
                    <Coords points="4366,4687 4899,4687 4899,4803 4366,4803"/>
                    <TextEquiv>
                        <Unicode>signatures</Unicode>
                    </TextEquiv>
                    <TextStyle fontFamily="Times New Roman" fontSize="9.0"/>
                </Word>
                <TextEquiv>
                    <Unicode>« signé des vingt-trois membres présents. » Suivent les signatures</Unicode>
                </TextEquiv>
                <TextStyle fontFamily="Times New Roman" fontSize="9.0"/>
            </TextLine>
            <TextLine id="tl_14" primaryLanguage="English" custom="readingOrder {index:5;}">
                <Coords points="1331,4731 4891,4731 4891,4934 1331,4934"/>
                <Baseline points="1332,4829 1457,4832 1531,4824 1890,4838 2516,4868 3009,4857 3203,4864 3736,4898 4160,4889 4229,4911 4889,4930"/>
                <Word id="w_w2aab1b5b2b7c11ab1" language="English" custom="readingOrder {index:0;}">
                    <Coords points="1332,4741 1457,4741 1457,4832 1332,4832"/>
                    <TextEquiv>
                        <Unicode>de</Unicode>
                    </TextEquiv>
                    <TextStyle fontFamily="Times New Roman" fontSize="9.0"/>
                </Word>
                <Word id="w_w2aab1b5b2b7c11ab7" language="English" custom="readingOrder {index:1;}">
                    <Coords points="1486,4777 1531,4777 1531,4824 1486,4824"/>
                    <TextEquiv>
                        <Unicode>«</Unicode>
                    </TextEquiv>
                    <TextStyle fontFamily="Times New Roman" fontSize="9.0"/>
                </Word>
                <Word id="w_w2aab1b5b2b7c11ac11" language="English" custom="readingOrder {index:2;}">
                    <Coords points="1578,4747 1890,4747 1890,4838 1578,4838"/>
                    <TextEquiv>
                        <Unicode>l’abbé</Unicode>
                    </TextEquiv>
                    <TextStyle fontFamily="Times New Roman" fontSize="9.0"/>
                </Word>
                <Word id="w_w2aab1b5b2b7c11ac25" language="English" custom="readingOrder {index:3;}">
                    <Coords points="1930,4754 2516,4754 2516,4868 1930,4868"/>
                    <TextEquiv>
                        <Unicode>Tallemant,</Unicode>
                    </TextEquiv>
                    <TextStyle fontFamily="Times New Roman" fontSize="9.0"/>
                </Word>
                <Word id="w_w2aab1b5b2b7c11ac47" language="English" custom="readingOrder {index:4;}">
                    <Coords points="2588,4766 3009,4766 3009,4859 2588,4859"/>
                    <TextEquiv>
                        <Unicode>Hardoin</Unicode>
                    </TextEquiv>
                    <TextStyle fontFamily="Times New Roman" fontSize="9.0"/>
                </Word>
                <Word id="w_w2aab1b5b2b7c11ac63" language="English" custom="readingOrder {index:5;}">
                    <Coords points="3079,4775 3203,4775 3203,4864 3079,4864"/>
                    <TextEquiv>
                        <Unicode>de</Unicode>
                    </TextEquiv>
                    <TextStyle fontFamily="Times New Roman" fontSize="9.0"/>
                </Word>
                <Word id="w_w2aab1b5b2b7c11ac69" language="English" custom="readingOrder {index:6;}">
                    <Coords points="3263,4783 3736,4783 3736,4898 3263,4898"/>
                    <TextEquiv>
                        <Unicode>Péréfixe,</Unicode>
                    </TextEquiv>
                    <TextStyle fontFamily="Times New Roman" fontSize="9.0"/>
                </Word>
                <Word id="w_w2aab1b5b2b7c11ac89" language="English" custom="readingOrder {index:7;}">
                    <Coords points="3795,4797 4160,4797 4160,4889 3795,4889"/>
                    <TextEquiv>
                        <Unicode>Lautru</Unicode>
                    </TextEquiv>
                    <TextStyle fontFamily="Times New Roman" fontSize="9.0"/>
                </Word>
                <Word id="w_w2aab1b5b2b7c11ad103" language="English" custom="readingOrder {index:8;}">
                    <Coords points="4207,4871 4229,4871 4229,4911 4207,4911"/>
                    <TextEquiv>
                        <Unicode>,</Unicode>
                    </TextEquiv>
                    <TextStyle fontFamily="Times New Roman" fontSize="9.0"/>
                </Word>
                <Word id="w_w2aab1b5b2b7c11ad107" language="English" custom="readingOrder {index:9;}">
                    <Coords points="4299,4811 4889,4811 4889,4930 4299,4930"/>
                    <TextEquiv>
                        <Unicode>Chapelain,</Unicode>
                    </TextEquiv>
                    <TextStyle fontFamily="Times New Roman" fontSize="9.0"/>
                </Word>
                <TextEquiv>
                    <Unicode>de « l’abbé Tallemant, Hardoin de Péréfixe, Bautru , Chapelain,</Unicode>
                </TextEquiv>
                <TextStyle fontFamily="Times New Roman" fontSize="9.0"/>
            </TextLine>
            <TextLine id="tl_15" primaryLanguage="English" custom="readingOrder {index:6;}">
                <Coords points="1332,4857 4892,4857 4892,5048 1332,5048"/>
                <Baseline points="1333,4942 1376,4942 2029,4977 2450,4969 2837,4995 3583,4998 4236,5015 4303,5035 4891,5010"/>
                <Word id="w_w2aab1b5b2b7c13ab1" language="English" custom="readingOrder {index:0;}">
                    <Coords points="1333,4897 1376,4897 1376,4942 1333,4942"/>
                    <TextEquiv>
                        <Unicode>«</Unicode>
                    </TextEquiv>
                    <TextStyle fontFamily="Times New Roman" fontSize="9.0"/>
                </Word>
                <Word id="w_w2aab1b5b2b7c13ab5" language="English" custom="readingOrder {index:1;}">
                    <Coords points="1441,4870 2029,4870 2029,4977 1441,4977"/>
                    <TextEquiv>
                        <Unicode>Desmarest,</Unicode>
                    </TextEquiv>
                    <TextStyle fontFamily="Times New Roman" fontSize="9.0"/>
                </Word>
                <Word id="w_w2aab1b5b2b7c13ac27" language="English" custom="readingOrder {index:2;}">
                    <Coords points="2083,4876 2450,4876 2450,4970 2083,4970"/>
                    <TextEquiv>
                        <Unicode>Olivier</Unicode>
                    </TextEquiv>
                    <TextStyle fontFamily="Times New Roman" fontSize="9.0"/>
                </Word>
                <Word id="w_w2aab1b5b2b7c13ac43" language="English" custom="readingOrder {index:3;}">
                    <Coords points="2495,4886 2837,4886 2837,4995 2495,4995"/>
                    <TextEquiv>
                        <Unicode>Palru,</Unicode>
                    </TextEquiv>
                    <TextStyle fontFamily="Times New Roman" fontSize="9.0"/>
                </Word>
                <Word id="w_w2aab1b5b2b7c13ac57" language="English" custom="readingOrder {index:4;}">
                    <Coords points="2903,4895 3583,4895 3583,5008 2903,5008"/>
                    <TextEquiv>
                        <Unicode>Charpentier.</Unicode>
                    </TextEquiv>
                    <TextStyle fontFamily="Times New Roman" fontSize="9.0"/>
                </Word>
                <Word id="w_w2aab1b5b2b7c13ac83" language="English" custom="readingOrder {index:5;}">
                    <Coords points="3662,4914 4236,4914 4236,5015 3662,5015"/>
                    <TextEquiv>
                        <Unicode>Lachambrc</Unicode>
                    </TextEquiv>
                    <TextStyle fontFamily="Times New Roman" fontSize="9.0"/>
                </Word>
                <Word id="w_w2aab1b5b2b7c13ad103" language="English" custom="readingOrder {index:6;}">
                    <Coords points="4278,4996 4303,4996 4303,5035 4278,5035"/>
                    <TextEquiv>
                        <Unicode>,</Unicode>
                    </TextEquiv>
                    <TextStyle fontFamily="Times New Roman" fontSize="9.0"/>
                </Word>
                <Word id="w_w2aab1b5b2b7c13ad107" language="English" custom="readingOrder {index:7;}">
                    <Coords points="4386,4935 4891,4935 4891,5033 4386,5033"/>
                    <TextEquiv>
                        <Unicode>Pellisson-</Unicode>
                    </TextEquiv>
                    <TextStyle fontFamily="Times New Roman" fontSize="9.0"/>
                </Word>
                <TextEquiv>
                    <Unicode>« Desmarest, Olivier Patru, Charpentier, Lachambre, Pellisson-</Unicode>
                </TextEquiv>
                <TextStyle fontFamily="Times New Roman" fontSize="9.0"/>
            </TextLine>
            <TextLine id="tl_16" primaryLanguage="English" custom="readingOrder {index:7;}">
                <Coords points="1332,4971 4890,4971 4890,5172 1332,5172"/>
                <Baseline points="1332,5060 1371,5060 2002,5102 2203,5087 2910,5107 3111,5106 3293,5114 3738,5134 4224,5153 4888,5172"/>
                <Word id="w_w2aab1b5b2b7c15ab1" language="English" custom="readingOrder {index:0;}">
                    <Coords points="1332,4988 1371,4988 1371,5075 1332,5075"/>
                    <TextEquiv>
                        <Unicode>«</Unicode>
                    </TextEquiv>
                    <TextStyle fontFamily="Times New Roman" fontSize="9.0"/>
                </Word>
                <Word id="w_w2aab1b5b2b7c15b1b1" language="English" custom="readingOrder {index:1;}">
                    <Coords points="1428,4989 2002,4989 2002,5102 1428,5102"/>
                    <TextEquiv>
                        <Unicode>Fontanicr,</Unicode>
                    </TextEquiv>
                    <TextStyle fontFamily="Times New Roman" fontSize="9.0"/>
                </Word>
                <Word id="w_w2aab1b5b2b7c15b1c23" language="English" custom="readingOrder {index:2;}">
                    <Coords points="2078,5004 2203,5004 2203,5088 2078,5088"/>
                    <TextEquiv>
                        <Unicode>La</Unicode>
                    </TextEquiv>
                    <TextStyle fontFamily="Times New Roman" fontSize="9.0"/>
                </Word>
                <Word id="w_w2aab1b5b2b7c15b1c29" language="English" custom="readingOrder {index:3;}">
                    <Coords points="2274,5000 2910,5000 2910,5107 2274,5107"/>
                    <TextEquiv>
                        <Unicode>Meinadière,</Unicode>
                    </TextEquiv>
                    <TextStyle fontFamily="Times New Roman" fontSize="9.0"/>
                </Word>
                <Word id="w_w2aab1b5b2b7c15b1c53" language="English" custom="readingOrder {index:4;}">
                    <Coords points="2976,5025 3111,5025 3111,5108 2976,5108"/>
                    <TextEquiv>
                        <Unicode>De</Unicode>
                    </TextEquiv>
                    <TextStyle fontFamily="Times New Roman" fontSize="9.0"/>
                </Word>
                <Word id="w_w2aab1b5b2b7c15b1c59" language="English" custom="readingOrder {index:5;}">
                    <Coords points="3170,5027 3293,5027 3293,5114 3170,5114"/>
                    <TextEquiv>
                        <Unicode>La</Unicode>
                    </TextEquiv>
                    <TextStyle fontFamily="Times New Roman" fontSize="9.0"/>
                </Word>
                <Word id="w_w2aab1b5b2b7c15b1c65" language="English" custom="readingOrder {index:6;}">
                    <Coords points="3374,5032 3738,5032 3738,5134 3374,5134"/>
                    <TextEquiv>
                        <Unicode>Mothe,</Unicode>
                    </TextEquiv>
                    <TextStyle fontFamily="Times New Roman" fontSize="9.0"/>
                </Word>
                <Word id="w_w2aab1b5b2b7c15b1c79" language="English" custom="readingOrder {index:7;}">
                    <Coords points="3821,5044 4224,5044 4224,5153 3821,5153"/>
                    <TextEquiv>
                        <Unicode>Doujat,</Unicode>
                    </TextEquiv>
                    <TextStyle fontFamily="Times New Roman" fontSize="9.0"/>
                </Word>
                <Word id="w_w2aab1b5b2b7c15b1c95" language="English" custom="readingOrder {index:8;}">
                    <Coords points="4283,5054 4888,5054 4888,5172 4283,5172"/>
                    <TextEquiv>
                        <Unicode>Chaumont,</Unicode>
                    </TextEquiv>
                    <TextStyle fontFamily="Times New Roman" fontSize="9.0"/>
                </Word>
                <TextEquiv>
                    <Unicode>« Fontanier, La Meinadière, De La Mothe, Doujat, Chaumont,</Unicode>
                </TextEquiv>
            </TextLine>
            <TextLine id="tl_17" primaryLanguage="English" custom="readingOrder {index:8;}">
                <Coords points="1325,5099 4885,5099 4885,5304 1325,5304"/>
                <Baseline points="1326,5186 1365,5186 1694,5226 2316,5222 2655,5219 3235,5243 3719,5266 3955,5251 4347,5282 4883,5292"/>
                <Word id="w_w2aab1b5b2b7c17ab1" language="English" custom="readingOrder {index:0;}">
                    <Coords points="1326,5141 1365,5141 1365,5186 1326,5186"/>
                    <TextEquiv>
                        <Unicode>«</Unicode>
                    </TextEquiv>
                    <TextStyle fontFamily="Times New Roman" fontSize="9.0"/>
                </Word>
                <Word id="w_w2aab1b5b2b7c17ab5" language="English" custom="readingOrder {index:1;}">
                    <Coords points="1425,5108 1694,5108 1694,5227 1425,5227"/>
                    <TextEquiv>
                        <Unicode>Giry,</Unicode>
                    </TextEquiv>
                    <TextStyle fontFamily="Times New Roman" fontSize="9.0"/>
                </Word>
                <Word id="w_w2aab1b5b2b7c17ac17" language="English" custom="readingOrder {index:2;}">
                    <Coords points="1737,5113 2316,5113 2316,5222 1737,5222"/>
                    <TextEquiv>
                        <Unicode>Gombault,</Unicode>
                    </TextEquiv>
                    <TextStyle fontFamily="Times New Roman" fontSize="9.0"/>
                </Word>
                <Word id="w_w2aab1b5b2b7c17ac37" language="English" custom="readingOrder {index:3;}">
                    <Coords points="2361,5125 2655,5125 2655,5219 2361,5219"/>
                    <TextEquiv>
                        <Unicode>César</Unicode>
                    </TextEquiv>
                    <TextStyle fontFamily="Times New Roman" fontSize="9.0"/>
                </Word>
                <Word id="w_w2aab1b5b2b7c17ac49" language="English" custom="readingOrder {index:4;}">
                    <Coords points="2699,5132 3235,5132 3235,5243 2699,5243"/>
                    <TextEquiv>
                        <Unicode>d’Eslrées,</Unicode>
                    </TextEquiv>
                    <TextStyle fontFamily="Times New Roman" fontSize="9.0"/>
                </Word>
                <Word id="w_w2aab1b5b2b7c17ac71" language="English" custom="readingOrder {index:5;}">
                    <Coords points="3293,5150 3719,5150 3719,5266 3293,5266"/>
                    <TextEquiv>
                        <Unicode>Priézac,</Unicode>
                    </TextEquiv>
                    <TextStyle fontFamily="Times New Roman" fontSize="9.0"/>
                </Word>
                <Word id="w_w2aab1b5b2b7c17ac89" language="English" custom="readingOrder {index:6;}">
                    <Coords points="3775,5161 3955,5161 3955,5252 3775,5252"/>
                    <TextEquiv>
                        <Unicode>Ch.</Unicode>
                    </TextEquiv>
                    <TextStyle fontFamily="Times New Roman" fontSize="9.0"/>
                </Word>
                <Word id="w_w2aab1b5b2b7c17ac97" language="English" custom="readingOrder {index:7;}">
                    <Coords points="4011,5168 4347,5168 4347,5282 4011,5282"/>
                    <TextEquiv>
                        <Unicode>Colin,</Unicode>
                    </TextEquiv>
                    <TextStyle fontFamily="Times New Roman" fontSize="9.0"/>
                </Word>
                <Word id="w_w2aab1b5b2b7c17ad111" language="English" custom="readingOrder {index:8;}">
                    <Coords points="4403,5181 4883,5181 4883,5303 4403,5303"/>
                    <TextEquiv>
                        <Unicode>Mézeray,</Unicode>
                    </TextEquiv>
                    <TextStyle fontFamily="Times New Roman" fontSize="9.0"/>
                </Word>
                <TextEquiv>
                    <Unicode>« Giry, Gombault, César d’Eslrées, Priézac, Ch. Cotin, Mézeray,</Unicode>
                </TextEquiv>
                <TextStyle fontFamily="Times New Roman" fontSize="9.0"/>
            </TextLine>
            <TextLine id="tl_18" primaryLanguage="English" custom="readingOrder {index:9;}">
                <Coords points="1320,5231 2256,5231 2256,5358 1320,5358"/>
                <Baseline points="1321,5308 1364,5308 1562,5325 1702,5324 1923,5351 2147,5330 2256,5322"/>
                <Word id="w_w2aab1b5b2b7c19ab1" language="English" custom="readingOrder {index:0;}">
                    <Coords points="1321,5232 1364,5232 1364,5317 1321,5317"/>
                    <TextEquiv>
                        <Unicode>«</Unicode>
                    </TextEquiv>
                    <TextStyle fontFamily="Times New Roman" fontSize="9.0"/>
                </Word>
                <Word id="w_w2aab1b5b2b7c19b1b1" language="English" custom="readingOrder {index:1;}">
                    <Coords points="1427,5234 1562,5234 1562,5325 1427,5325"/>
                    <TextEquiv>
                        <Unicode>De</Unicode>
                    </TextEquiv>
                    <TextStyle fontFamily="Times New Roman" fontSize="9.0"/>
                </Word>
                <Word id="w_w2aab1b5b2b7c19b1b7" language="English" custom="readingOrder {index:2;}">
                    <Coords points="1618,5240 1860,5240 1860,5327 1618,5327"/>
                    <TextEquiv>
                        <Unicode>Metz</Unicode>
                    </TextEquiv>
                    <TextStyle fontFamily="Times New Roman" fontSize="9.0"/>
                </Word>
                <Word id="w_w2aab1b5b2b7c19b2b1" language="English" custom="readingOrder {index:3;}">
                    <Coords points="1896,5261 1923,5261 1923,5352 1896,5352"/>
                    <TextEquiv>
                        <Unicode>,</Unicode>
                    </TextEquiv>
                    <TextStyle fontFamily="Times New Roman" fontSize="9.0"/>
                </Word>
                <Word id="w_w2aab1b5b2b7c19b3b1" language="English" custom="readingOrder {index:4;}">
                    <Coords points="1968,5249 2147,5249 2147,5333 1968,5333"/>
                    <TextEquiv>
                        <Unicode>etc.</Unicode>
                    </TextEquiv>
                    <TextStyle fontFamily="Times New Roman" fontSize="9.0"/>
                </Word>
                <Word id="w_w2aab1b5b2b7c19b3c11" language="English" custom="readingOrder {index:5;}">
                    <Coords points="2215,5279 2256,5279 2256,5322 2215,5322"/>
                    <TextEquiv>
                        <Unicode>»</Unicode>
                    </TextEquiv>
                    <TextStyle fontFamily="Times New Roman" fontSize="9.0"/>
                </Word>
                <TextEquiv>
                    <Unicode>« De Metz, etc. »</Unicode>
                </TextEquiv>
            </TextLine>
            <TextEquiv>
                <Unicode>Arrêté de Messieurs de l’Académie française, mis entre les mains
de Monseigneur le chancelier Protecteur, en date du 15 avril 1659,
pour lui témoigner le grand désir qu'ils ont de voir finir les divi¬
sions qui la troublent.... « A cet effet a été adressé le présent acte,
« signé des vingt-trois membres présents. » Suivent les signatures
de « l’abbé Tallemant, Hardoin de Péréfixe, Bautru , Chapelain,
« Desmarest, Olivier Patru, Charpentier, Lachambre, Pellisson-
« Fontanier, La Meinadière, De La Mothe, Doujat, Chaumont,
« Giry, Gombault, César d’Eslrées, Priézac, Ch. Cotin, Mézeray,
« De Metz, etc. »</Unicode>
            </TextEquiv>
        </TextRegion>
        <TextRegion type="paragraph" id="r_3_5" custom="readingOrder {index:9;}">
            <Coords points="1088,5367 4875,5367 4875,5629 1088,5629"/>
            <TextLine id="tl_19" primaryLanguage="English" custom="readingOrder {index:0;}">
                <Coords points="1089,5368 4874,5368 4874,5628 1089,5628"/>
                <Baseline points="1090,5519 1198,5522 2140,5532 3118,5550 3819,5572 3948,5575 4110,5580 4396,5591 4872,5606"/>
                <Word id="w_w2aab1b5b2b9b1ab1" language="English" custom="readingOrder {index:0;}">
                    <Coords points="1090,5418 1198,5418 1198,5522 1090,5522"/>
                    <TextEquiv>
                        <Unicode>2.</Unicode>
                    </TextEquiv>
                    <TextStyle fontFamily="Times New Roman" fontSize="10.5" bold="true"/>
                </Word>
                <Word id="w_w2aab1b5b2b9b1ab7" language="English" custom="readingOrder {index:1;}">
                    <Coords points="1292,5383 2140,5383 2140,5532 1292,5532"/>
                    <TextEquiv>
                        <Unicode>ACADÉMIE</Unicode>
                    </TextEquiv>
                    <TextStyle fontFamily="Times New Roman" fontSize="10.5" bold="true"/>
                </Word>
                <Word id="w_w2aab1b5b2b9b1ac25" language="English" custom="readingOrder {index:2;}">
                    <Coords points="2202,5423 3118,5423 3118,5580 2202,5580"/>
                    <TextEquiv>
                        <Unicode>FRANÇAISE</Unicode>
                    </TextEquiv>
                    <TextStyle fontFamily="Times New Roman" fontSize="10.5" bold="true"/>
                </Word>
                <Word id="w_w2aab1b5b2b9b1ac45" language="English" custom="readingOrder {index:3;}">
                    <Coords points="3171,5447 3819,5447 3819,5580 3171,5580"/>
                    <TextEquiv>
                        <Unicode>(Membres</Unicode>
                    </TextEquiv>
                    <TextStyle fontFamily="Times New Roman" fontSize="10.5" bold="true"/>
                </Word>
                <Word id="w_w2aab1b5b2b9b1ac63" language="English" custom="readingOrder {index:4;}">
                    <Coords points="3873,5467 4015,5467 4015,5580 3873,5580"/>
                    <TextEquiv>
                        <Unicode>de</Unicode>
                    </TextEquiv>
                    <TextStyle fontFamily="Times New Roman" fontSize="10.5" bold="true"/>
                </Word>
                <Word id="w_w2aab1b5b2b9b1b1b1" language="English" custom="readingOrder {index:5;}">
                    <Coords points="4075,5473 4264,5473 4264,5613 4075,5613"/>
                    <TextEquiv>
                        <Unicode>I’),</Unicode>
                    </TextEquiv>
                    <TextStyle fontFamily="Times New Roman" fontSize="10.5" bold="true"/>
                </Word>
                <Word id="w_w2aab1b5b2b9b1b2b1" language="English" custom="readingOrder {index:6;}">
                    <Coords points="4327,5479 4396,5479 4396,5591 4327,5591"/>
                    <TextEquiv>
                        <Unicode>4</Unicode>
                    </TextEquiv>
                    <TextStyle fontFamily="Times New Roman" fontSize="10.5" bold="true"/>
                </Word>
                <Word id="w_w2aab1b5b2b9b1b2b5" language="English" custom="readingOrder {index:7;}">
                    <Coords points="4455,5488 4872,5488 4872,5606 4455,5606"/>
                    <TextEquiv>
                        <Unicode>lettres.</Unicode>
                    </TextEquiv>
                    <TextStyle fontFamily="Times New Roman" fontSize="10.5" bold="true"/>
                </Word>
                <TextEquiv>
                    <Unicode>2. ACADÉMIE FRANÇAISE (Membres de I’), 4 lettres.</Unicode>
                </TextEquiv>
            </TextLine>
            <TextEquiv>
                <Unicode>2. ACADÉMIE FRANÇAISE (Membres de I’), 4 lettres.</Unicode>
            </TextEquiv>
        </TextRegion>
        <TextRegion type="paragraph" id="r_3_6" custom="readingOrder {index:10;}">
            <Coords points="1321,5553 4887,5553 4887,5828 1321,5828"/>
            <TextLine id="tl_20" primaryLanguage="English" custom="readingOrder {index:0;}">
                <Coords points="1438,5554 4886,5554 4886,5758 1438,5758"/>
                <Baseline points="1439,5655 1771,5659 2258,5668 2389,5669 2801,5679 3229,5689 3475,5694 3581,5696 3777,5703 4310,5719 4532,5724 4886,5740"/>
                <Word id="w_w2aab1b5b2c11b1ab1" language="English" custom="readingOrder {index:0;}">
                    <Coords points="1439,5568 1771,5568 1771,5659 1439,5659"/>
                    <TextEquiv>
                        <Unicode>BISSY</Unicode>
                    </TextEquiv>
                    <TextStyle fontFamily="Times New Roman" fontSize="9.0"/>
                </Word>
                <Word id="w_w2aab1b5b2c11b1ac13" language="English" custom="readingOrder {index:1;}">
                    <Coords points="1828,5574 2258,5574 2258,5689 1828,5689"/>
                    <TextEquiv>
                        <Unicode>(Claude</Unicode>
                    </TextEquiv>
                    <TextStyle fontFamily="Times New Roman" fontSize="9.0"/>
                </Word>
                <Word id="w_w2aab1b5b2c11b1ac29" language="English" custom="readingOrder {index:2;}">
                    <Coords points="2317,5581 2673,5581 2673,5677 2317,5677"/>
                    <TextEquiv>
                        <Unicode>Thiard</Unicode>
                    </TextEquiv>
                    <TextStyle fontFamily="Times New Roman" fontSize="9.0"/>
                </Word>
                <Word id="w_w2aab1b5b2c11b1b1b1" language="English" custom="readingOrder {index:3;}">
                    <Coords points="2741,5587 2955,5587 2955,5709 2741,5709"/>
                    <TextEquiv>
                        <Unicode>de).</Unicode>
                    </TextEquiv>
                    <TextStyle fontFamily="Times New Roman" fontSize="9.0"/>
                </Word>
                <Word id="w_w2aab1b5b2c11b1b2b1" language="English" custom="readingOrder {index:4;}">
                    <Coords points="3007,5599 3229,5599 3229,5690 3007,5690"/>
                    <TextEquiv>
                        <Unicode>Aul.</Unicode>
                    </TextEquiv>
                    <TextStyle fontFamily="Times New Roman" fontSize="9.0"/>
                </Word>
                <Word id="w_w2aab1b5b2c11b1b2c11" language="English" custom="readingOrder {index:5;}">
                    <Coords points="3294,5603 3475,5603 3475,5721 3294,5721"/>
                    <TextEquiv>
                        <Unicode>sig.</Unicode>
                    </TextEquiv>
                    <TextStyle fontFamily="Times New Roman" fontSize="9.0"/>
                </Word>
                <Word id="w_w2aab1b5b2c11b1b2c21" language="English" custom="readingOrder {index:6;}">
                    <Coords points="3527,5603 3581,5603 3581,5696 3527,5696"/>
                    <TextEquiv>
                        <Unicode>à</Unicode>
                    </TextEquiv>
                    <TextStyle fontFamily="Times New Roman" fontSize="9.0"/>
                </Word>
                <Word id="w_w2aab1b5b2c11b1b2c25" language="English" custom="readingOrder {index:7;}">
                    <Coords points="3646,5618 3777,5618 3777,5704 3646,5704"/>
                    <TextEquiv>
                        <Unicode>M.</Unicode>
                    </TextEquiv>
                    <TextStyle fontFamily="Times New Roman" fontSize="9.0"/>
                </Word>
                <Word id="w_w2aab1b5b2c11b1b2c31" language="English" custom="readingOrder {index:8;}">
                    <Coords points="3852,5623 4433,5623 4433,5723 3852,5723"/>
                    <TextEquiv>
                        <Unicode>Desmarest.</Unicode>
                    </TextEquiv>
                    <TextStyle fontFamily="Times New Roman" fontSize="9.0"/>
                </Word>
                <Word id="w_w2aab1b5b2c11b1b3b1" language="English" custom="readingOrder {index:9;}">
                    <Coords points="4500,5641 4604,5641 4604,5733 4500,5733"/>
                    <TextEquiv>
                        <Unicode>18</Unicode>
                    </TextEquiv>
                    <TextStyle fontFamily="Times New Roman" fontSize="9.0"/>
                </Word>
                <Word id="w_w2aab1b5b2c11b1b4b1" language="English" custom="readingOrder {index:10;}">
                    <Coords points="4660,5646 4886,5646 4886,5740 4660,5740"/>
                    <TextEquiv>
                        <Unicode>août</Unicode>
                    </TextEquiv>
                    <TextStyle fontFamily="Times New Roman" fontSize="9.0"/>
                </Word>
                <TextEquiv>
                    <Unicode>BISSY (Claude Thiard de). Aut. sig. à M. Desmarest. 18 août</Unicode>
                </TextEquiv>
            </TextLine>
            <TextLine id="tl_21" primaryLanguage="English" custom="readingOrder {index:1;}">
                <Coords points="1322,5681 2706,5681 2706,5827 1322,5827"/>
                <Baseline points="1322,5772 1589,5777 1668,5779 1962,5784 2216,5786 2281,5811 2705,5793"/>
                <Word id="w_w2aab1b5b2c11b3ab1" language="English" custom="readingOrder {index:0;}">
                    <Coords points="1322,5690 1589,5690 1589,5777 1322,5777"/>
                    <TextEquiv>
                        <Unicode>1773.</Unicode>
                    </TextEquiv>
                    <TextStyle fontFamily="Times New Roman" fontSize="9.0"/>
                </Word>
                <Word id="w_w2aab1b5b2c11b3ac13" language="English" custom="readingOrder {index:1;}">
                    <Coords points="1640,5700 1668,5700 1668,5779 1640,5779"/>
                    <TextEquiv>
                        <Unicode>1</Unicode>
                    </TextEquiv>
                    <TextStyle fontFamily="Times New Roman" fontSize="9.0"/>
                </Word>
                <Word id="w_w2aab1b5b2c11b3ac17" language="English" custom="readingOrder {index:2;}">
                    <Coords points="1722,5716 1962,5716 1962,5808 1722,5808"/>
                    <TextEquiv>
                        <Unicode>page</Unicode>
                    </TextEquiv>
                    <TextStyle fontFamily="Times New Roman" fontSize="9.0"/>
                </Word>
                <Word id="w_w2aab1b5b2c11b3ac27" language="English" custom="readingOrder {index:3;}">
                    <Coords points="2016,5699 2216,5699 2216,5789 2016,5789"/>
                    <TextEquiv>
                        <Unicode>in-4</Unicode>
                    </TextEquiv>
                    <TextStyle fontFamily="Times New Roman" fontSize="9.0"/>
                </Word>
                <Word id="w_w2aab1b5b2c11b3ac37" language="English" custom="readingOrder {index:4;}">
                    <Coords points="2256,5738 2281,5738 2281,5811 2256,5811"/>
                    <TextEquiv>
                        <Unicode>;</Unicode>
                    </TextEquiv>
                    <TextStyle fontFamily="Times New Roman" fontSize="9.0"/>
                </Word>
                <Word id="w_w2aab1b5b2c11b3ac41" language="English" custom="readingOrder {index:5;}">
                    <Coords points="2338,5708 2705,5708 2705,5796 2338,5796"/>
                    <TextEquiv>
                        <Unicode>cachet.</Unicode>
                    </TextEquiv>
                    <TextStyle fontFamily="Times New Roman" fontSize="9.0"/>
                </Word>
                <TextEquiv>
                    <Unicode>1773. 1 page in-4 ; cachet.</Unicode>
                </TextEquiv>
                <TextStyle fontFamily="Times New Roman" fontSize="9.0"/>
            </TextLine>
            <TextEquiv>
                <Unicode>BISSY (Claude Thiard de). Aut. sig. à M. Desmarest. 18 août
1773. 1 page in-4 ; cachet.</Unicode>
            </TextEquiv>
        </TextRegion>
        <TextRegion type="paragraph" id="r_3_7" custom="readingOrder {index:11;}">
            <Coords points="1319,5801 4884,5801 4884,6070 1319,6070"/>
            <TextLine id="tl_22" primaryLanguage="English" custom="readingOrder {index:0;}">
                <Coords points="1441,5802 4883,5802 4883,6004 1441,6004"/>
                <Baseline points="1441,5897 2017,5907 2251,5912 2788,5941 3234,5935 3410,5941 3751,5948 4047,5957 4283,5955 4385,5969 4569,5973 4881,5968"/>
                <Word id="w_w2aab1b5b2c13b1ab1" language="English" custom="readingOrder {index:0;}">
                    <Coords points="1441,5814 2017,5814 2017,5907 1441,5907"/>
                    <TextEquiv>
                        <Unicode>LANGURT</Unicode>
                    </TextEquiv>
                    <TextStyle fontFamily="Times New Roman" fontSize="9.0"/>
                </Word>
                <Word id="w_w2aab1b5b2c13b1ac17" language="English" custom="readingOrder {index:1;}">
                    <Coords points="2087,5825 2251,5825 2251,5912 2087,5912"/>
                    <TextEquiv>
                        <Unicode>DE</Unicode>
                    </TextEquiv>
                    <TextStyle fontFamily="Times New Roman" fontSize="9.0"/>
                </Word>
                <Word id="w_w2aab1b5b2c13b1ac23" language="English" custom="readingOrder {index:2;}">
                    <Coords points="2305,5831 2788,5831 2788,5941 2305,5941"/>
                    <TextEquiv>
                        <Unicode>GERGY,</Unicode>
                    </TextEquiv>
                    <TextStyle fontFamily="Times New Roman" fontSize="9.0"/>
                </Word>
                <Word id="w_w2aab1b5b2c13b1ac37" language="English" custom="readingOrder {index:3;}">
                    <Coords points="2849,5840 3234,5840 3234,5938 2849,5938"/>
                    <TextEquiv>
                        <Unicode>archev.</Unicode>
                    </TextEquiv>
                    <TextStyle fontFamily="Times New Roman" fontSize="9.0"/>
                </Word>
                <Word id="w_w2aab1b5b2c13b1ac53" language="English" custom="readingOrder {index:4;}">
                    <Coords points="3291,5844 3410,5844 3410,5941 3291,5941"/>
                    <TextEquiv>
                        <Unicode>de</Unicode>
                    </TextEquiv>
                    <TextStyle fontFamily="Times New Roman" fontSize="9.0"/>
                </Word>
                <Word id="w_w2aab1b5b2c13b1ac59" language="English" custom="readingOrder {index:5;}">
                    <Coords points="3477,5852 3751,5852 3751,5948 3477,5948"/>
                    <TextEquiv>
                        <Unicode>Sens.</Unicode>
                    </TextEquiv>
                    <TextStyle fontFamily="Times New Roman" fontSize="9.0"/>
                </Word>
                <Word id="w_w2aab1b5b2c13b1ac71" language="English" custom="readingOrder {index:6;}">
                    <Coords points="3823,5868 4047,5868 4047,5957 3823,5957"/>
                    <TextEquiv>
                        <Unicode>Aut.</Unicode>
                    </TextEquiv>
                    <TextStyle fontFamily="Times New Roman" fontSize="9.0"/>
                </Word>
                <Word id="w_w2aab1b5b2c13b1ac81" language="English" custom="readingOrder {index:7;}">
                    <Coords points="4111,5874 4283,5874 4283,5990 4111,5990"/>
                    <TextEquiv>
                        <Unicode>sig.</Unicode>
                    </TextEquiv>
                    <TextStyle fontFamily="Times New Roman" fontSize="9.0"/>
                </Word>
                <Word id="w_w2aab1b5b2c13b1ac91" language="English" custom="readingOrder {index:8;}">
                    <Coords points="4331,5876 4385,5876 4385,5969 4331,5969"/>
                    <TextEquiv>
                        <Unicode>à</Unicode>
                    </TextEquiv>
                    <TextStyle fontFamily="Times New Roman" fontSize="9.0"/>
                </Word>
                <Word id="w_w2aab1b5b2c13b1ac95" language="English" custom="readingOrder {index:9;}">
                    <Coords points="4446,5890 4569,5890 4569,5976 4446,5976"/>
                    <TextEquiv>
                        <Unicode>M.</Unicode>
                    </TextEquiv>
                    <TextStyle fontFamily="Times New Roman" fontSize="9.0"/>
                </Word>
                <Word id="w_w2aab1b5b2c13b1ad101" language="English" custom="readingOrder {index:10;}">
                    <Coords points="4622,5892 4881,5892 4881,5983 4622,5983"/>
                    <TextEquiv>
                        <Unicode>Mar-</Unicode>
                    </TextEquiv>
                    <TextStyle fontFamily="Times New Roman" fontSize="9.0"/>
                </Word>
                <TextEquiv>
                    <Unicode>LANGURT DE GERGY, archev. de Sens. Aut. sig. à M. Mar¬</Unicode>
                </TextEquiv>
                <TextStyle fontFamily="Times New Roman" fontSize="9.0"/>
            </TextLine>
            <TextLine id="tl_23" primaryLanguage="English" custom="readingOrder {index:1;}">
                <Coords points="1320,5925 2710,5925 2710,6069 1320,6069"/>
                <Baseline points="1321,6018 1585,6019 1672,6017 1982,6026 2236,6032 2296,6047 2709,6043"/>
                <Word id="w_w2aab1b5b2c13b3ab1" language="English" custom="readingOrder {index:0;}">
                    <Coords points="1321,5930 1585,5930 1585,6019 1321,6019"/>
                    <TextEquiv>
                        <Unicode>ville.</Unicode>
                    </TextEquiv>
                    <TextStyle fontFamily="Times New Roman" fontSize="9.0"/>
                </Word>
                <Word id="w_w2aab1b5b2c13b3ac15" language="English" custom="readingOrder {index:1;}">
                    <Coords points="1647,5947 1672,5947 1672,6017 1647,6017"/>
                    <TextEquiv>
                        <Unicode>1</Unicode>
                    </TextEquiv>
                    <TextStyle fontFamily="Times New Roman" fontSize="9.0"/>
                </Word>
                <Word id="w_w2aab1b5b2c13b3ac19" language="English" custom="readingOrder {index:2;}">
                    <Coords points="1742,5958 1982,5958 1982,6049 1742,6049"/>
                    <TextEquiv>
                        <Unicode>page</Unicode>
                    </TextEquiv>
                    <TextStyle fontFamily="Times New Roman" fontSize="9.0"/>
                </Word>
                <Word id="w_w2aab1b5b2c13b3ac29" language="English" custom="readingOrder {index:3;}">
                    <Coords points="2039,5942 2236,5942 2236,6032 2039,6032"/>
                    <TextEquiv>
                        <Unicode>in-4</Unicode>
                    </TextEquiv>
                    <TextStyle fontFamily="Times New Roman" fontSize="9.0"/>
                </Word>
                <Word id="w_w2aab1b5b2c13b3ac39" language="English" custom="readingOrder {index:4;}">
                    <Coords points="2272,5981 2296,5981 2296,6047 2272,6047"/>
                    <TextEquiv>
                        <Unicode>;</Unicode>
                    </TextEquiv>
                    <TextStyle fontFamily="Times New Roman" fontSize="9.0"/>
                </Word>
                <Word id="w_w2aab1b5b2c13b3ac43" language="English" custom="readingOrder {index:5;}">
                    <Coords points="2347,5952 2709,5952 2709,6043 2347,6043"/>
                    <TextEquiv>
                        <Unicode>cachet.</Unicode>
                    </TextEquiv>
                    <TextStyle fontFamily="Times New Roman" fontSize="9.0"/>
                </Word>
                <TextEquiv>
                    <Unicode>ville. 1 page in-4 ; cachet.</Unicode>
                </TextEquiv>
                <TextStyle fontFamily="Times New Roman" fontSize="9.0"/>
            </TextLine>
            <TextEquiv>
                <Unicode>LANGURT DE GERGY, archev. de Sens. Aut. sig. à M. Mar¬
ville. 1 page in-4 ; cachet.</Unicode>
            </TextEquiv>
        </TextRegion>
        <TextRegion type="paragraph" id="r_3_8" custom="readingOrder {index:12;}">
            <Coords points="1316,6043 4870,6043 4870,6304 1316,6304"/>
            <TextLine id="tl_24" primaryLanguage="English" custom="readingOrder {index:0;}">
                <Coords points="1427,6044 4869,6044 4869,6252 1427,6252"/>
                <Baseline points="1428,6141 1586,6141 1964,6180 2212,6176 2627,6165 3222,6178 3508,6187 3625,6190 3819,6194 3996,6200 4465,6215 4629,6218 4868,6228"/>
                <Word id="w_w2aab1b5b2c15b1ab1" language="English" custom="readingOrder {index:0;}">
                    <Coords points="1428,6058 1900,6058 1900,6179 1428,6179"/>
                    <TextEquiv>
                        <Unicode>CAYLUS</Unicode>
                    </TextEquiv>
                    <TextStyle fontFamily="Times New Roman" fontSize="9.0"/>
                </Word>
                <Word id="w_w2aab1b5b2c15b1b1b1" language="English" custom="readingOrder {index:1;}">
                    <Coords points="1929,6059 2158,6059 2158,6182 1929,6182"/>
                    <TextEquiv>
                        <Unicode>(de)</Unicode>
                    </TextEquiv>
                    <TextStyle fontFamily="Times New Roman" fontSize="9.0"/>
                </Word>
                <Word id="w_w2aab1b5b2c15b1b2b1" language="English" custom="readingOrder {index:2;}">
                    <Coords points="2189,6137 2212,6137 2212,6176 2189,6176"/>
                    <TextEquiv>
                        <Unicode>,</Unicode>
                    </TextEquiv>
                    <TextStyle fontFamily="Times New Roman" fontSize="9.0"/>
                </Word>
                <Word id="w_w2aab1b5b2c15b1b2b5" language="English" custom="readingOrder {index:3;}">
                    <Coords points="2260,6069 2627,6069 2627,6186 2260,6186"/>
                    <TextEquiv>
                        <Unicode>évêque</Unicode>
                    </TextEquiv>
                    <TextStyle fontFamily="Times New Roman" fontSize="9.0"/>
                </Word>
                <Word id="w_w2aab1b5b2c15b1b2c19" language="English" custom="readingOrder {index:4;}">
                    <Coords points="2658,6075 3222,6075 3222,6179 2658,6179"/>
                    <TextEquiv>
                        <Unicode>d’Auxerre.</Unicode>
                    </TextEquiv>
                    <TextStyle fontFamily="Times New Roman" fontSize="9.0"/>
                </Word>
                <Word id="w_w2aab1b5b2c15b1b2c41" language="English" custom="readingOrder {index:5;}">
                    <Coords points="3286,6096 3508,6096 3508,6187 3286,6187"/>
                    <TextEquiv>
                        <Unicode>Aut.</Unicode>
                    </TextEquiv>
                    <TextStyle fontFamily="Times New Roman" fontSize="9.0"/>
                </Word>
                <Word id="w_w2aab1b5b2c15b1b2c51" language="English" custom="readingOrder {index:6;}">
                    <Coords points="3549,6100 3722,6100 3722,6219 3549,6219"/>
                    <TextEquiv>
                        <Unicode>sig.</Unicode>
                    </TextEquiv>
                    <TextStyle fontFamily="Times New Roman" fontSize="9.0"/>
                </Word>
                <Word id="w_w2aab1b5b2c15b1b3b1" language="English" custom="readingOrder {index:7;}">
                    <Coords points="3761,6101 3819,6101 3819,6195 3761,6195"/>
                    <TextEquiv>
                        <Unicode>à</Unicode>
                    </TextEquiv>
                    <TextStyle fontFamily="Times New Roman" fontSize="9.0"/>
                </Word>
                <Word id="w_w2aab1b5b2c15b1b4b1" language="English" custom="readingOrder {index:8;}">
                    <Coords points="3867,6111 3996,6111 3996,6200 3867,6200"/>
                    <TextEquiv>
                        <Unicode>M.</Unicode>
                    </TextEquiv>
                    <TextStyle fontFamily="Times New Roman" fontSize="9.0"/>
                </Word>
                <Word id="w_w2aab1b5b2c15b1b4b7" language="English" custom="readingOrder {index:9;}">
                    <Coords points="4039,6117 4465,6117 4465,6216 4039,6216"/>
                    <TextEquiv>
                        <Unicode>Grosset.</Unicode>
                    </TextEquiv>
                    <TextStyle fontFamily="Times New Roman" fontSize="9.0"/>
                </Word>
                <Word id="w_w2aab1b5b2c15b1b4c25" language="English" custom="readingOrder {index:10;}">
                    <Coords points="4519,6133 4629,6133 4629,6218 4519,6218"/>
                    <TextEquiv>
                        <Unicode>10</Unicode>
                    </TextEquiv>
                    <TextStyle fontFamily="Times New Roman" fontSize="9.0"/>
                </Word>
                <Word id="w_w2aab1b5b2c15b1b4c31" language="English" custom="readingOrder {index:11;}">
                    <Coords points="4648,6135 4868,6135 4868,6248 4648,6248"/>
                    <TextEquiv>
                        <Unicode>juin</Unicode>
                    </TextEquiv>
                    <TextStyle fontFamily="Times New Roman" fontSize="9.0"/>
                </Word>
                <TextEquiv>
                    <Unicode>CAYLUS (de), évêque d’Auxerre. Aut. sig. à M. Grosset. 10 juin</Unicode>
                </TextEquiv>
            </TextLine>
            <TextLine id="tl_25" primaryLanguage="English" custom="readingOrder {index:1;}">
                <Coords points="1317,6167 2275,6167 2275,6303 1317,6303"/>
                <Baseline points="1317,6256 1584,6265 1689,6266 1968,6274 2273,6279"/>
                <Word id="w_w2aab1b5b2c15b3ab1" language="English" custom="readingOrder {index:0;}">
                    <Coords points="1317,6172 1584,6172 1584,6265 1317,6265"/>
                    <TextEquiv>
                        <Unicode>1742.</Unicode>
                    </TextEquiv>
                    <TextStyle fontFamily="Times New Roman" fontSize="9.0"/>
                </Word>
                <Word id="w_w2aab1b5b2c15b3ac13" language="English" custom="readingOrder {index:1;}">
                    <Coords points="1635,6181 1689,6181 1689,6266 1635,6266"/>
                    <TextEquiv>
                        <Unicode>2</Unicode>
                    </TextEquiv>
                    <TextStyle fontFamily="Times New Roman" fontSize="9.0"/>
                </Word>
                <Word id="w_w2aab1b5b2c15b3ac17" language="English" custom="readingOrder {index:2;}">
                    <Coords points="1731,6202 1968,6202 1968,6295 1731,6295"/>
                    <TextEquiv>
                        <Unicode>page</Unicode>
                    </TextEquiv>
                    <TextStyle fontFamily="Times New Roman" fontSize="9.0"/>
                </Word>
                <Word id="w_w2aab1b5b2c15b3ac27" language="English" custom="readingOrder {index:3;}">
                    <Coords points="2021,6183 2273,6183 2273,6279 2021,6279"/>
                    <TextEquiv>
                        <Unicode>in-4.</Unicode>
                    </TextEquiv>
                    <TextStyle fontFamily="Times New Roman" fontSize="9.0"/>
                </Word>
                <TextEquiv>
                    <Unicode>1742. 2 page in-4.</Unicode>
                </TextEquiv>
                <TextStyle fontFamily="Times New Roman" fontSize="9.0"/>
            </TextLine>
            <TextEquiv>
                <Unicode>CAYLUS (de), évêque d’Auxerre. Aut. sig. à M. Grosset. 10 juin
1742. 2 page in-4.</Unicode>
            </TextEquiv>
        </TextRegion>
        <TextRegion type="paragraph" id="r_3_9" custom="readingOrder {index:13;}">
            <Coords points="1423,6269 4313,6269 4313,6478 1423,6478"/>
            <TextLine id="tl_26" primaryLanguage="English" custom="readingOrder {index:0;}">
                <Coords points="1424,6270 4312,6270 4312,6477 1424,6477"/>
                <Baseline points="1424,6385 1572,6387 2330,6404 2548,6407 2774,6412 3033,6418 3322,6423 3554,6432 3724,6432 3871,6439 4310,6453"/>
                <Word id="w_w2aab1b5b2c17b1ab1" language="English" custom="readingOrder {index:0;}">
                    <Coords points="1424,6300 1572,6300 1572,6387 1424,6387"/>
                    <TextEquiv>
                        <Unicode>LA</Unicode>
                    </TextEquiv>
                    <TextStyle fontFamily="Times New Roman" fontSize="9.0"/>
                </Word>
                <Word id="w_w2aab1b5b2c17b1ab7" language="English" custom="readingOrder {index:1;}">
                    <Coords points="1624,6278 2330,6278 2330,6404 1624,6404"/>
                    <TextEquiv>
                        <Unicode>TRÉMOILLE</Unicode>
                    </TextEquiv>
                    <TextStyle fontFamily="Times New Roman" fontSize="9.0"/>
                </Word>
                <Word id="w_w2aab1b5b2c17b1ac27" language="English" custom="readingOrder {index:2;}">
                    <Coords points="2365,6311 2548,6311 2548,6434 2365,6434"/>
                    <TextEquiv>
                        <Unicode>(Le</Unicode>
                    </TextEquiv>
                    <TextStyle fontFamily="Times New Roman" fontSize="9.0"/>
                </Word>
                <Word id="w_w2aab1b5b2c17b1ac35" language="English" custom="readingOrder {index:3;}">
                    <Coords points="2584,6316 2774,6316 2774,6412 2584,6412"/>
                    <TextEquiv>
                        <Unicode>duc</Unicode>
                    </TextEquiv>
                    <TextStyle fontFamily="Times New Roman" fontSize="9.0"/>
                </Word>
                <Word id="w_w2aab1b5b2c17b1ac43" language="English" custom="readingOrder {index:4;}">
                    <Coords points="2818,6319 3033,6319 3033,6445 2818,6445"/>
                    <TextEquiv>
                        <Unicode>de).</Unicode>
                    </TextEquiv>
                    <TextStyle fontFamily="Times New Roman" fontSize="9.0"/>
                </Word>
                <Word id="w_w2aab1b5b2c17b1ac53" language="English" custom="readingOrder {index:5;}">
                    <Coords points="3096,6334 3322,6334 3322,6423 3096,6423"/>
                    <TextEquiv>
                        <Unicode>Aut.</Unicode>
                    </TextEquiv>
                    <TextStyle fontFamily="Times New Roman" fontSize="9.0"/>
                </Word>
                <Word id="w_w2aab1b5b2c17b1ac63" language="English" custom="readingOrder {index:6;}">
                    <Coords points="3376,6337 3554,6337 3554,6457 3376,6457"/>
                    <TextEquiv>
                        <Unicode>sig.</Unicode>
                    </TextEquiv>
                    <TextStyle fontFamily="Times New Roman" fontSize="9.0"/>
                </Word>
                <Word id="w_w2aab1b5b2c17b1ac73" language="English" custom="readingOrder {index:7;}">
                    <Coords points="3616,6345 3724,6345 3724,6432 3616,6432"/>
                    <TextEquiv>
                        <Unicode>15</Unicode>
                    </TextEquiv>
                    <TextStyle fontFamily="Times New Roman" fontSize="9.0"/>
                </Word>
                <Word id="w_w2aab1b5b2c17b1ac79" language="English" custom="readingOrder {index:8;}">
                    <Coords points="3780,6353 3970,6353 3970,6443 3780,6443"/>
                    <TextEquiv>
                        <Unicode>mai</Unicode>
                    </TextEquiv>
                    <TextStyle fontFamily="Times New Roman" fontSize="9.0"/>
                </Word>
                <Word id="w_w2aab1b5b2c17b1b1b1" language="English" custom="readingOrder {index:9;}">
                    <Coords points="4036,6360 4310,6360 4310,6453 4036,6453"/>
                    <TextEquiv>
                        <Unicode>1732.</Unicode>
                    </TextEquiv>
                    <TextStyle fontFamily="Times New Roman" fontSize="9.0"/>
                </Word>
                <TextEquiv>
                    <Unicode>LA TRÉMOILLE (Le duc de). Aut. sig. 15 mai 1732.</Unicode>
                </TextEquiv>
            </TextLine>
            <TextEquiv>
                <Unicode>LA TRÉMOILLE (Le duc de). Aut. sig. 15 mai 1732.</Unicode>
            </TextEquiv>
        </TextRegion>
        <TextRegion type="paragraph" id="r_3_10" custom="readingOrder {index:14;}">
            <Coords points="1071,6442 4860,6442 4860,6702 1071,6702"/>
            <TextLine id="tl_27" primaryLanguage="English" custom="readingOrder {index:0;}">
                <Coords points="1072,6443 4859,6443 4859,6701 1072,6701"/>
                <Baseline points="1073,6592 1181,6589 2139,6603 3123,6625 3215,6651 3950,6648 4378,6662 4856,6673"/>
                <Word id="w_w2aab1b5b2c19b1ab1" language="English" custom="readingOrder {index:0;}">
                    <Coords points="1073,6483 1181,6483 1181,6592 1073,6592"/>
                    <TextEquiv>
                        <Unicode>3.</Unicode>
                    </TextEquiv>
                    <TextStyle fontFamily="Times New Roman" fontSize="10.5" bold="true"/>
                </Word>
                <Word id="w_w2aab1b5b2c19b1ab7" language="English" custom="readingOrder {index:1;}">
                    <Coords points="1277,6458 2139,6458 2139,6603 1277,6603"/>
                    <TextEquiv>
                        <Unicode>ACADÉMIE</Unicode>
                    </TextEquiv>
                    <TextStyle fontFamily="Times New Roman" fontSize="10.5" bold="true"/>
                </Word>
                <Word id="w_w2aab1b5b2c19b1ac25" language="English" custom="readingOrder {index:2;}">
                    <Coords points="2197,6492 3123,6492 3123,6653 2197,6653"/>
                    <TextEquiv>
                        <Unicode>FRANÇAISE</Unicode>
                    </TextEquiv>
                    <TextStyle fontFamily="Times New Roman" fontSize="10.5" bold="true"/>
                </Word>
                <Word id="w_w2aab1b5b2c19b1ac45" language="English" custom="readingOrder {index:3;}">
                    <Coords points="3176,6516 3814,6516 3814,6651 3176,6651"/>
                    <TextEquiv>
                        <Unicode>(Membres</Unicode>
                    </TextEquiv>
                    <TextStyle fontFamily="Times New Roman" fontSize="10.5" bold="true"/>
                </Word>
                <Word id="w_w2aab1b5b2c19b1b1b1" language="English" custom="readingOrder {index:4;}">
                    <Coords points="3880,6539 4252,6539 4252,6688 3880,6688"/>
                    <TextEquiv>
                        <Unicode>del’),</Unicode>
                    </TextEquiv>
                    <TextStyle fontFamily="Times New Roman" fontSize="10.5" bold="true"/>
                </Word>
                <Word id="w_w2aab1b5b2c19b1b2b1" language="English" custom="readingOrder {index:5;}">
                    <Coords points="4312,6548 4378,6548 4378,6662 4312,6662"/>
                    <TextEquiv>
                        <Unicode>4</Unicode>
                    </TextEquiv>
                    <TextStyle fontFamily="Times New Roman" fontSize="10.5" bold="true"/>
                </Word>
                <Word id="w_w2aab1b5b2c19b1b2b5" language="English" custom="readingOrder {index:6;}">
                    <Coords points="4436,6555 4856,6555 4856,6676 4436,6676"/>
                    <TextEquiv>
                        <Unicode>lettres.</Unicode>
                    </TextEquiv>
                    <TextStyle fontFamily="Times New Roman" fontSize="10.5" bold="true"/>
                </Word>
                <TextEquiv>
                    <Unicode>3. ACADÉMIE FRANÇAISE (Membres de l’), 4 lettres.</Unicode>
                </TextEquiv>
            </TextLine>
            <TextEquiv>
                <Unicode>3. ACADÉMIE FRANÇAISE (Membres de l’), 4 lettres.</Unicode>
            </TextEquiv>
        </TextRegion>
        <TextRegion type="paragraph" id="r_3_11" custom="readingOrder {index:15;}">
            <Coords points="1298,6627 4871,6627 4871,6908 1298,6908"/>
            <TextLine id="tl_28" primaryLanguage="English" custom="readingOrder {index:0;}">
                <Coords points="1426,6628 4870,6628 4870,6824 1426,6824"/>
                <Baseline points="1427,6722 1591,6724 2140,6738 2685,6760 2814,6751 3364,6760 3786,6775 4047,6781 4316,6787 4506,6796 4870,6806"/>
                <Word id="w_w2aab1b5b2c21b1ab1" language="English" custom="readingOrder {index:0;}">
                    <Coords points="1427,6636 1591,6636 1591,6724 1427,6724"/>
                    <TextEquiv>
                        <Unicode>DE</Unicode>
                    </TextEquiv>
                    <TextStyle fontFamily="Times New Roman" fontSize="9.0"/>
                </Word>
                <Word id="w_w2aab1b5b2c21b1ab7" language="English" custom="readingOrder {index:1;}">
                    <Coords points="1657,6641 2140,6641 2140,6738 1657,6738"/>
                    <TextEquiv>
                        <Unicode>MESMES</Unicode>
                    </TextEquiv>
                    <TextStyle fontFamily="Times New Roman" fontSize="9.0"/>
                </Word>
                <Word id="w_w2aab1b5b2c21b1ac21" language="English" custom="readingOrder {index:2;}">
                    <Coords points="2194,6645 2685,6645 2685,6762 2194,6762"/>
                    <TextEquiv>
                        <Unicode>(J.-Ant.,</Unicode>
                    </TextEquiv>
                    <TextStyle fontFamily="Times New Roman" fontSize="9.0"/>
                </Word>
                <Word id="w_w2aab1b5b2c21b1ac41" language="English" custom="readingOrder {index:3;}">
                    <Coords points="2766,6665 3072,6665 3072,6757 2766,6757"/>
                    <TextEquiv>
                        <Unicode>comte</Unicode>
                    </TextEquiv>
                    <TextStyle fontFamily="Times New Roman" fontSize="9.0"/>
                </Word>
                <Word id="w_w2aab1b5b2c21b1b1b1" language="English" custom="readingOrder {index:4;}">
                    <Coords points="3130,6667 3663,6667 3663,6794 3130,6794"/>
                    <TextEquiv>
                        <Unicode>d’Avaux).</Unicode>
                    </TextEquiv>
                    <TextStyle fontFamily="Times New Roman" fontSize="9.0"/>
                </Word>
                <Word id="w_w2aab1b5b2c21b1b2b1" language="English" custom="readingOrder {index:5;}">
                    <Coords points="3712,6692 3937,6692 3937,6780 3712,6780"/>
                    <TextEquiv>
                        <Unicode>Aut.</Unicode>
                    </TextEquiv>
                    <TextStyle fontFamily="Times New Roman" fontSize="9.0"/>
                </Word>
                <Word id="w_w2aab1b5b2c21b1b3b1" language="English" custom="readingOrder {index:6;}">
                    <Coords points="4004,6691 4184,6691 4184,6808 4004,6808"/>
                    <TextEquiv>
                        <Unicode>sig.</Unicode>
                    </TextEquiv>
                    <TextStyle fontFamily="Times New Roman" fontSize="9.0"/>
                </Word>
                <Word id="w_w2aab1b5b2c21b1b4b1" language="English" custom="readingOrder {index:7;}">
                    <Coords points="4262,6692 4316,6692 4316,6787 4262,6787"/>
                    <TextEquiv>
                        <Unicode>à</Unicode>
                    </TextEquiv>
                    <TextStyle fontFamily="Times New Roman" fontSize="9.0"/>
                </Word>
                <Word id="w_w2aab1b5b2c21b1b4b5" language="English" custom="readingOrder {index:8;}">
                    <Coords points="4380,6709 4506,6709 4506,6796 4380,6796"/>
                    <TextEquiv>
                        <Unicode>M.</Unicode>
                    </TextEquiv>
                    <TextStyle fontFamily="Times New Roman" fontSize="9.0"/>
                </Word>
                <Word id="w_w2aab1b5b2c21b1b4c11" language="English" custom="readingOrder {index:9;}">
                    <Coords points="4560,6709 4870,6709 4870,6806 4560,6806"/>
                    <TextEquiv>
                        <Unicode>l’abbé</Unicode>
                    </TextEquiv>
                    <TextStyle fontFamily="Times New Roman" fontSize="9.0"/>
                </Word>
                <TextEquiv>
                    <Unicode>DE MESMES (J.-Ant., comte d’Avaux). Aut. sig. à M. l’abbé</Unicode>
                </TextEquiv>
            </TextLine>
            <TextLine id="tl_29" primaryLanguage="English" custom="readingOrder {index:1;}">
                <Coords points="1299,6747 3332,6747 3332,6907 1299,6907"/>
                <Baseline points="1300,6843 1716,6848 1902,6851 2309,6860 2636,6867 2723,6865 3023,6876 3330,6885"/>
                <Word id="w_w2aab1b5b2c21b3ab1" language="English" custom="readingOrder {index:0;}">
                    <Coords points="1300,6755 1716,6755 1716,6848 1300,6848"/>
                    <TextEquiv>
                        <Unicode>Pucelle.</Unicode>
                    </TextEquiv>
                    <TextStyle fontFamily="Times New Roman" fontSize="9.0"/>
                </Word>
                <Word id="w_w2aab1b5b2c21b3ac19" language="English" custom="readingOrder {index:1;}">
                    <Coords points="1788,6766 1902,6766 1902,6851 1788,6851"/>
                    <TextEquiv>
                        <Unicode>23</Unicode>
                    </TextEquiv>
                    <TextStyle fontFamily="Times New Roman" fontSize="9.0"/>
                </Word>
                <Word id="w_w2aab1b5b2c21b3ac25" language="English" custom="readingOrder {index:2;}">
                    <Coords points="1948,6766 2309,6766 2309,6863 1948,6863"/>
                    <TextEquiv>
                        <Unicode>février</Unicode>
                    </TextEquiv>
                    <TextStyle fontFamily="Times New Roman" fontSize="9.0"/>
                </Word>
                <Word id="w_w2aab1b5b2c21b3ac41" language="English" custom="readingOrder {index:3;}">
                    <Coords points="2368,6778 2636,6778 2636,6867 2368,6867"/>
                    <TextEquiv>
                        <Unicode>1712.</Unicode>
                    </TextEquiv>
                    <TextStyle fontFamily="Times New Roman" fontSize="9.0"/>
                </Word>
                <Word id="w_w2aab1b5b2c21b3ac53" language="English" custom="readingOrder {index:4;}">
                    <Coords points="2694,6789 2723,6789 2723,6865 2694,6865"/>
                    <TextEquiv>
                        <Unicode>1</Unicode>
                    </TextEquiv>
                    <TextStyle fontFamily="Times New Roman" fontSize="9.0"/>
                </Word>
                <Word id="w_w2aab1b5b2c21b3ac57" language="English" custom="readingOrder {index:5;}">
                    <Coords points="2785,6806 3023,6806 3023,6899 2785,6899"/>
                    <TextEquiv>
                        <Unicode>page</Unicode>
                    </TextEquiv>
                    <TextStyle fontFamily="Times New Roman" fontSize="9.0"/>
                </Word>
                <Word id="w_w2aab1b5b2c21b3ac67" language="English" custom="readingOrder {index:6;}">
                    <Coords points="3076,6789 3330,6789 3330,6885 3076,6885"/>
                    <TextEquiv>
                        <Unicode>in-4.</Unicode>
                    </TextEquiv>
                    <TextStyle fontFamily="Times New Roman" fontSize="9.0"/>
                </Word>
                <TextEquiv>
                    <Unicode>Pucelle. 23 février 1712. 1 page in-4.</Unicode>
                </TextEquiv>
                <TextStyle fontFamily="Times New Roman" fontSize="9.0"/>
            </TextLine>
            <TextEquiv>
                <Unicode>DE MESMES (J.-Ant., comte d’Avaux). Aut. sig. à M. l’abbé
Pucelle. 23 février 1712. 1 page in-4.</Unicode>
            </TextEquiv>
        </TextRegion>
        <TextRegion type="paragraph" id="r_3_12" custom="readingOrder {index:16;}">
            <Coords points="1289,6863 4864,6863 4864,7152 1289,7152"/>
            <TextLine id="tl_30" primaryLanguage="English" custom="readingOrder {index:0;}">
                <Coords points="1418,6864 4863,6864 4863,7074 1418,7074"/>
                <Baseline points="1419,6965 1493,6965 2201,7003 2975,7017 3246,7005 3347,7006 3443,7034 3626,7008 3884,7020 4188,7027 4688,7044 4862,7048"/>
                <Word id="w_w2aab1b5b2c23b1ab1" language="English" custom="readingOrder {index:0;}">
                    <Coords points="1419,6880 2091,6880 2091,7003 1419,7003"/>
                    <TextEquiv>
                        <Unicode>HARCOURT</Unicode>
                    </TextEquiv>
                    <TextStyle fontFamily="Times New Roman" fontSize="9.0"/>
                </Word>
                <Word id="w_w2aab1b5b2c23b1b1b1" language="English" custom="readingOrder {index:1;}">
                    <Coords points="2172,6896 2536,6896 2536,7010 2172,7010"/>
                    <TextEquiv>
                        <Unicode>(Franç</Unicode>
                    </TextEquiv>
                    <TextStyle fontFamily="Times New Roman" fontSize="9.0"/>
                </Word>
                <Word id="w_w2aab1b5b2c23b1b2b1" language="English" custom="readingOrder {index:2;}">
                    <Coords points="2579,6907 2975,6907 2975,7017 2579,7017"/>
                    <TextEquiv>
                        <Unicode>-Henri,</Unicode>
                    </TextEquiv>
                    <TextStyle fontFamily="Times New Roman" fontSize="9.0"/>
                </Word>
                <Word id="w_w2aab1b5b2c23b1b2c17" language="English" custom="readingOrder {index:3;}">
                    <Coords points="3059,6905 3246,6905 3246,7005 3059,7005"/>
                    <TextEquiv>
                        <Unicode>duc</Unicode>
                    </TextEquiv>
                    <TextStyle fontFamily="Times New Roman" fontSize="9.0"/>
                </Word>
                <Word id="w_w2aab1b5b2c23b1b2c25" language="English" custom="readingOrder {index:4;}">
                    <Coords points="3287,6916 3379,6916 3379,7006 3287,7006"/>
                    <TextEquiv>
                        <Unicode>d’</Unicode>
                    </TextEquiv>
                    <TextStyle fontFamily="Times New Roman" fontSize="9.0"/>
                </Word>
                <Word id="w_w2aab1b5b2c23b1b3b1" language="English" custom="readingOrder {index:5;}">
                    <Coords points="3414,6909 3477,6909 3477,7034 3414,7034"/>
                    <TextEquiv>
                        <Unicode>).</Unicode>
                    </TextEquiv>
                    <TextStyle fontFamily="Times New Roman" fontSize="9.0"/>
                </Word>
                <Word id="w_w2aab1b5b2c23b1b4b1" language="English" custom="readingOrder {index:6;}">
                    <Coords points="3563,6930 3777,6930 3777,7019 3563,7019"/>
                    <TextEquiv>
                        <Unicode>Aut.</Unicode>
                    </TextEquiv>
                    <TextStyle fontFamily="Times New Roman" fontSize="9.0"/>
                </Word>
                <Word id="w_w2aab1b5b2c23b1b5b1" language="English" custom="readingOrder {index:7;}">
                    <Coords points="3843,6932 4011,6932 4011,7048 3843,7048"/>
                    <TextEquiv>
                        <Unicode>sig.</Unicode>
                    </TextEquiv>
                    <TextStyle fontFamily="Times New Roman" fontSize="9.0"/>
                </Word>
                <Word id="w_w2aab1b5b2c23b1b6b1" language="English" custom="readingOrder {index:8;}">
                    <Coords points="4066,6960 4188,6960 4188,7027 4066,7027"/>
                    <TextEquiv>
                        <Unicode>au</Unicode>
                    </TextEquiv>
                    <TextStyle fontFamily="Times New Roman" fontSize="9.0"/>
                </Word>
                <Word id="w_w2aab1b5b2c23b1b6b7" language="English" custom="readingOrder {index:9;}">
                    <Coords points="4266,6954 4688,6954 4688,7066 4266,7066"/>
                    <TextEquiv>
                        <Unicode>marquis</Unicode>
                    </TextEquiv>
                    <TextStyle fontFamily="Times New Roman" fontSize="9.0"/>
                </Word>
                <Word id="w_w2aab1b5b2c23b1b6c23" language="English" custom="readingOrder {index:10;}">
                    <Coords points="4742,6957 4862,6957 4862,7049 4742,7049"/>
                    <TextEquiv>
                        <Unicode>de</Unicode>
                    </TextEquiv>
                    <TextStyle fontFamily="Times New Roman" fontSize="9.0"/>
                </Word>
                <TextEquiv>
                    <Unicode>HARCOURT (Franç -Henri, duc d’). Aut. sig. au marquis de</Unicode>
                </TextEquiv>
            </TextLine>
            <TextLine id="tl_31" primaryLanguage="English" custom="readingOrder {index:1;}">
                <Coords points="1290,6993 3334,6993 3334,7151 1290,7151"/>
                <Baseline points="1290,7089 1745,7095 1906,7089 2304,7104 2637,7111 2734,7110 3039,7091 3333,7121"/>
                <Word id="w_w2aab1b5b2c23b3ab1" language="English" custom="readingOrder {index:0;}">
                    <Coords points="1290,7003 1745,7003 1745,7095 1290,7095"/>
                    <TextEquiv>
                        <Unicode>Castries.</Unicode>
                    </TextEquiv>
                    <TextStyle fontFamily="Times New Roman" fontSize="9.0"/>
                </Word>
                <Word id="w_w2aab1b5b2c23b3ac21" language="English" custom="readingOrder {index:1;}">
                    <Coords points="1804,7014 1906,7014 1906,7093 1804,7093"/>
                    <TextEquiv>
                        <Unicode>1S</Unicode>
                    </TextEquiv>
                    <TextStyle fontFamily="Times New Roman" fontSize="9.0"/>
                </Word>
                <Word id="w_w2aab1b5b2c23b3ac27" language="English" custom="readingOrder {index:2;}">
                    <Coords points="1950,7008 2304,7008 2304,7105 1950,7105"/>
                    <TextEquiv>
                        <Unicode>février</Unicode>
                    </TextEquiv>
                    <TextStyle fontFamily="Times New Roman" fontSize="9.0"/>
                </Word>
                <Word id="w_w2aab1b5b2c23b3ac43" language="English" custom="readingOrder {index:3;}">
                    <Coords points="2364,7022 2637,7022 2637,7111 2364,7111"/>
                    <TextEquiv>
                        <Unicode>1783.</Unicode>
                    </TextEquiv>
                    <TextStyle fontFamily="Times New Roman" fontSize="9.0"/>
                </Word>
                <Word id="w_w2aab1b5b2c23b3ac55" language="English" custom="readingOrder {index:4;}">
                    <Coords points="2706,7033 2734,7033 2734,7139 2706,7139"/>
                    <TextEquiv>
                        <Unicode>1</Unicode>
                    </TextEquiv>
                    <TextStyle fontFamily="Times New Roman" fontSize="9.0"/>
                </Word>
                <Word id="w_w2aab1b5b2c23b3b1b1" language="English" custom="readingOrder {index:5;}">
                    <Coords points="2800,7053 3039,7053 3039,7140 2800,7140"/>
                    <TextEquiv>
                        <Unicode>pat."*</Unicode>
                    </TextEquiv>
                    <TextStyle fontFamily="Times New Roman" fontSize="9.0"/>
                </Word>
                <Word id="w_w2aab1b5b2c23b3b1c15" language="English" custom="readingOrder {index:6;}">
                    <Coords points="3248,7037 3333,7037 3333,7122 3248,7122"/>
                    <TextEquiv>
                        <Unicode>4.</Unicode>
                    </TextEquiv>
                    <TextStyle fontFamily="Times New Roman" fontSize="9.0"/>
                </Word>
                <TextEquiv>
                    <Unicode>Castries. 18 février 1783. 1 page in-4.</Unicode>
                </TextEquiv>
            </TextLine>
            <TextEquiv>
                <Unicode>HARCOURT (Franç -Henri, duc d’). Aut. sig. au marquis de
Castries. 18 février 1783. 1 page in-4.</Unicode>
            </TextEquiv>
        </TextRegion>
        <TextRegion type="paragraph" id="r_3_13" custom="readingOrder {index:17;}">
            <Coords points="1285,7115 4866,7115 4866,7435 1285,7435"/>
            <TextLine id="tl_32" primaryLanguage="English" custom="readingOrder {index:0;}">
                <Coords points="1409,7116 4865,7116 4865,7316 1409,7316"/>
                <Baseline points="1409,7215 1875,7218 2052,7248 2247,7229 3140,7267 3501,7255 3633,7256 4154,7274 4498,7286 4864,7294"/>
                <Word id="w_w2aab1b5b2c25b1ab1" language="English" custom="readingOrder {index:0;}">
                    <Coords points="1409,7126 1959,7126 1959,7248 1409,7248"/>
                    <TextEquiv>
                        <Unicode>GUIBERT</Unicode>
                    </TextEquiv>
                    <TextStyle fontFamily="Times New Roman" fontSize="9.0"/>
                </Word>
                <Word id="w_w2aab1b5b2c25b1b1b1" language="English" custom="readingOrder {index:1;}">
                    <Coords points="2025,7132 2052,7132 2052,7248 2025,7248"/>
                    <TextEquiv>
                        <Unicode>(</Unicode>
                    </TextEquiv>
                    <TextStyle fontFamily="Times New Roman" fontSize="9.0"/>
                </Word>
                <Word id="w_w2aab1b5b2c25b1b2b1" language="English" custom="readingOrder {index:2;}">
                    <Coords points="2073,7141 3041,7141 3041,7267 2073,7267"/>
                    <TextEquiv>
                        <Unicode>Jacq.-Ant.-Hippol</Unicode>
                    </TextEquiv>
                    <TextStyle fontFamily="Times New Roman" fontSize="9.0"/>
                </Word>
                <Word id="w_w2aab1b5b2c25b1b3b1" language="English" custom="readingOrder {index:3;}">
                    <Coords points="3113,7226 3140,7226 3140,7267 3113,7267"/>
                    <TextEquiv>
                        <Unicode>,</Unicode>
                    </TextEquiv>
                    <TextStyle fontFamily="Times New Roman" fontSize="9.0"/>
                </Word>
                <Word id="w_w2aab1b5b2c25b1b3b5" language="English" custom="readingOrder {index:4;}">
                    <Coords points="3195,7171 3501,7171 3501,7256 3195,7256"/>
                    <TextEquiv>
                        <Unicode>c«intc</Unicode>
                    </TextEquiv>
                    <TextStyle fontFamily="Times New Roman" fontSize="9.0"/>
                </Word>
                <Word id="w_w2aab1b5b2c25b1b3c19" language="English" custom="readingOrder {index:5;}">
                    <Coords points="3575,7167 3792,7167 3792,7291 3575,7291"/>
                    <TextEquiv>
                        <Unicode>de).</Unicode>
                    </TextEquiv>
                    <TextStyle fontFamily="Times New Roman" fontSize="9.0"/>
                </Word>
                <Word id="w_w2aab1b5b2c25b1b4b1" language="English" custom="readingOrder {index:6;}">
                    <Coords points="3859,7179 4154,7179 4154,7294 3859,7294"/>
                    <TextEquiv>
                        <Unicode>Copie</Unicode>
                    </TextEquiv>
                    <TextStyle fontFamily="Times New Roman" fontSize="9.0"/>
                </Word>
                <Word id="w_w2aab1b5b2c25b1b4c13" language="English" custom="readingOrder {index:7;}">
                    <Coords points="4207,7183 4498,7183 4498,7286 4207,7286"/>
                    <TextEquiv>
                        <Unicode>d’une</Unicode>
                    </TextEquiv>
                    <TextStyle fontFamily="Times New Roman" fontSize="9.0"/>
                </Word>
                <Word id="w_w2aab1b5b2c25b1b4c25" language="English" custom="readingOrder {index:8;}">
                    <Coords points="4583,7196 4864,7196 4864,7295 4583,7295"/>
                    <TextEquiv>
                        <Unicode>lettre</Unicode>
                    </TextEquiv>
                    <TextStyle fontFamily="Times New Roman" fontSize="9.0"/>
                </Word>
                <TextEquiv>
                    <Unicode>GUIBERT (Jacq.-Ant.-Hippol , comte de). Copie d’une lettre</Unicode>
                </TextEquiv>
            </TextLine>
            <TextLine id="tl_33" primaryLanguage="English" custom="readingOrder {index:1;}">
                <Coords points="1286,7237 4850,7237 4850,7434 1286,7434"/>
                <Baseline points="1287,7326 1408,7330 1611,7334 1800,7340 2274,7345 2479,7354 2685,7355 3076,7369 3354,7376 3844,7389 4066,7392 4261,7398 4687,7410 4850,7416"/>
                <Word id="w_w2aab1b5b2c25b3ab1" language="English" custom="readingOrder {index:0;}">
                    <Coords points="1287,7237 1408,7237 1408,7330 1287,7330"/>
                    <TextEquiv>
                        <Unicode>de</Unicode>
                    </TextEquiv>
                    <TextStyle fontFamily="Times New Roman" fontSize="9.0"/>
                </Word>
                <Word id="w_w2aab1b5b2c25b3ab7" language="English" custom="readingOrder {index:1;}">
                    <Coords points="1489,7251 1611,7251 1611,7335 1489,7335"/>
                    <TextEquiv>
                        <Unicode>M.</Unicode>
                    </TextEquiv>
                    <TextStyle fontFamily="Times New Roman" fontSize="9.0"/>
                </Word>
                <Word id="w_w2aab1b5b2c25b3ac13" language="English" custom="readingOrder {index:2;}">
                    <Coords points="1681,7250 1800,7250 1800,7340 1681,7340"/>
                    <TextEquiv>
                        <Unicode>de</Unicode>
                    </TextEquiv>
                    <TextStyle fontFamily="Times New Roman" fontSize="9.0"/>
                </Word>
                <Word id="w_w2aab1b5b2c25b3ac19" language="English" custom="readingOrder {index:3;}">
                    <Coords points="1871,7252 2349,7252 2349,7353 1871,7353"/>
                    <TextEquiv>
                        <Unicode>Choiseuil</Unicode>
                    </TextEquiv>
                    <TextStyle fontFamily="Times New Roman" fontSize="9.0"/>
                </Word>
                <Word id="w_w2aab1b5b2c25b3b1b1" language="English" custom="readingOrder {index:4;}">
                    <Coords points="2427,7263 2479,7263 2479,7356 2427,7356"/>
                    <TextEquiv>
                        <Unicode>à</Unicode>
                    </TextEquiv>
                    <TextStyle fontFamily="Times New Roman" fontSize="10.5" bold="true"/>
                </Word>
                <Word id="w_w2aab1b5b2c25b3b2b1" language="English" custom="readingOrder {index:5;}">
                    <Coords points="2571,7272 2685,7272 2685,7355 2571,7355"/>
                    <TextEquiv>
                        <Unicode>M.</Unicode>
                    </TextEquiv>
                    <TextStyle fontFamily="Times New Roman" fontSize="9.0"/>
                </Word>
                <Word id="w_w2aab1b5b2c25b3b2b7" language="English" custom="readingOrder {index:6;}">
                    <Coords points="2765,7274 3221,7274 3221,7397 2765,7397"/>
                    <TextEquiv>
                        <Unicode>Guibert,</Unicode>
                    </TextEquiv>
                    <TextStyle fontFamily="Times New Roman" fontSize="9.0"/>
                </Word>
                <Word id="w_w2aab1b5b2c25b3b3b1" language="English" custom="readingOrder {index:7;}">
                    <Coords points="3302,7285 3394,7285 3394,7376 3302,7376"/>
                    <TextEquiv>
                        <Unicode>et</Unicode>
                    </TextEquiv>
                    <TextStyle fontFamily="Times New Roman" fontSize="9.0"/>
                </Word>
                <Word id="w_w2aab1b5b2c25b3b4b1" language="English" custom="readingOrder {index:8;}">
                    <Coords points="3464,7286 3844,7286 3844,7389 3464,7389"/>
                    <TextEquiv>
                        <Unicode>donnée</Unicode>
                    </TextEquiv>
                    <TextStyle fontFamily="Times New Roman" fontSize="9.0"/>
                </Word>
                <Word id="w_w2aab1b5b2c25b3b4c15" language="English" custom="readingOrder {index:9;}">
                    <Coords points="3896,7326 4066,7326 4066,7413 3896,7413"/>
                    <TextEquiv>
                        <Unicode>par</Unicode>
                    </TextEquiv>
                    <TextStyle fontFamily="Times New Roman" fontSize="9.0"/>
                </Word>
                <Word id="w_w2aab1b5b2c25b3b4c23" language="English" custom="readingOrder {index:10;}">
                    <Coords points="4134,7312 4261,7312 4261,7398 4134,7398"/>
                    <TextEquiv>
                        <Unicode>M.</Unicode>
                    </TextEquiv>
                    <TextStyle fontFamily="Times New Roman" fontSize="9.0"/>
                </Word>
                <Word id="w_w2aab1b5b2c25b3b4c29" language="English" custom="readingOrder {index:11;}">
                    <Coords points="4318,7315 4728,7315 4728,7415 4318,7415"/>
                    <TextEquiv>
                        <Unicode>Guibert</Unicode>
                    </TextEquiv>
                    <TextStyle fontFamily="Times New Roman" fontSize="9.0"/>
                </Word>
                <Word id="w_w2aab1b5b2c25b3b5b1" language="English" custom="readingOrder {index:12;}">
                    <Coords points="4802,7325 4850,7325 4850,7416 4802,7416"/>
                    <TextEquiv>
                        <Unicode>à</Unicode>
                    </TextEquiv>
                    <TextStyle fontFamily="Times New Roman" fontSize="9.0"/>
                </Word>
                <TextEquiv>
                    <Unicode>de M. de Choiseuil à M. Guibert, et donnée par M. Guibert à</Unicode>
                </TextEquiv>
            </TextLine>
            <TextEquiv>
                <Unicode>GUIBERT (Jacq.-Ant.-Hippol , comte de). Copie d’une lettre
de M. de Choiseuil à M. Guibert, et donnée par M. Guibert à</Unicode>
            </TextEquiv>
        </TextRegion>
        <TextRegion type="paragraph" id="r_3_14" custom="readingOrder {index:18;}">
            <Coords points="4183,7466 4227,7466 4227,7565 4183,7565"/>
            <TextLine id="tl_34" primaryLanguage="English" custom="readingOrder {index:0;}">
                <Coords points="4184,7467 4226,7467 4226,7564 4184,7564"/>
                <Baseline points="4184,7564 4226,7564"/>
                <Word id="w_w2aab1b5b4b1b1ab1" language="English" custom="readingOrder {index:0;}">
                    <Coords points="4184,7467 4226,7467 4226,7564 4184,7564"/>
                    <TextEquiv>
                        <Unicode>1</Unicode>
                    </TextEquiv>
                    <TextStyle fontFamily="Times New Roman" fontSize="10.0" bold="true"/>
                </Word>
                <TextEquiv>
                    <Unicode>1</Unicode>
                </TextEquiv>
                <TextStyle fontFamily="Times New Roman" fontSize="10.0" bold="true"/>
            </TextLine>
            <TextEquiv>
                <Unicode>1</Unicode>
            </TextEquiv>
        </TextRegion>
        <SeparatorRegion id="r_4" custom="readingOrder {index:19;}">
            <Coords points="2678,3068 3323,3068 3323,3107 2678,3107"/>
        </SeparatorRegion>
        <SeparatorRegion id="r_5" custom="readingOrder {index:20;}">
            <Coords points="5599,9080 5866,9080 5866,9098 5599,9098"/>
        </SeparatorRegion>
        <SeparatorRegion id="r_6" custom="readingOrder {index:21;}">
            <Coords points="4191,9080 5599,9080 5599,9100 4191,9100"/>
        </SeparatorRegion>
        <SeparatorRegion id="r_7" custom="readingOrder {index:22;}">
            <Coords points="2778,9080 4191,9080 4191,9100 2778,9100"/>
        </SeparatorRegion>
        <SeparatorRegion id="r_8" custom="readingOrder {index:23;}">
            <Coords points="4574,9125 5866,9125 5866,9133 4574,9133"/>
        </SeparatorRegion>
        <SeparatorRegion id="r_9" custom="readingOrder {index:24;}">
            <Coords points="1366,9080 2778,9080 2778,9100 1366,9100"/>
        </SeparatorRegion>
        <SeparatorRegion id="r_10" custom="readingOrder {index:25;}">
            <Coords points="3165,9125 4558,9125 4558,9133 3165,9133"/>
        </SeparatorRegion>
        <SeparatorRegion id="r_11" custom="readingOrder {index:26;}">
            <Coords points="286,9080 1366,9080 1366,9100 286,9100"/>
        </SeparatorRegion>
        <SeparatorRegion id="r_12" custom="readingOrder {index:27;}">
            <Coords points="1757,9125 3148,9125 3148,9133 1757,9133"/>
        </SeparatorRegion>
        <SeparatorRegion id="r_13" custom="readingOrder {index:28;}">
            <Coords points="349,9125 1739,9125 1739,9133 349,9133"/>
        </SeparatorRegion>
        <SeparatorRegion id="r_14" custom="readingOrder {index:29;}">
            <Coords points="0,9125 330,9125 330,9133 0,9133"/>
        </SeparatorRegion>
        <SeparatorRegion id="r_15" custom="readingOrder {index:30;}">
            <Coords points="0,0 8,0 8,329 0,329"/>
        </SeparatorRegion>
        <SeparatorRegion id="r_16" custom="readingOrder {index:31;}">
            <Coords points="0,347 8,347 8,1738 0,1738"/>
        </SeparatorRegion>
        <SeparatorRegion id="r_17" custom="readingOrder {index:32;}">
            <Coords points="0,1759 8,1759 8,3148 0,3148"/>
        </SeparatorRegion>
        <SeparatorRegion id="r_18" custom="readingOrder {index:33;}">
            <Coords points="18,0 68,0 68,980 18,980"/>
        </SeparatorRegion>
        <SeparatorRegion id="r_19" custom="readingOrder {index:34;}">
            <Coords points="34,980 54,980 54,2040 34,2040"/>
        </SeparatorRegion>
        <SeparatorRegion id="r_20" custom="readingOrder {index:35;}">
            <Coords points="0,3168 8,3168 8,4557 0,4557"/>
        </SeparatorRegion>
        <SeparatorRegion id="r_21" custom="readingOrder {index:36;}">
            <Coords points="34,2040 54,2040 54,3097 34,3097"/>
        </SeparatorRegion>
        <SeparatorRegion id="r_22" custom="readingOrder {index:37;}">
            <Coords points="0,4576 8,4576 8,5967 0,5967"/>
        </SeparatorRegion>
        <SeparatorRegion id="r_23" custom="readingOrder {index:38;}">
            <Coords points="34,3097 54,3097 54,4153 34,4153"/>
        </SeparatorRegion>
        <SeparatorRegion id="r_24" custom="readingOrder {index:39;}">
            <Coords points="0,5988 8,5988 8,7376 0,7376"/>
        </SeparatorRegion>
        <SeparatorRegion id="r_25" custom="readingOrder {index:40;}">
            <Coords points="18,4153 70,4153 70,5209 18,5209"/>
        </SeparatorRegion>
        <SeparatorRegion id="r_26" custom="readingOrder {index:41;}">
            <Coords points="18,5209 70,5209 70,6269 18,6269"/>
        </SeparatorRegion>
        <SeparatorRegion id="r_27" custom="readingOrder {index:42;}">
            <Coords points="0,7397 8,7397 8,8785 0,8785"/>
        </SeparatorRegion>
        <SeparatorRegion id="r_28" custom="readingOrder {index:43;}">
            <Coords points="18,6269 70,6269 70,7322 18,7322"/>
        </SeparatorRegion>
        <SeparatorRegion id="r_29" custom="readingOrder {index:44;}">
            <Coords points="0,8805 8,8805 8,9133 0,9133"/>
        </SeparatorRegion>
        <SeparatorRegion id="r_30" custom="readingOrder {index:45;}">
            <Coords points="18,7322 70,7322 70,8374 18,8374"/>
        </SeparatorRegion>
        <SeparatorRegion id="r_31" custom="readingOrder {index:46;}">
            <Coords points="26,8374 62,8374 62,9094 26,9094"/>
        </SeparatorRegion>
    </Page>
</PcGts>
