5866 9062
2636 587 3205 715 -3-
1009 837 1189 943 12.
1283 827 1385 935 A
1403 814 3087 964 NQUETIL-DUPERRON
3155 823 3185 943 (
3227 814 4605 953 Abraham-Hyacinthe),
4661 824 4845 928 cé-

1461 980 1769 1094 lèbro
1819 977 2541 1088 orienlalislt».
3669 966 3815 1080 N.
3891 971 4217 1081 1731.
4263 967 4431 1077 M.
4509 970 4839 1082 1805.

1427 1136 1526 1220 L.
1577 1140 1770 1220 aut.
1829 1130 2002 1241 sIg.
2073 1125 2126 1215 à
2199 1124 2654 1238 Monseig.
2707 1123 3028 1225 Paris,
3101 1121 3206 1211 24
3275 1120 3780 1211 décembre
3853 1121 4122 1207 1782.
4191 1121 4242 1231 3
4283 1140 4564 1231 pages
4611 1122 4848 1212 in-4.

1402 1248 1444 1354 «
1488 1248 1708 1354 Quel
1756 1248 2362 1343 changement!
2390 1240 2476 1345 je
2514 1240 2668 1342 lis,
2702 1246 2790 1342 je
2828 1239 3030 1318 relis
3070 1239 3154 1317 la
3196 1241 3540 1338 Gazelle
3570 1270 3600 1338 ;
3624 1236 3772 1340 j’ai
3812 1236 4058 1338 peine
4108 1235 4150 1315 à
4192 1257 4292 1313 en
4336 1236 4614 1315 croire
4676 1262 4854 1318 mes

1310 1368 1350 1449 «
1396 1368 1644 1448 yeux.
1686 1350 1798 1426 La
1846 1349 2178 1425 France
2212 1407 2230 1437 ,
2274 1343 2734 1421 demander
2770 1362 2934 1420 aux
2998 1337 3348 1439 Anglois
3384 1337 3532 1438 des
3574 1337 4112 1438 possessions
4154 1337 4362 1413 dans
4404 1333 4710 1416 l’Inde!
4782 1340 4850 1418 Il

1306 1473 1344 1527 «
1388 1458 1518 1528 est
1568 1448 1790 1546 donc
1828 1447 2078 1546 passé
2116 1463 2212 1521 ce
2256 1455 2528 1542 temps
2564 1440 3058 1520 désastreux
3098 1437 3208 1517 où
3252 1437 3710 1516 l’habitude
3744 1436 3892 1518 des
3930 1433 4294 1518 affronts
4330 1457 4546 1515 nous
4592 1440 4860 1518 lenoil

1308 1551 1348 1629 .«
1388 1550 1602 1629 dans
1642 1570 1750 1628 un
1792 1548 2112 1628 silence
2150 1541 2714 1644 léthargique,
2766 1554 2932 1620 etc.
2976 1569 3016 1605 »
3070 1539 3354 1617 Lettre
3390 1538 3590 1615 d’un
3634 1535 3898 1638 grand
3958 1535 4268 1637 intérêt
4308 1534 4756 1638 politique.

1020 1691 1193 1801 Î3.
1278 1679 2229 1821 ARLiNGTON
2276 1682 2705 1821 (Henri
2762 1682 3253 1811 Bennct,
3314 1690 3683 1787 comte
3742 1678 3963 1810 cT),
4032 1679 4543 1788 ministre
4597 1712 4859 1790 sous

1477 1840 1931 1950 Charles
1993 1837 2171 1969 II,
2263 1840 2421 1943 roi
2485 1828 2591 1944 cf
2605 1830 3307 1968 Angleterre.
3717 1830 3849 1936 N.
3917 1833 4241 1939 1618.
4301 1829 4469 1941 M.
4543 1836 4863 1944 1685.

1453 1996 1549 2078 L.
1607 1998 1809 2080 aut.
1867 1985 2043 2097 sIg.
2089 1983 2139 2073 à
2197 2009 2361 2075 son
2415 1984 2971 2075 Eminence.
3029 1987 3085 2069 ..
3163 1982 3471 2071 Lundi
3533 2004 3655 2068 au
3723 1980 4019 2081 matin
4067 1975 4089 2081 ,
4171 1975 4225 2067 à
4275 1979 4429 2069 dix
4479 1984 4863 2080 heures.

1321 2110 1681 2204 Détails
1719 2107 2491 2224 diplomatiques.
2551 2114 2581 2192 1
2645 2128 2879 2220 page
2937 2101 3265 2193 in-fol.

1036 2275 1068 2369 1
1120 2267 1206 2379 i.
1304 2257 2086 2393 ARNOULD
2122 2259 2670 2397 (Sophie),
2726 2255 3080 2364 célèb.
3150 2248 3604 2361 actrice.
3710 2248 3844 2360 N.
3904 2253 4234 2361 1744.
4308 2253 4464 2361 M.
4538 2258 4860 2372 1803,

1452 2418 1554 2504 L.
1606 2422 1808 2502 aut.
1848 2413 1920 2500 si
1938 2433 2024 2519 g.
2088 2433 2210 2499 au
2252 2409 2620 2522 citoyen
2664 2410 3202 2517 Bellanger.
3252 2406 3534 2508 Paris,
3588 2404 3870 2492 I5br.
3912 2427 4032 2493 an
4064 2429 4152 2493 x.
4208 2407 4258 2489 3
4296 2406 4578 2521 pages
4630 2406 4870 2500 In-',.

1388 2530 1580 2611 Elle
1618 2527 2136 2608 l’entretient
2192 2527 2298 2605 de
2352 2546 2490 2605 ses
2534 2524 3070 2604 souffrances
3106 2585 3124 2613 ,
3174 2523 3278 2599 de
3320 2521 3394 2599 la
3438 2520 3736 2598 dureté
3788 2518 3938 2598 des
4000 2531 4318 2625 temps,
4362 2524 4506 2625 qui
4568 2522 4684 2604 lui
4732 2526 4884 2608 fait

1324 2634 1546 2711 crier
1582 2625 1922 2722 misère,
1958 2625 2066 2705 du
2108 2627 2498 2705 ministre
2530 2622 2888 2726 Chaplal
2942 2633 3028 2699 et
3062 2623 3168 2699 de
3208 2621 3962 2699 l’administrateur
4000 2619 4436 2717 Cellerier,
4474 2626 4882 2726 desquels

1325 2730 1489 2811 elle
1537 2752 1645 2830 ne
1683 2737 1883 2830 peut
1916 2727 2119 2803 tirer
2148 2727 2223 2805 le
2259 2727 2381 2805 sol
2481 2756 2521 2792 «
2562 2726 2669 2802 Je
2711 2744 2925 2802 veux
2972 2721 3165 2799 bien
3205 2723 3481 2799 croire
3521 2740 3689 2818 que
3720 2720 3935 2798 dans
3988 2717 4065 2795 le
4097 2724 4475 2801 moment
4508 2722 4611 2802 ils
4655 2728 4889 2804 n’ont

1325 2854 1365 2933 «
1415 2852 1565 2932 pas
1603 2828 1707 2908 de
1747 2828 2097 2928 l’argent
2135 2827 2179 2905 à
2217 2846 2557 2903 remuer
2589 2824 2633 2904 à
2675 2822 2751 2900 la
2795 2821 3041 2922 pelle,
3085 2821 3297 2899 mais
3325 2823 3411 2923 je
3443 2818 3671 2898 crois
3707 2840 3873 2918 que
3911 2818 4137 2897 leurs
4175 2841 4459 2899 cœurs
4499 2836 4697 2900 sont
4731 2848 4887 2904 en-

1329 2950 1369 3009 «
1407 2950 1607 3008 core
1667 2928 1859 3026 plus
1921 2945 2113 3005 secs
2169 2947 2335 3027 que
2399 2925 2625 3002 leurs
2687 2919 3393 3001 coffres-forts....
3437 2916 3615 2997 Ah!
3663 2918 4039 2997 maudite
4083 2919 4389 3019 espèce
4431 2920 4881 3018 humaine;

1335 3065 1373 3099 «
1417 3042 1705 3108 est-ce
1743 3047 1907 3106 une
1963 3023 2275 3103 vilaine
2315 3042 2739 3124 engeance
2787 3041 2953 3122 que
2997 3031 3185 3099 tous
3225 3041 3369 3099 ces
3409 3015 4171 3097 mirmidons-lé....
4205 3021 4489 3101 drôles
4523 3022 4627 3124 de
4667 3026 4891 3124 poli-

1331 3163 1371 3199 ,«
1413 3125 1869 3228 chinellcs!
1925 3125 2235 3227 Quand
2299 3123 2403 3203 ils
2441 3136 2637 3204 sont
2675 3142 2821 3200 sur
2883 3121 3031 3200 des
3073 3131 3497 3216 tresteaux
3559 3114 3703 3216 qui
3747 3114 3869 3194 les
3915 3115 4249 3197 élèvent
4311 3143 4419 3197 un
4491 3142 4649 3220 peu
4701 3124 4893 3226 plus

1332 3250 1372 3329 «
1415 3250 1584 3328 que
1621 3226 1744 3306 les
1781 3233 2112 3315 autres,
2147 3227 2236 3327 je
2271 3224 2504 3323 parie
2541 3240 2710 3322 que
2743 3240 2890 3300 ces
2925 3219 3226 3301 sots-là
3265 3239 3360 3297 se
3397 3226 3758 3316 croyent
3801 3216 3948 3296 des
4001 3239 4602 3324 personnages,
4641 3224 4894 3324 qu’ils

1336 3361 1378 3399 «
1420 3338 1782 3426 croyent
1810 3328 2060 3426 jouer
2116 3347 2228 3403 un
2286 3323 2464 3403 rôle
2516 3322 2802 3422 quand
2870 3316 2972 3399 ils
3010 3341 3118 3399 ne
3170 3321 3476 3419 jouent
3538 3314 3704 3418 que
3754 3314 3828 3394 la
3878 3314 4164 3399 farce!
4204 3327 4292 3421 et
4334 3320 4616 3421 quelle
4662 3324 4898 3402 farce

1336 3461 1376 3497 «
1420 3436 1822 3506 encorre!
1868 3435 2036 3503 etc.
2084 3453 2124 3491 »

1052 3579 1230 3681 15.
1318 3553 2016 3699 BAERLE,
2088 3553 2698 3671 Barlaeus
2732 3564 2766 3692 (
2798 3560 3230 3697 Gaspar
3298 3557 3648 3692 Van),
3730 3565 4048 3694 poêle
4110 3561 4424 3675 lalin,
4488 3566 4900 3700 profes¬

1504 3750 1769 3826 seur
1872 3719 2011 3826 de
2106 3717 2827 3855 philosophie
2936 3725 3045 3821 et
3176 3715 3907 3852 d’éloquence
4012 3717 4075 3819 à
4210 3717 4899 3826 l’universilé

1503 3871 2365 3984 d’Amsterdam.
3689 3858 3839 3972 N.
3919 3865 4251 3973 1554.
4321 3867 4487 3976 JM.
4563 3872 4889 3982 1648.

1475 4024 1747 4114 Pièce
1785 4022 1903 4110 de
1949 4025 2157 4127 vers
2199 4019 2219 4127 (
2255 4014 2651 4130 latins),
2705 4026 2903 4106 aut.
2953 4015 3127 4125 sig.
3185 4010 3563 4103 adressé
3609 4010 3663 4100 à
3711 4014 4035 4101 Consl.
4093 4017 4577 4131 Huygcns.
4615 4024 4909 4114 Datée

1353 4142 2055 4236 d’Amsterdam
2097 4211 2121 4253 ,
2177 4143 2281 4227 19
2327 4140 2865 4250 septembre
2933 4137 3199 4223 1040.
3253 4145 3275 4217 I
3347 4134 3583 4247 page
3629 4132 3957 4224 in-fol.

1062 4313 1240 4419 16.
1334 4300 1998 4431 BAÏJTRU
2058 4301 2454 4431 (Guill.
2522 4298 2754 4432 de),
2820 4307 3184 4404 comte
3238 4297 3376 4401 de
3430 4288 4458 4430 Séran,conseiller
4496 4268 4906 4432 d’État,

1522 4451 2026 4564 membre
2094 4451 2236 4559 de
2306 4450 2722 4558 l’Acad.
2788 4447 3374 4583 française.
3690 4444 3832 4558 N.
3914 4455 4248 4559 1588.
4320 4453 4480 4565 M.
4578 4458 4904 4566 1665.

1504 4610 1602 4692 L.
1686 4608 1878 4690 aut.
1968 4601 2142 4713 sig.
2216 4623 2334 4689 au
2400 4598 2654 4689 card.
2734 4598 2852 4688 de
2924 4595 3438 4687 Richelieu.
3522 4598 3832 4706 Blois,
3892 4595 4006 4686 29
4066 4605 4576 4694 novembre
4650 4610 4914 4696 1636.

1376 4730 1425 4836 3
1474 4748 1755 4836 pages
1802 4719 2125 4810 in-fol.

1463 4842 1533 4922 Il
1573 4842 1777 4920 rend
1813 4849 2151 4939 compte
2193 4857 2299 4913 au
2343 4832 2717 4915 cardinal
2759 4834 2863 4914 de
2911 4834 2985 4913 la
3029 4833 3467 4937 réception
3509 4844 3743 4914 toute
3777 4839 4213 4921 courtoise
4251 4861 4421 4941 que
4459 4838 4573 4918 lui
4611 4864 4655 4922 a
4715 4844 4921 4924 faite

1359 4946 1525 5022 Son
1571 4940 1899 5020 Altesse
1933 4941 2407 5037 Monsieur;
2455 4936 2507 5012 il
2547 4934 2645 5012 l’a
2687 4935 3035 5014 trouvée
3073 4955 3177 5013 en
3215 4936 3723 5035 compagnie
3747 4934 3851 5016 de
3881 4936 4203 5037 dames,
4243 4959 4449 5019 avec
4491 4942 4917 5044 musique,

1361 5040 1799 5136 collation,
1853 5047 1935 5118 et
1971 5035 2437 5139 galanterie
2473 5032 2919 5114 conforme
2953 5031 2997 5111 à
3039 5031 3461 5113 l’humeur
3499 5034 3693 5114 d’un
3741 5036 4035 5138 prince
4081 5041 4187 5121 de
4233 5045 4387 5121 son
4425 5045 4605 5140 âge,
4649 5054 4735 5124 et
4769 5046 4915 5146 qui

1363 5146 1495 5220 n'a
1535 5142 1779 5244 point
1809 5140 1917 5216 de
1955 5135 2391 5215 mauvaise
2429 5134 2885 5234 intention,
2921 5145 3089 5212 etc.

1088 5305 1254 5403 17.
1347 5283 2302 5421 BELLARMIN
2365 5290 2400 5421 (
2437 5290 2586 5396 Le
2624 5289 3120 5396 cardinal
3171 5287 3662 5394 Roberlo
3705 5286 4494 5427 Bellarmino),
4528 5306 4926 5406 auteur

1536 5446 1806 5552 d’un
1900 5445 2250 5574 grand
2336 5440 2804 5547 nombre
2892 5439 3560 5573 d’ouvrages
3644 5444 3838 5548 sur
3914 5444 4068 5549 les
4152 5453 4924 5562 controverses

1534 5591 2228 5722 religieuses.
2292 5591 2434 5701 N.
2530 5592 2846 5700 1542.
2896 5587 3062 5701 M.
3136 5595 3468 5701 1621.

1502 5752 1605 5834 L.
1662 5754 1863 5834 aut.
1918 5743 2093 5855 sig.
2149 5767 2163 5845 .
2202 5767 2317 5831 en
2400 5742 2729 5850 italien
2766 5746 2793 5850 )
2842 5744 2927 5830 al
2982 5739 3145 5829 illo
3198 5745 3523 5855 signor
3598 5745 4041 5835 Marcello
4084 5748 4513 5840 Cernini.
4570 5756 4857 5846 Rome
4901 5828 4921 5868 ,

1385 5870 1483 5953 21
1547 5870 1767 5954 août
1821 5867 2085 5952 1620.
2147 5871 2169 5947 1
2227 5888 2461 5977 page
2511 5860 2795 5970 in-fol
2869 5886 2891 5970 ;
2931 5885 3155 5953 avec
3197 5887 3505 5955 sceau.

1485 5982 1547 6060 Il
1593 6004 1637 6060 a
1695 5979 2061 6062 entendu
2087 5979 2265 6059 dire
2301 6000 2507 6060 avec
2549 5980 2839 6080 plaisir
2879 6002 3045 6080 que
3075 6001 3229 6059 son
3273 5981 3481 6061 livre
3515 5980 3617 6058 de
3671 5980 3873 6060 l'Arl
3927 5983 4031 6063 de
4071 5983 4273 6065 bien
4303 5992 4619 6068 mourir
4655 6006 4787 6072 est
4823 6014 4925 6072 en

1375 6082 1689 6177 grande
1731 6081 2215 6180 réputation
2245 6103 2271 6177 ,
2313 6080 2527 6159 mais
2569 6080 2619 6156 il
2663 6080 3049 6181 s’étonne
3083 6083 3339 6181 qu’on
3379 6102 3481 6159 en
3521 6080 3643 6158 ail
3697 6102 3803 6182 pu
3843 6091 4147 6161 mettre
4181 6105 4285 6161 en
4329 6096 4575 6168 vente
4615 6088 4687 6170 la
4757 6102 4931 6172 tra¬

1381 6184 1737 6264 duction
1797 6179 1999 6260 sans
2061 6179 2355 6281 l’avoir
2421 6176 3087 6281 préalablement
3145 6183 3447 6259 averti.
3517 6182 3677 6258 Les
3747 6202 4085 6260 erreurs
4151 6187 4709 6270 nombreuses
4787 6194 4943 6292 qui

1375 6282 1744 6362 existent
1785 6284 2000 6358 dans
2041 6289 2270 6357 celle
2311 6278 2794 6357 traduction
2847 6276 2960 6354 lui
3003 6277 3190 6357 font
3241 6280 3604 6379 prendre
3661 6276 3734 6356 la
3777 6279 4248 6359 résolution
4307 6283 4410 6365 de
4465 6292 4572 6392 ne
4621 6292 4934 6392 jamais

1376 6382 1674 6460 laisser
1716 6379 2048 6478 publier
2086 6399 2368 6457 aucun
2426 6380 2530 6458 de
2584 6398 2722 6458 ses
2760 6398 3172 6479 ouvrages
3216 6381 3320 6457 en
3364 6381 3662 6480 langue
3696 6378 4070 6482 vulgaire
4110 6403 4312 6463 sans
4364 6388 4568 6487 qu’il
4642 6412 4744 6470 en
4816 6394 4934 6470 ail

1378 6492 1902 6582 auparavant
1938 6479 2334 6559 examiné
2370 6479 2446 6559 le
2482 6478 2812 6578 travail,
2842 6486 3008 6558 etc.

1106 6639 1276 6743 18.
1376 6628 2440 6737 BELLEGARDE
2522 6628 2962 6768 (Roger
3040 6631 3282 6767 de),
3370 6632 3722 6767 grand
3818 6630 4236 6763 écuyer
4304 6635 4444 6745 de
4508 6636 4938 6752 Franco

1546 6816 1807 6892 sous
1876 6777 2219 6893 Henri
2298 6782 2449 6893 IV
2506 6796 2615 6892 et
2668 6781 3007 6896 Louis
3058 6781 3397 6893 XIII.
3726 6784 3875 6894 N.
3950 6789 4277 6897 1563.
4356 6789 4525 6904 IM.
4598 6798 4925 6906 1642.

1521 6942 1587 7024 L
1671 6940 1869 7022 aut.
1931 6933 2105 7045 sig.
2161 6961 2277 7021 au
2333 6938 2501 7025 roi.
2557 6940 2691 7022 Du
2749 6948 2775 7020 1
2797 6952 2867 6988 er
2913 6935 3413 7027 décembre
3483 6936 3741 7022 1632.
3823 6938 3875 7046 2
3939 6959 4217 7047 pages
4263 6935 4585 7031 in-fol.
4635 6978 4661 7054 ;
4705 6968 4935 7040 avec

1377 7060 1749 7147 cachets
1803 7064 1897 7144 et
1935 7057 2203 7145 soies.

1483 7174 1547 7252 il
1591 7194 1695 7252 ne
1737 7183 1935 7274 peut
1981 7171 2319 7253 trouver
2357 7171 2459 7251 de
2499 7170 2837 7272 paroles
2891 7194 3129 7255 assez
3181 7173 3469 7275 dignes
3515 7194 3727 7274 pour
3779 7175 4227 7253 remercier
4275 7185 4375 7257 Sa
4429 7178 4787 7280 Majesté
4835 7184 4933 7266 de
