5866 9100
2698 587 3273 705 -4-
1357 801 1467 884 lui
1507 804 1747 885 avoir
1785 804 2151 887 accordé
2181 827 2337 911 son
2380 808 2883 911 pardon;....
2923 814 3547 894 Protestations
3583 814 3689 895 de
3715 813 4035 896 fidélité
4079 827 4161 897 et
4195 820 4297 898 de
4337 819 4899 905 dévouement

1353 925 1570 1006 pour
1606 924 1764 984 son
1796 905 2174 1007 service,
2208 914 2374 986 etc.

1062 1081 1238 1188 19.
1332 1047 2243 1186 BELLIÈVRE
2334 1081 3072 1226 (Pomponne
3154 1090 3400 1224 de),
3496 1097 4136 1205 chancelier
4202 1098 4340 1207 de
4428 1100 4894 1214 France.

3708 1245 3859 1358 N.
3930 1250 4253 1360 1529.
4312 1251 4477 1360 M.
4556 1256 4895 1366 1607.

1501 1383 1593 1465 L.
1659 1387 1859 1468 aut.
1909 1375 2083 1494 sig.
2131 1374 2184 1469 à
2255 1386 2379 1473 M.
2427 1379 2548 1474 de
2603 1389 3026 1503 Villcroy
3115 1393 3431 1500 Paris,
3491 1403 3520 1481 1
3561 1400 3582 1478 l
3647 1398 3834 1486 mai
3901 1399 4157 1485 1604.
4219 1410 4250 1488 1
4313 1423 4546 1516 page
4595 1405 4688 1492 in
4733 1403 4901 1495 fol.

1442 1493 1831 1576 Relative
1864 1496 1911 1576 à
1958 1517 2123 1576 une
2156 1499 2627 1597 procédure
2660 1517 2963 1586 contre
3002 1506 3123 1590 les
3166 1510 3668 1612 huguenots.
3708 1513 4039 1594 Détails
4074 1518 4456 1599 curieux.

1046 1642 1231 1748 20.
1329 1635 2146 1750 BELZUNCE
2214 1647 2636 1771 (Henri
2680 1647 2939 1793 de),
3000 1654 3429 1793 évêque
3486 1659 3625 1764 de
3684 1655 4299 1769 Marseille.

3677 1805 3829 1920 N.
3907 1812 4233 1924 1671.
4307 1813 4479 1925 M.
4555 1819 4897 1926 1755.

1468 1948 1566 2033 L.
1614 1953 1812 2033 aut.
1870 1942 2046 2053 sig.
2094 1967 2218 2031 au
2262 1943 2685 2036 cardinal
2734 1950 2854 2041 de
2904 1950 3284 2069 Fleury.
3334 1964 3468 2048 Ce
3526 1956 4176 2049 15aoùtl739.
4230 1966 4281 2048 3
4328 1989 4614 2079 pages
4664 1966 4896 2056 in-4.

1443 2058 1510 2137 Il
1555 2057 1891 2161 supplie
1921 2064 2087 2138 Son
2119 2060 2597 2143 Eminence
2631 2061 3071 2148 d’écouter
3095 2069 3779 2153 favorablement
3805 2074 3877 2153 la
3909 2077 4477 2177 justification
4509 2081 4659 2161 des
4689 2084 4905 2164 deux

1338 2160 1808 2238 chanoines
1864 2160 2208 2239 d’Arras
2266 2159 2411 2260 qui
2472 2166 2881 2245 viennent
2934 2170 3198 2252 d’être
3256 2172 3564 2266 exilés,
3620 2174 3859 2253 étant
3924 2176 4596 2261 très-innocents
4652 2182 4902 2263 d’une

1339 2259 1572 2335 faute
1607 2279 1776 2360 que
1815 2255 2274 2359 l'esprit.de
2309 2262 2528 2361 parti
2567 2260 2750 2344 leur
2795 2287 2842 2345 a
2903 2268 3278 2371 imputée
3311 2303 3333 2370 ;
3385 2272 3570 2353 leur
3603 2274 3996 2375 punition
4033 2338 4055 2370 ,
4085 2277 4406 2360 faisant
4441 2283 4907 2383 triompher

1342 2353 1465 2436 les
1506 2358 1891 2438 ennemis
1926 2359 2035 2438 de
2064 2356 2434 2457 l'Eglise,
2462 2358 2621 2441 fait
2660 2365 2921 2464 grand
2968 2379 3135 2450 tort
3168 2372 3215 2452 à
3256 2371 3339 2454 la
3372 2371 3758 2476 religion,
3798 2382 3966 2454 etc.

1037 2504 1227 2606 21.
1321 2462 2261 2644 BÉRANGER^
2319 2514 2631 2611 noire
2694 2520 3023 2646 poêle
3072 2515 3599 2627 national.
3664 2511 3815 2624 N.
3903 2521 4221 2628 1780.

1473 2652 1578 2739 L.
1653 2655 1852 2741 aut.
1909 2649 2082 2764 sig.
2143 2673 2262 2738 au
2349 2653 2852 2747 rédacteur
2925 2662 3052 2751 du
3133 2659 3514 2774 journal
3581 2660 3674 2759 le
3741 2663 4082 2760 Pilote
4089 2737 4113 2761 .
4193 2676 4338 2761 Du
4399 2670 4498 2758 14
4541 2671 4900 2766 février

1352 2770 1620 2858 1823.
1682 2772 1731 2853 2
1772 2769 2179 2880 grandes
2220 2795 2501 2887 pages
2548 2778 2798 2865 in-4.

1443 2884 1840 2966 Relative
1875 2886 1922 2966 à
1969 2909 2060 2966 sa
2123 2887 2336 2968 mise
2369 2911 2472 2970 en
2507 2894 2948 2995 jugement
2977 2918 3082 3002 en
3135 2899 3416 3002 police
3467 2910 4211 3006 correctionnelle,
4255 2931 4470 3011 pour
4521 2909 4596 2988 la
4645 2909 4902 2989 saisie

1336 2981 1589 3061 d'une
1630 2987 2031 3067 nouvelle
2066 2991 2625 3090 contrefaçon
2660 2995 2767 3074 de
2794 3016 2933 3074 ses
2968 2997 3434 3099 chansons,
3466 3005 3675 3087 dont
3702 3031 3813 3088 on
3862 3009 3939 3089 le
3976 3009 4179 3090 rend
4220 3008 4900 3110 responsable....

1335 3083 1376 3162 «
1417 3081 1992 3166 C’est-à-dire
2025 3107 2194 3186 que
2231 3089 2445 3183 moi,
2487 3096 3046 3194 propriétaire
3101 3097 3321 3192 lésé,
3351 3108 3440 3206 je
3489 3108 3674 3188 vais
3709 3115 4278 3211 comparaître
4331 3129 4668 3188 comme
4703 3111 4900 3211 pré-

1338 3203 1381 3256 «
1418 3204 1631 3260 venu
1676 3205 1889 3266 avec
1930 3207 2145 3265 ceux
2186 3191 2353 3289 que
2382 3191 2471 3289 je
2526 3192 2793 3272 serais
2824 3215 2931 3274 en
2974 3196 3201 3276 droit
3234 3201 3337 3282 de
3376 3207 3930 3307 poursuivre,
3972 3210 4043 3290 si
4080 3231 4181 3290 ce
4232 3206 4459 3286 droit
4494 3229 4601 3289 ne
4646 3213 4901 3289 m’eût

1342 3313 1380 3349 «
1423 3283 1564 3362 été
1600 3284 1982 3379 interdit,
2019 3296 2188 3365 etc.
2234 3288 2274 3364 »
2306 3288 2638 3371 Détails
2675 3290 2844 3373 très
2901 3295 3278 3379 curieux.

1044 3446 1230 3550 22.
1320 3439 2025 3551 BERNIER
2100 3448 2700 3588 (L’abbé),
2808 3451 3040 3565 l’un
3138 3462 3332 3570 des
3416 3468 3724 3574 chefs
3820 3468 4016 3576 des
4108 3471 4542 3581 armées
4624 3504 4898 3584 ven¬

1502 3597 2037 3726 déennes,
2094 3600 2499 3738 depuis
2542 3604 2971 3747 évêque
3002 3607 3628 3724 d’Orléans.
3724 3619 3874 3728 N.
3938 3621 4268 3730 1764.
4320 3623 4484 3736 M.
4562 3631 4884 3736 1806.

1477 3750 1573 3833 I.
1655 3748 2120 3861 pastorale
2171 3758 2367 3839 Lut.
2441 3752 2615 3865 sig.
2689 3780 2814 3845 au
2879 3758 3194 3874 clergé
3267 3778 3364 3856 et
3435 3791 3618 3856 aux
3675 3766 4000 3859 fidèles
4075 3771 4194 3860 de
4251 3795 4416 3862 son
4497 3773 4901 3870 diocèse.

1352 3867 1649 3956 Datée
1692 3868 2199 3961 d’Orléans
2246 3942 2268 3980 ,
2324 3872 2451 3961 du
2520 3879 2819 3987 palais
2876 3879 3388 3995 épiscopal.
3466 3892 3586 3979 Le
3658 3887 3713 3978 5
3780 3888 4134 3984 février
4190 3897 4456 3987 1806.
4514 3899 4567 4008 2
4626 3922 4906 4011 pages

1351 3985 1597 4076 in-4.

1039 4149 1227 4254 23.
1319 4141 2316 4256 BERNOUILLI
2373 4161 2410 4287 (
2455 4156 2953 4294 Daniel),
3015 4176 3408 4274 savant
3495 4172 4437 4282 mathématicien.

3674 4321 3818 4434 N.
3902 4332 4234 4438 1700.
4310 4323 4478 4438 M.
4554 4335 4884 4440 1782.

1483 4451 1585 4535 !..
1633 4453 1837 4538 aut.
1885 4449 2063 4562 sig.
2137 4451 2185 4539 à
2243 4458 2365 4543 M.
2439 4457 2555 4548 de
2643 4461 2759 4548 I.a
2818 4463 3445 4559 Condamine.
3500 4472 3783 4572 Bâle,
3844 4472 3959 4563 18
4010 4499 4261 4565 mars
4322 4479 4585 4567 1754.
4638 4481 4899 4570 Belle

1357 4569 1638 4658 lettre
1699 4577 1958 4663 foute
2029 4570 2490 4666 littéraire
2557 4591 2648 4669 et
2717 4581 3348 4700 scientifique.
3433 4595 3484 4706 3
3549 4596 3956 4706 grandes
4021 4620 4308 4710 pages
4361 4597 4556 4688 in-4
4597 4638 4620 4712 ;
4669 4624 4900 4693 avec

1350 4691 1711 4781 cachet.

1057 4847 1247 4958 24.
1339 4841 1902 4955 BERRY
1946 4849 2669 4990 (Ch.-Ford.,
2717 4858 2935 4966 duc
2981 4862 3233 4996 de).
3323 4866 3471 4979 N.
3541 4874 3869 4983 1778.
3915 4875 4333 4988 Assass.
4373 4909 4511 4987 en
4565 4886 4895 4992 1820.

1487 5003 1588 5086 L.
1647 5005 1850 5088 aut.
1903 5020 2028 5088 au
2073 5010 2376 5091 comte
2455 5004 2576 5093 de
2657 5011 3036 5100 Damas.
3101 5018 3238 5107 De
3295 5021 3818 5132 Harlwcll,
3873 5027 3926 5111 2
3971 5027 4164 5115 mai
4233 5031 4500 5121 1810.
4551 5034 4908 5125 Détails

1362 5119 2059 5210 confidentiels.
2110 5124 2689 5241 Demi-page
2744 5132 2980 5222 in-4.

1067 5281 1253 5392 25.
1341 5276 2184 5389 BERTHIER
2284 5290 3081 5433 (Alexandre),
3166 5302 3559 5435 prince
3637 5305 3777 5416 de
3830 5304 4497 5426 Neufchâlel
4578 5328 4691 5426 et
4768 5321 4909 5428 de

1521 5429 2129 5571 Wagram,
2191 5441 2750 5553 maréchal
2809 5449 2948 5558 de
3009 5449 3475 5563 France.
3691 5457 3841 5570 N.
3925 5469 4251 5573 1759.
4319 5467 4487 5577 M.
4569 5476 4899 5578 1815.

1496 5591 1598 5675 L.
1646 5593 1846 5674 aut.
1896 5587 2072 5696 sig.
2126 5609 2251 5676 au
2294 5594 2924 5690 maréchal....
2984 5599 3369 5690 Munich
3406 5672 3428 5707 ,
3484 5606 3591 5690 13
3630 5603 3988 5702 février
4028 5617 4363 5705 1806.1
4400 5641 4636 5733 page
4674 5618 4906 5708 in-4.

1463 5702 1820 5780 Comme
1853 5703 2064 5779 c'est
2105 5706 2494 5804 toujours
2529 5708 2607 5787 le
2641 5710 2831 5812 plus
2869 5715 3046 5793 lard
3103 5718 3477 5818 possible
3507 5723 3710 5822 qu’il
3745 5726 3903 5806 fait
3941 5750 4193 5831 usage
4229 5732 4377 5814 des
4421 5736 4725 5819 choses
4761 5742 4908 5840 qui

1370 5811 1741 5898 peuvent
1782 5798 2105 5899 affliger
2136 5823 2271 5881 ses
2310 5811 2834 5901 camarades,
2872 5812 2925 5890 il
2970 5814 3045 5893 le
3082 5815 3261 5916 prie
3286 5815 3389 5899 de
3418 5823 3910 5907 considérer
3952 5838 4135 5911 tout
4164 5852 4262 5912 ce
4296 5834 4501 5937 qu’il
4542 5835 4655 5916 lui
4708 5859 4752 5917 a
4792 5840 4916 5919 dit

1369 5912 1898 5978 concernant
1933 5899 2010 5998 le
2041 5902 2378 5998 général
2417 5905 2587 5985 G...
2623 5929 2958 5992 comme
2993 5916 3136 5993 nul
3175 5925 3260 5995 et
3295 5938 3464 5999 non
3491 5942 3801 6006 avenu.

1076 6046 1262 6149 26.
1356 6037 2009 6149 BERTON
2071 6045 3080 6193 (Jean-Baptiste),
3153 6064 3610 6189 général
3675 6071 3814 6180 de
3879 6075 3980 6182 la
4039 6076 4756 6224 République
4807 6100 4906 6194 et

1538 6193 1677 6306 de
1730 6193 2321 6342 l’Empire;
2366 6209 2869 6319 entraîné
2910 6212 3183 6322 dans
3230 6219 3331 6324 la
3384 6228 4141 6360 conspiration
4192 6228 4333 6339 de
4378 6230 4906 6366 Saumur,

1542 6378 1743 6486 par
1787 6349 1977 6459 des
2031 6369 2417 6489 agents
2466 6374 3317 6502 provocateurs,
3383 6372 3460 6479 il
3497 6373 3671 6483 fut
3739 6378 4157 6513 arrêté,
4241 6386 4519 6495 livré
4574 6399 4635 6500 à
4694 6424 4915 6505 une

1549 6505 2270 6615 commission
2335 6516 2921 6650 militaire,
2991 6521 3624 6639 condamné
3705 6535 3768 6640 à
3825 6543 4122 6643 mort
4173 6544 4280 6644 et
4335 6537 4804 6656 exécuté
4853 6552 4910 6655 à

1538 6651 2013 6766 Poitiers
2064 6688 2203 6767 en
2256 6668 2588 6775 1822.

1515 6809 1613 6894 L.
1677 6814 1869 6894 aut.
1915 6807 2085 6922 sig.
2129 6835 2251 6900 au
2287 6814 2465 6906 duc
2493 6820 2611 6909 de
2655 6817 3013 6925 Feltre,
3065 6821 3495 6919 ministre
3537 6828 3657 6919 de
3693 6831 3777 6920 la
3820 6858 4195 6949 guerre.
4236 6844 4371 6932 De
4420 6848 4501 6932 la
4552 6849 4909 6939 maison

1392 6922 1744 7015 d’arrêt
1785 6927 1900 7019 de
1948 6931 2462 7047 l’Abbaye,
2513 6946 2566 7027 8
2619 6941 2804 7029 mai
2873 6942 3142 7032 1816.
3215 6953 3238 7029 I
3291 6950 3650 7060 grande
3691 6978 3928 7069 page
3963 6970 4056 7049 et
4095 6961 4410 7054 demie
4463 6966 4791 7059 in-fol.

1503 7039 1563 7117 Il
1629 7042 2041 7124 demande
2086 7051 2343 7149 qu'on
2398 7066 2657 7137 mette
2692 7078 2803 7136 un
2846 7067 3113 7140 terme
3150 7060 3197 7141 à
3242 7085 3333 7143 sa
3388 7064 3868 7175 détention,
3912 7076 4059 7176 qui
4096 7079 4303 7159 dure
4358 7079 4657 7183 depuis
4708 7087 4911 7189 cinq

1382 7141 1622 7220 mois.
1684 7142 1908 7223 Belle
1960 7143 2230 7228 lettre.
