<?xml version="1.0" encoding="UTF-8" standalone="yes"?>
<PcGts xmlns="http://schema.primaresearch.org/PAGE/gts/pagecontent/2013-07-15" xmlns:xsi="http://www.w3.org/2001/XMLSchema-instance" xsi:schemaLocation="http://schema.primaresearch.org/PAGE/gts/pagecontent/2013-07-15 http://schema.primaresearch.org/PAGE/gts/pagecontent/2013-07-15/pagecontent.xsd">
    <Metadata>
        <Creator>Transkribus</Creator>
        <Created>2019-11-28T15:07:40.083+01:00</Created>
        <LastChange>2019-11-29T20:08:16.764+01:00</LastChange>
        <Comments>
                Measurement unit: pixel
                PrimaryLanguage: English
                Language: FrenchStandard
                Producer: Transkribus
            </Comments>
        <TranskribusMetadata docId="230689" pageId="10013126" pageNr="13" tsid="20077742" status="DONE" userId="10612" imgUrl="https://files.transkribus.eu/Get?id=YVCIAEKXYASQOBZGHYSVWTKH&amp;fileType=view" xmlUrl="https://files.transkribus.eu/Get?id=BPGWSBUFYABXLADTBIJGWJNI" imageId="6554702"/>
    </Metadata>
    <Page imageFilename="1845_05_14_CHA-0013.jpg" imageWidth="5866" imageHeight="9033">
        <PrintSpace>
            <Coords points="1,76 5866,76 5866,8212 1,8212"/>
        </PrintSpace>
        <ReadingOrder>
            <OrderedGroup id="ro_1604141254621" caption="Regions reading order">
                <RegionRefIndexed index="0" regionRef="r_1_1"/>
                <RegionRefIndexed index="1" regionRef="r_3_1"/>
                <RegionRefIndexed index="2" regionRef="r_3_2"/>
                <RegionRefIndexed index="3" regionRef="r_3_3"/>
                <RegionRefIndexed index="4" regionRef="r_3_4"/>
                <RegionRefIndexed index="5" regionRef="r_3_5"/>
                <RegionRefIndexed index="6" regionRef="r_3_6"/>
                <RegionRefIndexed index="7" regionRef="r_3_7"/>
                <RegionRefIndexed index="8" regionRef="r_3_8"/>
                <RegionRefIndexed index="9" regionRef="r_3_9"/>
                <RegionRefIndexed index="10" regionRef="r_3_10"/>
                <RegionRefIndexed index="11" regionRef="r_3_11"/>
                <RegionRefIndexed index="12" regionRef="r_3_12"/>
                <RegionRefIndexed index="13" regionRef="r_3_13"/>
                <RegionRefIndexed index="14" regionRef="r_3_14"/>
                <RegionRefIndexed index="15" regionRef="r_3_15"/>
                <RegionRefIndexed index="16" regionRef="r_3_16"/>
                <RegionRefIndexed index="17" regionRef="r_3_17"/>
                <RegionRefIndexed index="18" regionRef="r_3_18"/>
                <RegionRefIndexed index="19" regionRef="r_3_19"/>
                <RegionRefIndexed index="20" regionRef="r_3_20"/>
                <RegionRefIndexed index="21" regionRef="r_3_21"/>
                <RegionRefIndexed index="22" regionRef="r_3_22"/>
                <RegionRefIndexed index="23" regionRef="r_3_23"/>
                <RegionRefIndexed index="24" regionRef="r_3_24"/>
                <RegionRefIndexed index="25" regionRef="r_3_25"/>
                <RegionRefIndexed index="26" regionRef="r_3_26"/>
                <RegionRefIndexed index="27" regionRef="r_3_27"/>
                <RegionRefIndexed index="28" regionRef="r_3_28"/>
                <RegionRefIndexed index="29" regionRef="r_3_29"/>
                <RegionRefIndexed index="30" regionRef="r_3_30"/>
                <RegionRefIndexed index="31" regionRef="r_3_31"/>
                <RegionRefIndexed index="32" regionRef="r_3_32"/>
                <RegionRefIndexed index="33" regionRef="r_3_33"/>
            </OrderedGroup>
        </ReadingOrder>
        <TextRegion type="paragraph" id="r_1_1" custom="readingOrder {index:0;}">
            <Coords points="2748,666 3271,666 3271,775 2748,775"/>
            <TextLine id="tl_1" primaryLanguage="English" custom="readingOrder {index:0;}">
                <Coords points="2749,667 3270,667 3270,774 2749,774"/>
                <Baseline points="2749,752 2895,752 3050,773 3269,746"/>
                <Word id="w_w2aab1b1b2b1b1ab1" language="English" custom="readingOrder {index:0;}">
                    <Coords points="2749,669 2895,669 2895,773 2749,773"/>
                    <TextEquiv>
                        <Unicode>—</Unicode>
                    </TextEquiv>
                    <TextStyle fontFamily="Times New Roman" fontSize="5.0" bold="true"/>
                </Word>
                <Word id="w_w2aab1b1b2b1b1b1b1" language="English" custom="readingOrder {index:1;}">
                    <Coords points="2983,668 3050,668 3050,773 2983,773"/>
                    <TextEquiv>
                        <Unicode>2</Unicode>
                    </TextEquiv>
                    <TextStyle fontFamily="Times New Roman" fontSize="10.5" bold="true"/>
                </Word>
                <Word id="w_w2aab1b1b2b1b1b2b3" language="English" custom="readingOrder {index:2;}">
                    <Coords points="3131,725 3269,725 3269,746 3131,746"/>
                    <TextEquiv>
                        <Unicode>—</Unicode>
                    </TextEquiv>
                    <TextStyle fontFamily="Times New Roman" fontSize="5.0" bold="true"/>
                </Word>
                <TextEquiv>
                    <Unicode>— 2 —</Unicode>
                </TextEquiv>
            </TextLine>
            <TextEquiv>
                <Unicode>— 2 —</Unicode>
            </TextEquiv>
        </TextRegion>
        <TextRegion type="paragraph" id="r_3_1" custom="readingOrder {index:1;}">
            <Coords points="1399,883 4932,883 4932,1143 1399,1143"/>
            <TextLine id="tl_2" primaryLanguage="English" custom="readingOrder {index:0;}">
                <Coords points="1400,884 4931,884 4931,1025 1400,1025"/>
                <Baseline points="1400,1003 1521,998 1711,995 2261,985 2393,987 2641,987 2967,985 3159,984 3673,1002 3855,984 4163,984 4305,985 4479,980 4931,981"/>
                <Word id="w_w2aab1b5b2b1b1ab1" language="English" custom="readingOrder {index:0;}">
                    <Coords points="1400,918 1521,918 1521,1003 1400,1003"/>
                    <TextEquiv>
                        <Unicode>M.</Unicode>
                    </TextEquiv>
                    <TextStyle fontFamily="Times New Roman" fontSize="9.0"/>
                </Word>
                <Word id="w_w2aab1b5b2b1b1ab7" language="English" custom="readingOrder {index:1;}">
                    <Coords points="1594,907 1711,907 1711,995 1594,995"/>
                    <TextEquiv>
                        <Unicode>de</Unicode>
                    </TextEquiv>
                    <TextStyle fontFamily="Times New Roman" fontSize="9.0"/>
                </Word>
                <Word id="w_w2aab1b5b2b1b1ac13" language="English" custom="readingOrder {index:2;}">
                    <Coords points="1770,903 2261,903 2261,992 1770,992"/>
                    <TextEquiv>
                        <Unicode>Belzunce.</Unicode>
                    </TextEquiv>
                    <TextStyle fontFamily="Times New Roman" fontSize="9.0"/>
                </Word>
                <Word id="w_w2aab1b5b2b1b1ac33" language="English" custom="readingOrder {index:3;}">
                    <Coords points="2324,906 2543,906 2543,990 2324,990"/>
                    <TextEquiv>
                        <Unicode>Aut.</Unicode>
                    </TextEquiv>
                    <TextStyle fontFamily="Times New Roman" fontSize="9.0"/>
                </Word>
                <Word id="w_w2aab1b5b2b1b1b1b1" language="English" custom="readingOrder {index:4;}">
                    <Coords points="2601,898 2775,898 2775,1010 2601,1010"/>
                    <TextEquiv>
                        <Unicode>sig.</Unicode>
                    </TextEquiv>
                    <TextStyle fontFamily="Times New Roman" fontSize="9.0"/>
                </Word>
                <Word id="w_w2aab1b5b2b1b1b2b1" language="English" custom="readingOrder {index:5;}">
                    <Coords points="2848,897 2967,897 2967,985 2848,985"/>
                    <TextEquiv>
                        <Unicode>de</Unicode>
                    </TextEquiv>
                    <TextStyle fontFamily="Times New Roman" fontSize="9.0"/>
                </Word>
                <Word id="w_w2aab1b5b2b1b1b2b7" language="English" custom="readingOrder {index:6;}">
                    <Coords points="3034,904 3159,904 3159,984 3034,984"/>
                    <TextEquiv>
                        <Unicode>M.</Unicode>
                    </TextEquiv>
                    <TextStyle fontFamily="Times New Roman" fontSize="9.0"/>
                </Word>
                <Word id="w_w2aab1b5b2b1b1b2c13" language="English" custom="readingOrder {index:7;}">
                    <Coords points="3220,894 3673,894 3673,1002 3220,1002"/>
                    <TextEquiv>
                        <Unicode>Guiberl,</Unicode>
                    </TextEquiv>
                    <TextStyle fontFamily="Times New Roman" fontSize="9.0"/>
                </Word>
                <Word id="w_w2aab1b5b2b1b1b2c31" language="English" custom="readingOrder {index:8;}">
                    <Coords points="3742,917 3855,917 3855,984 3742,984"/>
                    <TextEquiv>
                        <Unicode>en</Unicode>
                    </TextEquiv>
                    <TextStyle fontFamily="Times New Roman" fontSize="9.0"/>
                </Word>
                <Word id="w_w2aab1b5b2b1b1b2c37" language="English" custom="readingOrder {index:9;}">
                    <Coords points="3944,896 4163,896 4163,986 3944,986"/>
                    <TextEquiv>
                        <Unicode>date</Unicode>
                    </TextEquiv>
                    <TextStyle fontFamily="Times New Roman" fontSize="9.0"/>
                </Word>
                <Word id="w_w2aab1b5b2b1b1b2c47" language="English" custom="readingOrder {index:10;}">
                    <Coords points="4248,894 4379,894 4379,985 4248,985"/>
                    <TextEquiv>
                        <Unicode>du</Unicode>
                    </TextEquiv>
                    <TextStyle fontFamily="Times New Roman" fontSize="9.0"/>
                </Word>
                <Word id="w_w2aab1b5b2b1b1b3b1" language="English" custom="readingOrder {index:11;}">
                    <Coords points="4430,893 4543,893 4543,1005 4430,1005"/>
                    <TextEquiv>
                        <Unicode>30</Unicode>
                    </TextEquiv>
                    <TextStyle fontFamily="Times New Roman" fontSize="9.0"/>
                </Word>
                <Word id="w_w2aab1b5b2b1b1b4b1" language="English" custom="readingOrder {index:12;}">
                    <Coords points="4608,892 4931,892 4931,1004 4608,1004"/>
                    <TextEquiv>
                        <Unicode>juillet</Unicode>
                    </TextEquiv>
                    <TextStyle fontFamily="Times New Roman" fontSize="9.0"/>
                </Word>
                <TextEquiv>
                    <Unicode>M. de Belzunce. Aut. sig. de M. Guibert, en date du 30 juillet</Unicode>
                </TextEquiv>
            </TextLine>
            <TextLine id="tl_3" primaryLanguage="English" custom="readingOrder {index:1;}">
                <Coords points="1411,1018 2402,1018 2402,1142 1411,1142"/>
                <Baseline points="1411,1118 1672,1117 1778,1113 2108,1110 2402,1106"/>
                <Word id="w_w2aab1b5b2b1b3ab1" language="English" custom="readingOrder {index:0;}">
                    <Coords points="1411,1031 1672,1031 1672,1118 1411,1118"/>
                    <TextEquiv>
                        <Unicode>1795.</Unicode>
                    </TextEquiv>
                    <TextStyle fontFamily="Times New Roman" fontSize="9.0"/>
                </Word>
                <Word id="w_w2aab1b5b2b1b3ac13" language="English" custom="readingOrder {index:1;}">
                    <Coords points="1725,1032 1778,1032 1778,1113 1725,1113"/>
                    <TextEquiv>
                        <Unicode>2</Unicode>
                    </TextEquiv>
                    <TextStyle fontFamily="Times New Roman" fontSize="9.0"/>
                </Word>
                <Word id="w_w2aab1b5b2b1b3ac17" language="English" custom="readingOrder {index:2;}">
                    <Coords points="1831,1046 2108,1046 2108,1140 1831,1140"/>
                    <TextEquiv>
                        <Unicode>pages</Unicode>
                    </TextEquiv>
                    <TextStyle fontFamily="Times New Roman" fontSize="9.0"/>
                </Word>
                <Word id="w_w2aab1b5b2b1b3ac29" language="English" custom="readingOrder {index:3;}">
                    <Coords points="2155,1019 2402,1019 2402,1110 2155,1110"/>
                    <TextEquiv>
                        <Unicode>in-4.</Unicode>
                    </TextEquiv>
                    <TextStyle fontFamily="Times New Roman" fontSize="9.0"/>
                </Word>
                <TextEquiv>
                    <Unicode>1795. 2 pages in-4.</Unicode>
                </TextEquiv>
                <TextStyle fontFamily="Times New Roman" fontSize="9.0"/>
            </TextLine>
            <TextEquiv>
                <Unicode>M. de Belzunce. Aut. sig. de M. Guibert, en date du 30 juillet
1795. 2 pages in-4.</Unicode>
            </TextEquiv>
        </TextRegion>
        <TextRegion type="paragraph" id="r_3_2" custom="readingOrder {index:2;}">
            <Coords points="1392,1104 4926,1104 4926,1388 1392,1388"/>
            <TextLine id="tl_4" primaryLanguage="English" custom="readingOrder {index:0;}">
                <Coords points="1510,1105 4925,1105 4925,1268 1510,1268"/>
                <Baseline points="1510,1268 1830,1236 2059,1261 2614,1227 2710,1225 2829,1250 2891,1245 3306,1223 3470,1224 3796,1214 4058,1224 4272,1225 4362,1222 4534,1225 4924,1223"/>
                <Word id="w_w2aab1b5b2b3b1ab1" language="English" custom="readingOrder {index:0;}">
                    <Coords points="1510,1124 1984,1124 1984,1268 1510,1268"/>
                    <TextEquiv>
                        <Unicode>QUÉLEN</Unicode>
                    </TextEquiv>
                    <TextStyle fontFamily="Times New Roman" fontSize="9.0"/>
                </Word>
                <Word id="w_w2aab1b5b2b3b1b1b1" language="English" custom="readingOrder {index:1;}">
                    <Coords points="2024,1144 2059,1144 2059,1261 2024,1261"/>
                    <TextEquiv>
                        <Unicode>(</Unicode>
                    </TextEquiv>
                    <TextStyle fontFamily="Times New Roman" fontSize="9.0"/>
                </Word>
                <Word id="w_w2aab1b5b2b3b1b2b1" language="English" custom="readingOrder {index:2;}">
                    <Coords points="2092,1139 2614,1139 2614,1252 2092,1252"/>
                    <TextEquiv>
                        <Unicode>Hyacinthe</Unicode>
                    </TextEquiv>
                    <TextStyle fontFamily="Times New Roman" fontSize="9.0"/>
                </Word>
                <Word id="w_w2aab1b5b2b3b1b2c21" language="English" custom="readingOrder {index:3;}">
                    <Coords points="2650,1134 2770,1134 2770,1250 2650,1250"/>
                    <TextEquiv>
                        <Unicode>de</Unicode>
                    </TextEquiv>
                    <TextStyle fontFamily="Times New Roman" fontSize="9.0"/>
                </Word>
                <Word id="w_w2aab1b5b2b3b1b3b1" language="English" custom="readingOrder {index:4;}">
                    <Coords points="2802,1134 2829,1134 2829,1250 2802,1250"/>
                    <TextEquiv>
                        <Unicode>)</Unicode>
                    </TextEquiv>
                    <TextStyle fontFamily="Times New Roman" fontSize="9.0"/>
                </Word>
                <Word id="w_w2aab1b5b2b3b1b4b1" language="English" custom="readingOrder {index:5;}">
                    <Coords points="2866,1203 2891,1203 2891,1245 2866,1245"/>
                    <TextEquiv>
                        <Unicode>,</Unicode>
                    </TextEquiv>
                    <TextStyle fontFamily="Times New Roman" fontSize="9.0"/>
                </Word>
                <Word id="w_w2aab1b5b2b3b1b4b5" language="English" custom="readingOrder {index:6;}">
                    <Coords points="2930,1136 3306,1136 3306,1227 2930,1227"/>
                    <TextEquiv>
                        <Unicode>archev.</Unicode>
                    </TextEquiv>
                    <TextStyle fontFamily="Times New Roman" fontSize="9.0"/>
                </Word>
                <Word id="w_w2aab1b5b2b3b1b4c21" language="English" custom="readingOrder {index:7;}">
                    <Coords points="3352,1134 3470,1134 3470,1224 3352,1224"/>
                    <TextEquiv>
                        <Unicode>de</Unicode>
                    </TextEquiv>
                    <TextStyle fontFamily="Times New Roman" fontSize="9.0"/>
                </Word>
                <Word id="w_w2aab1b5b2b3b1b4c27" language="English" custom="readingOrder {index:8;}">
                    <Coords points="3508,1134 3796,1134 3796,1224 3508,1224"/>
                    <TextEquiv>
                        <Unicode>Paris.</Unicode>
                    </TextEquiv>
                    <TextStyle fontFamily="Times New Roman" fontSize="9.0"/>
                </Word>
                <Word id="w_w2aab1b5b2b3b1b4c41" language="English" custom="readingOrder {index:9;}">
                    <Coords points="3842,1144 4058,1144 4058,1227 3842,1227"/>
                    <TextEquiv>
                        <Unicode>Aut.</Unicode>
                    </TextEquiv>
                    <TextStyle fontFamily="Times New Roman" fontSize="9.0"/>
                </Word>
                <Word id="w_w2aab1b5b2b3b1b4c51" language="English" custom="readingOrder {index:10;}">
                    <Coords points="4100,1137 4272,1137 4272,1249 4100,1249"/>
                    <TextEquiv>
                        <Unicode>sig.</Unicode>
                    </TextEquiv>
                    <TextStyle fontFamily="Times New Roman" fontSize="9.0"/>
                </Word>
                <Word id="w_w2aab1b5b2b3b1b4c61" language="English" custom="readingOrder {index:11;}">
                    <Coords points="4312,1134 4362,1134 4362,1222 4312,1222"/>
                    <TextEquiv>
                        <Unicode>à</Unicode>
                    </TextEquiv>
                    <TextStyle fontFamily="Times New Roman" fontSize="9.0"/>
                </Word>
                <Word id="w_w2aab1b5b2b3b1b4c65" language="English" custom="readingOrder {index:12;}">
                    <Coords points="4414,1137 4534,1137 4534,1225 4414,1225"/>
                    <TextEquiv>
                        <Unicode>M.</Unicode>
                    </TextEquiv>
                    <TextStyle fontFamily="Times New Roman" fontSize="9.0"/>
                </Word>
                <Word id="w_w2aab1b5b2b3b1b4c71" language="English" custom="readingOrder {index:13;}">
                    <Coords points="4584,1138 4924,1138 4924,1248 4584,1248"/>
                    <TextEquiv>
                        <Unicode>Auger.</Unicode>
                    </TextEquiv>
                    <TextStyle fontFamily="Times New Roman" fontSize="9.0"/>
                </Word>
                <TextEquiv>
                    <Unicode>QUÉLEN (Hyacinthe de), archev. de Paris. Aut. sig. à M. Auger.</Unicode>
                </TextEquiv>
            </TextLine>
            <TextLine id="tl_5" primaryLanguage="English" custom="readingOrder {index:1;}">
                <Coords points="1393,1256 3061,1256 3061,1387 1393,1387"/>
                <Baseline points="1393,1361 1447,1361 1803,1356 2071,1349 2207,1352 2497,1352 2783,1348 3061,1336"/>
                <Word id="w_w2aab1b5b2b3b3ab1" language="English" custom="readingOrder {index:0;}">
                    <Coords points="1393,1278 1447,1278 1447,1361 1393,1361"/>
                    <TextEquiv>
                        <Unicode>2</Unicode>
                    </TextEquiv>
                    <TextStyle fontFamily="Times New Roman" fontSize="9.0"/>
                </Word>
                <Word id="w_w2aab1b5b2b3b3ab5" language="English" custom="readingOrder {index:1;}">
                    <Coords points="1481,1271 1803,1271 1803,1386 1481,1386"/>
                    <TextEquiv>
                        <Unicode>juillet</Unicode>
                    </TextEquiv>
                    <TextStyle fontFamily="Times New Roman" fontSize="9.0"/>
                </Word>
                <Word id="w_w2aab1b5b2b3b3ac21" language="English" custom="readingOrder {index:2;}">
                    <Coords points="1855,1268 2115,1268 2115,1354 1855,1354"/>
                    <TextEquiv>
                        <Unicode>1827.</Unicode>
                    </TextEquiv>
                    <TextStyle fontFamily="Times New Roman" fontSize="9.0"/>
                </Word>
                <Word id="w_w2aab1b5b2b3b3b1b1" language="English" custom="readingOrder {index:3;}">
                    <Coords points="2183,1280 2207,1280 2207,1352 2183,1352"/>
                    <TextEquiv>
                        <Unicode>1</Unicode>
                    </TextEquiv>
                    <TextStyle fontFamily="Times New Roman" fontSize="7.5" bold="true"/>
                </Word>
                <Word id="w_w2aab1b5b2b3b3b2b3" language="English" custom="readingOrder {index:4;}">
                    <Coords points="2267,1284 2497,1284 2497,1375 2267,1375"/>
                    <TextEquiv>
                        <Unicode>page</Unicode>
                    </TextEquiv>
                    <TextStyle fontFamily="Times New Roman" fontSize="9.0"/>
                </Word>
                <Word id="w_w2aab1b5b2b3b3b2c13" language="English" custom="readingOrder {index:5;}">
                    <Coords points="2549,1262 2783,1262 2783,1371 2549,1371"/>
                    <TextEquiv>
                        <Unicode>petit</Unicode>
                    </TextEquiv>
                    <TextStyle fontFamily="Times New Roman" fontSize="9.0"/>
                </Word>
                <Word id="w_w2aab1b5b2b3b3b2c25" language="English" custom="readingOrder {index:6;}">
                    <Coords points="2815,1258 3061,1258 3061,1346 2815,1346"/>
                    <TextEquiv>
                        <Unicode>in-4.</Unicode>
                    </TextEquiv>
                    <TextStyle fontFamily="Times New Roman" fontSize="9.0"/>
                </Word>
                <TextEquiv>
                    <Unicode>2 juillet 1827. 1 page petit in-4.</Unicode>
                </TextEquiv>
            </TextLine>
            <TextEquiv>
                <Unicode>QUÉLEN (Hyacinthe de), archev. de Paris. Aut. sig. à M. Auger.
2 juillet 1827. 1 page petit in-4.</Unicode>
            </TextEquiv>
        </TextRegion>
        <TextRegion type="paragraph" id="r_3_3" custom="readingOrder {index:3;}">
            <Coords points="1162,1414 4377,1414 4377,1600 1162,1600"/>
            <TextLine id="tl_6" primaryLanguage="English" custom="readingOrder {index:0;}">
                <Coords points="1163,1415 4376,1415 4376,1599 1163,1599"/>
                <Baseline points="1163,1575 1268,1575 2219,1557 3268,1586 3387,1554 3528,1581 4375,1547"/>
                <Word id="w_w2aab1b5b2b5b1ab1" language="English" custom="readingOrder {index:0;}">
                    <Coords points="1163,1463 1268,1463 1268,1575 1163,1575"/>
                    <TextEquiv>
                        <Unicode>4.</Unicode>
                    </TextEquiv>
                    <TextStyle fontFamily="Times New Roman" fontSize="10.5" bold="true"/>
                </Word>
                <Word id="w_w2aab1b5b2b5b1ab7" language="English" custom="readingOrder {index:1;}">
                    <Coords points="1363,1430 2219,1430 2219,1566 1363,1566"/>
                    <TextEquiv>
                        <Unicode>ACADÉMIE</Unicode>
                    </TextEquiv>
                    <TextStyle fontFamily="Times New Roman" fontSize="10.5" bold="true"/>
                </Word>
                <Word id="w_w2aab1b5b2b5b1ac25" language="English" custom="readingOrder {index:2;}">
                    <Coords points="2275,1437 3268,1437 3268,1589 2275,1589"/>
                    <TextEquiv>
                        <Unicode>FRANÇAISE,</Unicode>
                    </TextEquiv>
                    <TextStyle fontFamily="Times New Roman" fontSize="10.5" bold="true"/>
                </Word>
                <Word id="w_w2aab1b5b2b5b1ac47" language="English" custom="readingOrder {index:3;}">
                    <Coords points="3319,1449 3387,1449 3387,1554 3319,1554"/>
                    <TextEquiv>
                        <Unicode>7</Unicode>
                    </TextEquiv>
                    <TextStyle fontFamily="Times New Roman" fontSize="10.5" bold="true"/>
                </Word>
                <Word id="w_w2aab1b5b2b5b1ac51" language="English" custom="readingOrder {index:4;}">
                    <Coords points="3455,1444 3827,1444 3827,1581 3455,1581"/>
                    <TextEquiv>
                        <Unicode>pièces</Unicode>
                    </TextEquiv>
                    <TextStyle fontFamily="Times New Roman" fontSize="10.5" bold="true"/>
                </Word>
                <Word id="w_w2aab1b5b2b5b1b1b1" language="English" custom="readingOrder {index:5;}">
                    <Coords points="3887,1445 4375,1445 4375,1581 3887,1581"/>
                    <TextEquiv>
                        <Unicode>signées.</Unicode>
                    </TextEquiv>
                    <TextStyle fontFamily="Times New Roman" fontSize="10.5" bold="true"/>
                </Word>
                <TextEquiv>
                    <Unicode>4. ACADÉMIE FRANÇAISE, 7 pièces signées.</Unicode>
                </TextEquiv>
            </TextLine>
            <TextEquiv>
                <Unicode>4. ACADÉMIE FRANÇAISE, 7 pièces signées.</Unicode>
            </TextEquiv>
        </TextRegion>
        <TextRegion type="paragraph" id="r_3_4" custom="readingOrder {index:4;}">
            <Coords points="1522,1579 4082,1579 4082,1721 1522,1721"/>
            <TextLine id="tl_7" primaryLanguage="English" custom="readingOrder {index:0;}">
                <Coords points="1523,1580 4081,1580 4081,1720 1523,1720"/>
                <Baseline points="1523,1696 1593,1696 1925,1717 2849,1684 3065,1680 3235,1677 3787,1680 4081,1680"/>
                <Word id="w_w2aab1b5b2b7b1ab1" language="English" custom="readingOrder {index:0;}">
                    <Coords points="1523,1600 1839,1600 1839,1718 1523,1718"/>
                    <TextEquiv>
                        <Unicode>BARO</Unicode>
                    </TextEquiv>
                    <TextStyle fontFamily="Times New Roman" fontSize="9.0"/>
                </Word>
                <Word id="w_w2aab1b5b2b7b1b1b1" language="English" custom="readingOrder {index:1;}">
                    <Coords points="1891,1593 2495,1593 2495,1717 1891,1717"/>
                    <TextEquiv>
                        <Unicode>(Ballhazar)</Unicode>
                    </TextEquiv>
                    <TextStyle fontFamily="Times New Roman" fontSize="9.0"/>
                </Word>
                <Word id="w_w2aab1b5b2b7b1b2b1" language="English" custom="readingOrder {index:2;}">
                    <Coords points="2577,1588 2849,1588 2849,1684 2577,1684"/>
                    <TextEquiv>
                        <Unicode>Pièce</Unicode>
                    </TextEquiv>
                    <TextStyle fontFamily="Times New Roman" fontSize="9.0"/>
                </Word>
                <Word id="w_w2aab1b5b2b7b1b2c13" language="English" custom="readingOrder {index:3;}">
                    <Coords points="2887,1597 3065,1597 3065,1707 2887,1707"/>
                    <TextEquiv>
                        <Unicode>sig.</Unicode>
                    </TextEquiv>
                    <TextStyle fontFamily="Times New Roman" fontSize="9.0"/>
                </Word>
                <Word id="w_w2aab1b5b2b7b1b2c23" language="English" custom="readingOrder {index:4;}">
                    <Coords points="3129,1593 3235,1593 3235,1678 3129,1678"/>
                    <TextEquiv>
                        <Unicode>15</Unicode>
                    </TextEquiv>
                    <TextStyle fontFamily="Times New Roman" fontSize="9.0"/>
                </Word>
                <Word id="w_w2aab1b5b2b7b1b2c29" language="English" custom="readingOrder {index:5;}">
                    <Coords points="3287,1592 3787,1592 3787,1682 3287,1682"/>
                    <TextEquiv>
                        <Unicode>décembre</Unicode>
                    </TextEquiv>
                    <TextStyle fontFamily="Times New Roman" fontSize="9.0"/>
                </Word>
                <Word id="w_w2aab1b5b2b7b1b2c47" language="English" custom="readingOrder {index:6;}">
                    <Coords points="3855,1593 4081,1593 4081,1680 3855,1680"/>
                    <TextEquiv>
                        <Unicode>1648</Unicode>
                    </TextEquiv>
                    <TextStyle fontFamily="Times New Roman" fontSize="9.0"/>
                </Word>
                <TextEquiv>
                    <Unicode>BARO (Ballhazar) Pièce sig. 15 décembre 1648</Unicode>
                </TextEquiv>
            </TextLine>
            <TextEquiv>
                <Unicode>BARO (Ballhazar) Pièce sig. 15 décembre 1648</Unicode>
            </TextEquiv>
        </TextRegion>
        <TextRegion type="paragraph" id="r_3_5" custom="readingOrder {index:5;}">
            <Coords points="1520,1703 4019,1703 4019,1841 1520,1841"/>
            <TextLine id="tl_8" primaryLanguage="English" custom="readingOrder {index:0;}">
                <Coords points="1521,1704 4018,1704 4018,1840 1521,1840"/>
                <Baseline points="1522,1816 1846,1812 2080,1836 2636,1803 2960,1803 3178,1798 3280,1799 3426,1802 4018,1798"/>
                <Word id="w_w2aab1b5b2b9b1ab1" language="English" custom="readingOrder {index:0;}">
                    <Coords points="1522,1722 2006,1722 2006,1837 1522,1837"/>
                    <TextEquiv>
                        <Unicode>HABERT</Unicode>
                    </TextEquiv>
                    <TextStyle fontFamily="Times New Roman" fontSize="9.0"/>
                </Word>
                <Word id="w_w2aab1b5b2b9b1b1b1" language="English" custom="readingOrder {index:1;}">
                    <Coords points="2058,1722 2080,1722 2080,1836 2058,1836"/>
                    <TextEquiv>
                        <Unicode>(</Unicode>
                    </TextEquiv>
                    <TextStyle fontFamily="Times New Roman" fontSize="9.0"/>
                </Word>
                <Word id="w_w2aab1b5b2b9b1b2b1" language="English" custom="readingOrder {index:2;}">
                    <Coords points="2120,1713 2636,1713 2636,1831 2120,1831"/>
                    <TextEquiv>
                        <Unicode>Philippe).</Unicode>
                    </TextEquiv>
                    <TextStyle fontFamily="Times New Roman" fontSize="9.0"/>
                </Word>
                <Word id="w_w2aab1b5b2b9b1b2c23" language="English" custom="readingOrder {index:3;}">
                    <Coords points="2693,1712 2960,1712 2960,1805 2693,1805"/>
                    <TextEquiv>
                        <Unicode>Pièce</Unicode>
                    </TextEquiv>
                    <TextStyle fontFamily="Times New Roman" fontSize="9.0"/>
                </Word>
                <Word id="w_w2aab1b5b2b9b1b2c35" language="English" custom="readingOrder {index:4;}">
                    <Coords points="3010,1712 3178,1712 3178,1826 3010,1826"/>
                    <TextEquiv>
                        <Unicode>sig.</Unicode>
                    </TextEquiv>
                    <TextStyle fontFamily="Times New Roman" fontSize="9.0"/>
                </Word>
                <Word id="w_w2aab1b5b2b9b1b2c45" language="English" custom="readingOrder {index:5;}">
                    <Coords points="3225,1715 3280,1715 3280,1799 3225,1799"/>
                    <TextEquiv>
                        <Unicode>6</Unicode>
                    </TextEquiv>
                    <TextStyle fontFamily="Times New Roman" fontSize="9.0"/>
                </Word>
                <Word id="w_w2aab1b5b2b9b1b2c49" language="English" custom="readingOrder {index:6;}">
                    <Coords points="3322,1713 3702,1713 3702,1802 3322,1802"/>
                    <TextEquiv>
                        <Unicode>octobre</Unicode>
                    </TextEquiv>
                    <TextStyle fontFamily="Times New Roman" fontSize="9.0"/>
                </Word>
                <Word id="w_w2aab1b5b2b9b1b3b1" language="English" custom="readingOrder {index:7;}">
                    <Coords points="3756,1713 4018,1713 4018,1798 3756,1798"/>
                    <TextEquiv>
                        <Unicode>1626.</Unicode>
                    </TextEquiv>
                    <TextStyle fontFamily="Times New Roman" fontSize="9.0"/>
                </Word>
                <TextEquiv>
                    <Unicode>HABERT (Philippe). Pièce sig. 6 octobre 1626.</Unicode>
                </TextEquiv>
            </TextLine>
            <TextEquiv>
                <Unicode>HABERT (Philippe). Pièce sig. 6 octobre 1626.</Unicode>
            </TextEquiv>
        </TextRegion>
        <TextRegion type="paragraph" id="r_3_6" custom="readingOrder {index:6;}">
            <Coords points="1521,1821 4440,1821 4440,1963 1521,1963"/>
            <TextLine id="tl_9" primaryLanguage="English" custom="readingOrder {index:0;}">
                <Coords points="1522,1822 4439,1822 4439,1962 1522,1962"/>
                <Baseline points="1522,1938 1601,1938 1843,1960 2081,1931 2167,1958 2225,1950 2537,1922 2699,1923 3207,1915 3339,1919 3629,1921 3865,1919 3939,1941 4439,1916"/>
                <Word id="w_w2aab1b5b2c11b1ab1" language="English" custom="readingOrder {index:0;}">
                    <Coords points="1522,1844 1763,1844 1763,1960 1522,1960"/>
                    <TextEquiv>
                        <Unicode>HAY</Unicode>
                    </TextEquiv>
                    <TextStyle fontFamily="Times New Roman" fontSize="9.0"/>
                </Word>
                <Word id="w_w2aab1b5b2c11b1b1b1" language="English" custom="readingOrder {index:1;}">
                    <Coords points="1814,1844 1843,1844 1843,1960 1814,1960"/>
                    <TextEquiv>
                        <Unicode>(</Unicode>
                    </TextEquiv>
                    <TextStyle fontFamily="Times New Roman" fontSize="9.0"/>
                </Word>
                <Word id="w_w2aab1b5b2c11b1b2b1" language="English" custom="readingOrder {index:2;}">
                    <Coords points="1890,1842 2111,1842 2111,1958 1890,1958"/>
                    <TextEquiv>
                        <Unicode>Paul</Unicode>
                    </TextEquiv>
                    <TextStyle fontFamily="Times New Roman" fontSize="9.0"/>
                </Word>
                <Word id="w_w2aab1b5b2c11b1b3b1" language="English" custom="readingOrder {index:3;}">
                    <Coords points="2140,1842 2167,1842 2167,1958 2140,1958"/>
                    <TextEquiv>
                        <Unicode>)</Unicode>
                    </TextEquiv>
                    <TextStyle fontFamily="Times New Roman" fontSize="9.0"/>
                </Word>
                <Word id="w_w2aab1b5b2c11b1b4b1" language="English" custom="readingOrder {index:4;}">
                    <Coords points="2203,1911 2225,1911 2225,1950 2203,1950"/>
                    <TextEquiv>
                        <Unicode>,</Unicode>
                    </TextEquiv>
                    <TextStyle fontFamily="Times New Roman" fontSize="9.0"/>
                </Word>
                <Word id="w_w2aab1b5b2c11b1b4b5" language="English" custom="readingOrder {index:5;}">
                    <Coords points="2282,1839 2537,1839 2537,1929 2282,1929"/>
                    <TextEquiv>
                        <Unicode>sieur</Unicode>
                    </TextEquiv>
                    <TextStyle fontFamily="Times New Roman" fontSize="9.0"/>
                </Word>
                <Word id="w_w2aab1b5b2c11b1b4c17" language="English" custom="readingOrder {index:6;}">
                    <Coords points="2582,1837 2699,1837 2699,1925 2582,1925"/>
                    <TextEquiv>
                        <Unicode>de</Unicode>
                    </TextEquiv>
                    <TextStyle fontFamily="Times New Roman" fontSize="9.0"/>
                </Word>
                <Word id="w_w2aab1b5b2c11b1b4c23" language="English" custom="readingOrder {index:7;}">
                    <Coords points="2734,1836 3207,1836 3207,1926 2734,1926"/>
                    <TextEquiv>
                        <Unicode>Châtelet.</Unicode>
                    </TextEquiv>
                    <TextStyle fontFamily="Times New Roman" fontSize="9.0"/>
                </Word>
                <Word id="w_w2aab1b5b2c11b1b4c43" language="English" custom="readingOrder {index:8;}">
                    <Coords points="3276,1828 3539,1828 3539,1922 3276,1922"/>
                    <TextEquiv>
                        <Unicode>Pièce</Unicode>
                    </TextEquiv>
                    <TextStyle fontFamily="Times New Roman" fontSize="9.0"/>
                </Word>
                <Word id="w_w2aab1b5b2c11b1b5b1" language="English" custom="readingOrder {index:9;}">
                    <Coords points="3588,1832 3763,1832 3763,1944 3588,1944"/>
                    <TextEquiv>
                        <Unicode>sig.</Unicode>
                    </TextEquiv>
                    <TextStyle fontFamily="Times New Roman" fontSize="9.0"/>
                </Word>
                <Word id="w_w2aab1b5b2c11b1b6b1" language="English" custom="readingOrder {index:10;}">
                    <Coords points="3814,1835 3865,1835 3865,1919 3814,1919"/>
                    <TextEquiv>
                        <Unicode>3</Unicode>
                    </TextEquiv>
                    <TextStyle fontFamily="Times New Roman" fontSize="9.0"/>
                </Word>
                <Word id="w_w2aab1b5b2c11b1b6b5" language="English" custom="readingOrder {index:11;}">
                    <Coords points="3908,1832 4123,1832 4123,1941 3908,1941"/>
                    <TextEquiv>
                        <Unicode>juin</Unicode>
                    </TextEquiv>
                    <TextStyle fontFamily="Times New Roman" fontSize="9.0"/>
                </Word>
                <Word id="w_w2aab1b5b2c11b1b7b1" language="English" custom="readingOrder {index:12;}">
                    <Coords points="4170,1828 4439,1828 4439,1919 4170,1919"/>
                    <TextEquiv>
                        <Unicode>1625.</Unicode>
                    </TextEquiv>
                    <TextStyle fontFamily="Times New Roman" fontSize="9.0"/>
                </Word>
                <TextEquiv>
                    <Unicode>HAY (Paul), sieur de Châtelet. Pièce sig. 3 juin 1625.</Unicode>
                </TextEquiv>
            </TextLine>
            <TextEquiv>
                <Unicode>HAY (Paul), sieur de Châtelet. Pièce sig. 3 juin 1625.</Unicode>
            </TextEquiv>
        </TextRegion>
        <TextRegion type="paragraph" id="r_3_7" custom="readingOrder {index:7;}">
            <Coords points="1530,1935 4025,1935 4025,2079 1530,2079"/>
            <TextLine id="tl_10" primaryLanguage="English" custom="readingOrder {index:0;}">
                <Coords points="1529,1936 4022,1936 4024,2078 1531,2078"/>
                <Baseline points="1531,2056 1592,2056 2372,2045 2834,2042 3122,2040 3406,2040 3516,2040 4024,2040"/>
                <Word id="w_w2aab1b5b2c13b1ab1" language="English" custom="readingOrder {index:0;}">
                    <Coords points="1531,1960 2136,1960 2136,2074 1531,2074"/>
                    <TextEquiv>
                        <Unicode>PAVILLON</Unicode>
                    </TextEquiv>
                    <TextStyle fontFamily="Times New Roman" fontSize="9.0"/>
                </Word>
                <Word id="w_w2aab1b5b2c13b1b1b1" language="English" custom="readingOrder {index:1;}">
                    <Coords points="2175,1955 2722,1955 2722,2074 2175,2074"/>
                    <TextEquiv>
                        <Unicode>(Etienne).</Unicode>
                    </TextEquiv>
                    <TextStyle fontFamily="Times New Roman" fontSize="9.0"/>
                </Word>
                <Word id="w_w2aab1b5b2c13b1b2b1" language="English" custom="readingOrder {index:2;}">
                    <Coords points="2775,1953 3042,1953 3042,2045 2775,2045"/>
                    <TextEquiv>
                        <Unicode>Pièce</Unicode>
                    </TextEquiv>
                    <TextStyle fontFamily="Times New Roman" fontSize="9.0"/>
                </Word>
                <Word id="w_w2aab1b5b2c13b1b3b1" language="English" custom="readingOrder {index:3;}">
                    <Coords points="3081,1954 3256,1954 3256,2063 3081,2063"/>
                    <TextEquiv>
                        <Unicode>sig.</Unicode>
                    </TextEquiv>
                    <TextStyle fontFamily="Times New Roman" fontSize="9.0"/>
                </Word>
                <Word id="w_w2aab1b5b2c13b1b4b1" language="English" custom="readingOrder {index:4;}">
                    <Coords points="3321,1962 3406,1962 3406,2040 3321,2040"/>
                    <TextEquiv>
                        <Unicode>11</Unicode>
                    </TextEquiv>
                    <TextStyle fontFamily="Times New Roman" fontSize="9.0"/>
                </Word>
                <Word id="w_w2aab1b5b2c13b1b4b7" language="English" custom="readingOrder {index:5;}">
                    <Coords points="3463,1954 3702,1954 3702,2040 3463,2040"/>
                    <TextEquiv>
                        <Unicode>avril</Unicode>
                    </TextEquiv>
                    <TextStyle fontFamily="Times New Roman" fontSize="9.0"/>
                </Word>
                <Word id="w_w2aab1b5b2c13b1b5b1" language="English" custom="readingOrder {index:6;}">
                    <Coords points="3761,1953 4024,1953 4024,2040 3761,2040"/>
                    <TextEquiv>
                        <Unicode>1692.</Unicode>
                    </TextEquiv>
                    <TextStyle fontFamily="Times New Roman" fontSize="9.0"/>
                </Word>
                <TextEquiv>
                    <Unicode>PAVILLON (Étienne). Pièce sig. 11 avril 1692.</Unicode>
                </TextEquiv>
            </TextLine>
            <TextEquiv>
                <Unicode>PAVILLON (Étienne). Pièce sig. 11 avril 1692.</Unicode>
            </TextEquiv>
        </TextRegion>
        <TextRegion type="paragraph" id="r_3_8" custom="readingOrder {index:8;}">
            <Coords points="1523,2057 4929,2057 4929,2201 1523,2201"/>
            <TextLine id="tl_11" primaryLanguage="English" custom="readingOrder {index:0;}">
                <Coords points="1524,2058 4928,2058 4928,2200 1524,2200"/>
                <Baseline points="1524,2178 2162,2168 2384,2169 2768,2164 2856,2166 3082,2162 3202,2160 3328,2161 3572,2159 3696,2158 3898,2159 3996,2159 4234,2159 4374,2180 4928,2153"/>
                <Word id="w_w2aab1b5b2c15b1ab1" language="English" custom="readingOrder {index:0;}">
                    <Coords points="1524,2086 2162,2086 2162,2178 1524,2178"/>
                    <TextEquiv>
                        <Unicode>ARGENSON</Unicode>
                    </TextEquiv>
                    <TextStyle fontFamily="Times New Roman" fontSize="9.0"/>
                </Word>
                <Word id="w_w2aab1b5b2c15b1ac19" language="English" custom="readingOrder {index:1;}">
                    <Coords points="2210,2085 2384,2085 2384,2190 2210,2190"/>
                    <TextEquiv>
                        <Unicode>(Le</Unicode>
                    </TextEquiv>
                    <TextStyle fontFamily="Times New Roman" fontSize="9.0"/>
                </Word>
                <Word id="w_w2aab1b5b2c15b1ac27" language="English" custom="readingOrder {index:2;}">
                    <Coords points="2430,2099 2768,2099 2768,2189 2430,2189"/>
                    <TextEquiv>
                        <Unicode>marqu</Unicode>
                    </TextEquiv>
                    <TextStyle fontFamily="Times New Roman" fontSize="9.0"/>
                </Word>
                <Word id="w_w2aab1b5b2c15b1ac39" language="English" custom="readingOrder {index:3;}">
                    <Coords points="2814,2101 2856,2101 2856,2166 2814,2166"/>
                    <TextEquiv>
                        <Unicode>a</Unicode>
                    </TextEquiv>
                    <TextStyle fontFamily="Times New Roman" fontSize="9.0"/>
                </Word>
                <Word id="w_w2aab1b5b2c15b1ac43" language="English" custom="readingOrder {index:4;}">
                    <Coords points="2898,2070 3082,2070 3082,2190 2898,2190"/>
                    <TextEquiv>
                        <Unicode>d').</Unicode>
                    </TextEquiv>
                    <TextStyle fontFamily="Times New Roman" fontSize="9.0"/>
                </Word>
                <Word id="w_w2aab1b5b2c15b1ac53" language="English" custom="readingOrder {index:5;}">
                    <Coords points="3140,2079 3238,2079 3238,2161 3140,2161"/>
                    <TextEquiv>
                        <Unicode>L.</Unicode>
                    </TextEquiv>
                    <TextStyle fontFamily="Times New Roman" fontSize="9.0"/>
                </Word>
                <Word id="w_w2aab1b5b2c15b1b1b1" language="English" custom="readingOrder {index:6;}">
                    <Coords points="3288,2074 3464,2074 3464,2182 3288,2182"/>
                    <TextEquiv>
                        <Unicode>sig.</Unicode>
                    </TextEquiv>
                    <TextStyle fontFamily="Times New Roman" fontSize="9.0"/>
                </Word>
                <Word id="w_w2aab1b5b2c15b1b2b1" language="English" custom="readingOrder {index:7;}">
                    <Coords points="3524,2076 3614,2076 3614,2159 3524,2159"/>
                    <TextEquiv>
                        <Unicode>et</Unicode>
                    </TextEquiv>
                    <TextStyle fontFamily="Times New Roman" fontSize="9.0"/>
                </Word>
                <Word id="w_w2aab1b5b2c15b1b3b1" language="English" custom="readingOrder {index:8;}">
                    <Coords points="3652,2076 3696,2076 3696,2160 3652,2160"/>
                    <TextEquiv>
                        <Unicode>7</Unicode>
                    </TextEquiv>
                    <TextStyle fontFamily="Times New Roman" fontSize="9.0"/>
                </Word>
                <Word id="w_w2aab1b5b2c15b1b4b1" language="English" custom="readingOrder {index:9;}">
                    <Coords points="3740,2072 3898,2072 3898,2185 3740,2185"/>
                    <TextEquiv>
                        <Unicode>lig.</Unicode>
                    </TextEquiv>
                    <TextStyle fontFamily="Times New Roman" fontSize="9.0"/>
                </Word>
                <Word id="w_w2aab1b5b2c15b1b4c11" language="English" custom="readingOrder {index:10;}">
                    <Coords points="3946,2075 4142,2075 4142,2159 3946,2159"/>
                    <TextEquiv>
                        <Unicode>aut.</Unicode>
                    </TextEquiv>
                    <TextStyle fontFamily="Times New Roman" fontSize="9.0"/>
                </Word>
                <Word id="w_w2aab1b5b2c15b1b5b1" language="English" custom="readingOrder {index:11;}">
                    <Coords points="4184,2070 4298,2070 4298,2180 4184,2180"/>
                    <TextEquiv>
                        <Unicode>30</Unicode>
                    </TextEquiv>
                    <TextStyle fontFamily="Times New Roman" fontSize="9.0"/>
                </Word>
                <Word id="w_w2aab1b5b2c15b1b6b1" language="English" custom="readingOrder {index:12;}">
                    <Coords points="4340,2070 4610,2070 4610,2180 4340,2180"/>
                    <TextEquiv>
                        <Unicode>janv.</Unicode>
                    </TextEquiv>
                    <TextStyle fontFamily="Times New Roman" fontSize="9.0"/>
                </Word>
                <Word id="w_w2aab1b5b2c15b1b7b1" language="English" custom="readingOrder {index:13;}">
                    <Coords points="4664,2070 4928,2070 4928,2153 4664,2153"/>
                    <TextEquiv>
                        <Unicode>1716.</Unicode>
                    </TextEquiv>
                    <TextStyle fontFamily="Times New Roman" fontSize="9.0"/>
                </Word>
                <TextEquiv>
                    <Unicode>ARGENSON (Le marquis d'). L. sig. et 7 lig. aut. 30 janv. 1716.</Unicode>
                </TextEquiv>
            </TextLine>
            <TextEquiv>
                <Unicode>ARGENSON (Le marquis d'). L. sig. et 7 lig. aut. 30 janv. 1716.</Unicode>
            </TextEquiv>
        </TextRegion>
        <TextRegion type="paragraph" id="r_3_9" custom="readingOrder {index:9;}">
            <Coords points="1516,2187 4000,2187 4000,2323 1516,2323"/>
            <TextLine id="tl_12" primaryLanguage="English" custom="readingOrder {index:0;}">
                <Coords points="1517,2188 3999,2188 3999,2322 1517,2322"/>
                <Baseline points="1517,2302 1661,2295 1781,2295 2191,2318 2449,2288 2675,2285 2947,2287 3197,2281 3305,2275 3507,2280 3999,2280"/>
                <Word id="w_w2aab1b5b2c17b1ab1" language="English" custom="readingOrder {index:0;}">
                    <Coords points="1517,2217 1661,2217 1661,2302 1517,2302"/>
                    <TextEquiv>
                        <Unicode>LA</Unicode>
                    </TextEquiv>
                    <TextStyle fontFamily="Times New Roman" fontSize="9.0"/>
                </Word>
                <Word id="w_w2aab1b5b2c17b1ab7" language="English" custom="readingOrder {index:1;}">
                    <Coords points="1723,2200 2105,2200 2105,2318 1723,2318"/>
                    <TextEquiv>
                        <Unicode>FORCE</Unicode>
                    </TextEquiv>
                    <TextStyle fontFamily="Times New Roman" fontSize="9.0"/>
                </Word>
                <Word id="w_w2aab1b5b2c17b1b1b1" language="English" custom="readingOrder {index:2;}">
                    <Coords points="2162,2200 2339,2200 2339,2318 2162,2318"/>
                    <TextEquiv>
                        <Unicode>(Le</Unicode>
                    </TextEquiv>
                    <TextStyle fontFamily="Times New Roman" fontSize="9.0"/>
                </Word>
                <Word id="w_w2aab1b5b2c17b1b2b1" language="English" custom="readingOrder {index:3;}">
                    <Coords points="2393,2199 2577,2199 2577,2288 2393,2288"/>
                    <TextEquiv>
                        <Unicode>duc</Unicode>
                    </TextEquiv>
                    <TextStyle fontFamily="Times New Roman" fontSize="9.0"/>
                </Word>
                <Word id="w_w2aab1b5b2c17b1b3b1" language="English" custom="readingOrder {index:4;}">
                    <Coords points="2618,2196 2827,2196 2827,2314 2618,2314"/>
                    <TextEquiv>
                        <Unicode>de).</Unicode>
                    </TextEquiv>
                    <TextStyle fontFamily="Times New Roman" fontSize="9.0"/>
                </Word>
                <Word id="w_w2aab1b5b2c17b1b4b1" language="English" custom="readingOrder {index:5;}">
                    <Coords points="2883,2205 2981,2205 2981,2287 2883,2287"/>
                    <TextEquiv>
                        <Unicode>L.</Unicode>
                    </TextEquiv>
                    <TextStyle fontFamily="Times New Roman" fontSize="9.0"/>
                </Word>
                <Word id="w_w2aab1b5b2c17b1b5b1" language="English" custom="readingOrder {index:6;}">
                    <Coords points="3029,2200 3197,2200 3197,2306 3029,2306"/>
                    <TextEquiv>
                        <Unicode>sig.</Unicode>
                    </TextEquiv>
                    <TextStyle fontFamily="Times New Roman" fontSize="9.0"/>
                </Word>
                <Word id="w_w2aab1b5b2c17b1b5c11" language="English" custom="readingOrder {index:7;}">
                    <Coords points="3254,2197 3365,2197 3365,2280 3254,2280"/>
                    <TextEquiv>
                        <Unicode>28</Unicode>
                    </TextEquiv>
                    <TextStyle fontFamily="Times New Roman" fontSize="9.0"/>
                </Word>
                <Word id="w_w2aab1b5b2c17b1b6b1" language="English" custom="readingOrder {index:8;}">
                    <Coords points="3421,2202 3665,2202 3665,2283 3421,2283"/>
                    <TextEquiv>
                        <Unicode>mars</Unicode>
                    </TextEquiv>
                    <TextStyle fontFamily="Times New Roman" fontSize="9.0"/>
                </Word>
                <Word id="w_w2aab1b5b2c17b1b7b1" language="English" custom="readingOrder {index:9;}">
                    <Coords points="3735,2197 3999,2197 3999,2281 3735,2281"/>
                    <TextEquiv>
                        <Unicode>1718.</Unicode>
                    </TextEquiv>
                    <TextStyle fontFamily="Times New Roman" fontSize="9.0"/>
                </Word>
                <TextEquiv>
                    <Unicode>LA FORCE (Le duc de). L. sig. 28 mars 1718.</Unicode>
                </TextEquiv>
            </TextLine>
            <TextEquiv>
                <Unicode>LA FORCE (Le duc de). L. sig. 28 mars 1718.</Unicode>
            </TextEquiv>
        </TextRegion>
        <TextRegion type="paragraph" id="r_3_10" custom="readingOrder {index:10;}">
            <Coords points="1518,2302 4487,2302 4487,2447 1518,2447"/>
            <TextLine id="tl_13" primaryLanguage="English" custom="readingOrder {index:0;}">
                <Coords points="1519,2303 4486,2303 4486,2446 1519,2446"/>
                <Baseline points="1519,2420 1886,2414 2094,2442 2256,2407 2354,2409 2496,2436 2654,2407 2922,2403 3090,2404 3386,2402 3710,2402 3816,2402 3930,2425 4486,2395"/>
                <Word id="w_w2aab1b5b2c19b1ab1" language="English" custom="readingOrder {index:0;}">
                    <Coords points="1519,2324 2020,2324 2020,2443 1519,2443"/>
                    <TextEquiv>
                        <Unicode>NICOLAY</Unicode>
                    </TextEquiv>
                    <TextStyle fontFamily="Times New Roman" fontSize="9.0"/>
                </Word>
                <Word id="w_w2aab1b5b2c19b1b1b1" language="English" custom="readingOrder {index:1;}">
                    <Coords points="2065,2324 2094,2324 2094,2442 2065,2442"/>
                    <TextEquiv>
                        <Unicode>(</Unicode>
                    </TextEquiv>
                    <TextStyle fontFamily="Times New Roman" fontSize="9.0"/>
                </Word>
                <Word id="w_w2aab1b5b2c19b1b2b1" language="English" custom="readingOrder {index:2;}">
                    <Coords points="2141,2329 2256,2329 2256,2410 2141,2410"/>
                    <TextEquiv>
                        <Unicode>M.</Unicode>
                    </TextEquiv>
                    <TextStyle fontFamily="Times New Roman" fontSize="9.0"/>
                </Word>
                <Word id="w_w2aab1b5b2c19b1b2b7" language="English" custom="readingOrder {index:3;}">
                    <Coords points="2299,2316 2418,2316 2418,2436 2299,2436"/>
                    <TextEquiv>
                        <Unicode>de</Unicode>
                    </TextEquiv>
                    <TextStyle fontFamily="Times New Roman" fontSize="9.0"/>
                </Word>
                <Word id="w_w2aab1b5b2c19b1b3b1" language="English" custom="readingOrder {index:4;}">
                    <Coords points="2463,2316 2532,2316 2532,2436 2463,2436"/>
                    <TextEquiv>
                        <Unicode>).</Unicode>
                    </TextEquiv>
                    <TextStyle fontFamily="Times New Roman" fontSize="9.0"/>
                </Word>
                <Word id="w_w2aab1b5b2c19b1b4b1" language="English" custom="readingOrder {index:5;}">
                    <Coords points="2591,2323 2690,2323 2690,2411 2591,2411"/>
                    <TextEquiv>
                        <Unicode>L.</Unicode>
                    </TextEquiv>
                    <TextStyle fontFamily="Times New Roman" fontSize="9.0"/>
                </Word>
                <Word id="w_w2aab1b5b2c19b1b5b1" language="English" custom="readingOrder {index:6;}">
                    <Coords points="2751,2322 2922,2322 2922,2432 2751,2432"/>
                    <TextEquiv>
                        <Unicode>sig.</Unicode>
                    </TextEquiv>
                    <TextStyle fontFamily="Times New Roman" fontSize="9.0"/>
                </Word>
                <Word id="w_w2aab1b5b2c19b1b5c11" language="English" custom="readingOrder {index:7;}">
                    <Coords points="2977,2318 3090,2318 3090,2405 2977,2405"/>
                    <TextEquiv>
                        <Unicode>20</Unicode>
                    </TextEquiv>
                    <TextStyle fontFamily="Times New Roman" fontSize="9.0"/>
                </Word>
                <Word id="w_w2aab1b5b2c19b1b5c17" language="English" custom="readingOrder {index:8;}">
                    <Coords points="3147,2314 3386,2314 3386,2404 3147,2404"/>
                    <TextEquiv>
                        <Unicode>avril</Unicode>
                    </TextEquiv>
                    <TextStyle fontFamily="Times New Roman" fontSize="9.0"/>
                </Word>
                <Word id="w_w2aab1b5b2c19b1b5c29" language="English" custom="readingOrder {index:9;}">
                    <Coords points="3449,2314 3710,2314 3710,2402 3449,2402"/>
                    <TextEquiv>
                        <Unicode>1779.</Unicode>
                    </TextEquiv>
                    <TextStyle fontFamily="Times New Roman" fontSize="9.0"/>
                </Word>
                <Word id="w_w2aab1b5b2c19b1b5c41" language="English" custom="readingOrder {index:10;}">
                    <Coords points="3769,2317 3816,2317 3816,2425 3769,2425"/>
                    <TextEquiv>
                        <Unicode>4</Unicode>
                    </TextEquiv>
                    <TextStyle fontFamily="Times New Roman" fontSize="9.0"/>
                </Word>
                <Word id="w_w2aab1b5b2c19b1b6b1" language="English" custom="readingOrder {index:11;}">
                    <Coords points="3875,2311 4108,2311 4108,2426 3875,2426"/>
                    <TextEquiv>
                        <Unicode>page</Unicode>
                    </TextEquiv>
                    <TextStyle fontFamily="Times New Roman" fontSize="9.0"/>
                </Word>
                <Word id="w_w2aab1b5b2c19b1b7b1" language="English" custom="readingOrder {index:12;}">
                    <Coords points="4161,2308 4486,2308 4486,2397 4161,2397"/>
                    <TextEquiv>
                        <Unicode>in-fol.</Unicode>
                    </TextEquiv>
                    <TextStyle fontFamily="Times New Roman" fontSize="9.0"/>
                </Word>
                <TextEquiv>
                    <Unicode>NICOLAY (M. de). L. sig. 20 avril 1779. 4 page in-fol.</Unicode>
                </TextEquiv>
            </TextLine>
            <TextEquiv>
                <Unicode>NICOLAY (M. de). L. sig. 20 avril 1779. 4 page in-fol.</Unicode>
            </TextEquiv>
        </TextRegion>
        <TextRegion type="paragraph" id="r_3_11" custom="readingOrder {index:11;}">
            <Coords points="1173,2489 4930,2489 4930,2651 1173,2651"/>
            <TextLine id="tl_14" primaryLanguage="English" custom="readingOrder {index:0;}">
                <Coords points="1174,2490 4929,2490 4929,2650 1174,2650"/>
                <Baseline points="1175,2636 1281,2635 1483,2627 2793,2622 2951,2615 3919,2607 4323,2606 4551,2607 4929,2589"/>
                <Word id="w_w2aab1b5b2c21b1ab1" language="English" custom="readingOrder {index:0;}">
                    <Coords points="1175,2530 1281,2530 1281,2636 1175,2636"/>
                    <TextEquiv>
                        <Unicode>5.</Unicode>
                    </TextEquiv>
                    <TextStyle fontFamily="Times New Roman" fontSize="10.5" bold="true"/>
                </Word>
                <Word id="w_w2aab1b5b2c21b1ab7" language="English" custom="readingOrder {index:1;}">
                    <Coords points="1379,2508 2141,2508 2141,2627 1379,2627"/>
                    <TextEquiv>
                        <Unicode>ADANSON</Unicode>
                    </TextEquiv>
                    <TextStyle fontFamily="Times New Roman" fontSize="10.5" bold="true"/>
                </Word>
                <Word id="w_w2aab1b5b2c21b1b1b1" language="English" custom="readingOrder {index:2;}">
                    <Coords points="2185,2509 2793,2509 2793,2644 2185,2644"/>
                    <TextEquiv>
                        <Unicode>(Michel),</Unicode>
                    </TextEquiv>
                    <TextStyle fontFamily="Times New Roman" fontSize="10.5" bold="true"/>
                </Word>
                <Word id="w_w2aab1b5b2c21b1b1c21" language="English" custom="readingOrder {index:3;}">
                    <Coords points="2878,2500 3463,2500 3463,2615 2878,2615"/>
                    <TextEquiv>
                        <Unicode>botaniste.</Unicode>
                    </TextEquiv>
                    <TextStyle fontFamily="Times New Roman" fontSize="10.5" bold="true"/>
                </Word>
                <Word id="w_w2aab1b5b2c21b1b2b1" language="English" custom="readingOrder {index:4;}">
                    <Coords points="3770,2499 3919,2499 3919,2612 3770,2612"/>
                    <TextEquiv>
                        <Unicode>N.</Unicode>
                    </TextEquiv>
                    <TextStyle fontFamily="Times New Roman" fontSize="10.5" bold="true"/>
                </Word>
                <Word id="w_w2aab1b5b2c21b1b2b7" language="English" custom="readingOrder {index:5;}">
                    <Coords points="4002,2505 4323,2505 4323,2606 4002,2606"/>
                    <TextEquiv>
                        <Unicode>1727.</Unicode>
                    </TextEquiv>
                    <TextStyle fontFamily="Times New Roman" fontSize="10.5" bold="true"/>
                </Word>
                <Word id="w_w2aab1b5b2c21b1b2c19" language="English" custom="readingOrder {index:6;}">
                    <Coords points="4390,2495 4551,2495 4551,2607 4390,2607"/>
                    <TextEquiv>
                        <Unicode>M.</Unicode>
                    </TextEquiv>
                    <TextStyle fontFamily="Times New Roman" fontSize="10.5" bold="true"/>
                </Word>
                <Word id="w_w2aab1b5b2c21b1b2c25" language="English" custom="readingOrder {index:7;}">
                    <Coords points="4614,2497 4929,2497 4929,2602 4614,2602"/>
                    <TextEquiv>
                        <Unicode>1806.</Unicode>
                    </TextEquiv>
                    <TextStyle fontFamily="Times New Roman" fontSize="10.5" bold="true"/>
                </Word>
                <TextEquiv>
                    <Unicode>5. ADANSON (Michel), botaniste. N. 1727. M. 1806.</Unicode>
                </TextEquiv>
            </TextLine>
            <TextEquiv>
                <Unicode>5. ADANSON (Michel), botaniste. N. 1727. M. 1806.</Unicode>
            </TextEquiv>
        </TextRegion>
        <TextRegion type="paragraph" id="r_3_12" custom="readingOrder {index:12;}">
            <Coords points="1514,2639 4941,2639 4941,2775 1514,2775"/>
            <TextLine id="tl_15" primaryLanguage="English" custom="readingOrder {index:0;}">
                <Coords points="1515,2640 4940,2640 4940,2774 1515,2774"/>
                <Baseline points="1515,2750 1608,2755 1856,2754 1980,2751 2182,2748 2338,2745 2574,2753 2924,2745 3038,2741 3468,2762 3634,2753 3754,2734 3810,2704 3960,2735 4236,2731 4800,2730 4940,2727"/>
                <Word id="w_w2aab1b5b2c23b1ab1" language="English" custom="readingOrder {index:0;}">
                    <Coords points="1515,2674 1608,2674 1608,2755 1515,2755"/>
                    <TextEquiv>
                        <Unicode>!..</Unicode>
                    </TextEquiv>
                    <TextStyle fontFamily="Times New Roman" fontSize="9.0"/>
                </Word>
                <Word id="w_w2aab1b5b2c23b1ab9" language="English" custom="readingOrder {index:1;}">
                    <Coords points="1662,2670 1856,2670 1856,2754 1662,2754"/>
                    <TextEquiv>
                        <Unicode>aut.</Unicode>
                    </TextEquiv>
                    <TextStyle fontFamily="Times New Roman" fontSize="9.0"/>
                </Word>
                <Word id="w_w2aab1b5b2c23b1ac19" language="English" custom="readingOrder {index:2;}">
                    <Coords points="1908,2660 2078,2660 2078,2771 1908,2771"/>
                    <TextEquiv>
                        <Unicode>sig.</Unicode>
                    </TextEquiv>
                    <TextStyle fontFamily="Times New Roman" fontSize="9.0"/>
                </Word>
                <Word id="w_w2aab1b5b2c23b1b1b1" language="English" custom="readingOrder {index:3;}">
                    <Coords points="2133,2659 2182,2659 2182,2748 2133,2748"/>
                    <TextEquiv>
                        <Unicode>à</Unicode>
                    </TextEquiv>
                    <TextStyle fontFamily="Times New Roman" fontSize="7.5" bold="true"/>
                </Word>
                <Word id="w_w2aab1b5b2c23b1b2b1" language="English" custom="readingOrder {index:4;}">
                    <Coords points="2259,2663 2338,2663 2338,2745 2259,2745"/>
                    <TextEquiv>
                        <Unicode>M</Unicode>
                    </TextEquiv>
                    <TextStyle fontFamily="Times New Roman" fontSize="9.0"/>
                </Word>
                <Word id="w_w2aab1b5b2c23b1b3b1" language="English" custom="readingOrder {index:5;}">
                    <Coords points="2362,2655 2574,2655 2574,2753 2362,2753"/>
                    <TextEquiv>
                        <Unicode>.</Unicode>
                    </TextEquiv>
                    <TextStyle fontFamily="Times New Roman" fontSize="9.0"/>
                </Word>
                <Word id="w_w2aab1b5b2c23b1b4b1" language="English" custom="readingOrder {index:6;}">
                    <Coords points="2645,2654 2924,2654 2924,2746 2645,2746"/>
                    <TextEquiv>
                        <Unicode>datée</Unicode>
                    </TextEquiv>
                    <TextStyle fontFamily="Times New Roman" fontSize="9.0"/>
                </Word>
                <Word id="w_w2aab1b5b2c23b1b4c13" language="English" custom="readingOrder {index:7;}">
                    <Coords points="2981,2652 3108,2652 3108,2741 2981,2741"/>
                    <TextEquiv>
                        <Unicode>du</Unicode>
                    </TextEquiv>
                    <TextStyle fontFamily="Times New Roman" fontSize="9.0"/>
                </Word>
                <Word id="w_w2aab1b5b2c23b1b5b1" language="English" custom="readingOrder {index:8;}">
                    <Coords points="3159,2650 3560,2650 3560,2762 3159,2762"/>
                    <TextEquiv>
                        <Unicode>Sénégal</Unicode>
                    </TextEquiv>
                    <TextStyle fontFamily="Times New Roman" fontSize="9.0"/>
                </Word>
                <Word id="w_w2aab1b5b2c23b1b6b1" language="English" custom="readingOrder {index:9;}">
                    <Coords points="3614,2658 3634,2658 3634,2753 3614,2753"/>
                    <TextEquiv>
                        <Unicode>,</Unicode>
                    </TextEquiv>
                    <TextStyle fontFamily="Times New Roman" fontSize="9.0"/>
                </Word>
                <Word id="w_w2aab1b5b2c23b1b7b1" language="English" custom="readingOrder {index:10;}">
                    <Coords points="3727,2658 3754,2658 3754,2734 3727,2734"/>
                    <TextEquiv>
                        <Unicode>1</Unicode>
                    </TextEquiv>
                    <TextStyle fontFamily="Times New Roman" fontSize="9.0"/>
                </Word>
                <Word id="w_w2aab1b5b2c23b1b8b1" language="English" custom="readingOrder {index:11;}">
                    <Coords points="3775,2663 3844,2663 3844,2704 3775,2704"/>
                    <TextEquiv>
                        <Unicode>er</Unicode>
                    </TextEquiv>
                    <TextStyle fontFamily="Times New Roman" fontSize="9.0" superscript="true"/>
                </Word>
                <Word id="w_w2aab1b5b2c23b1c10b1" language="English" custom="readingOrder {index:12;}">
                    <Coords points="3913,2650 4132,2650 4132,2736 3913,2736"/>
                    <TextEquiv>
                        <Unicode>août</Unicode>
                    </TextEquiv>
                    <TextStyle fontFamily="Times New Roman" fontSize="9.0"/>
                </Word>
                <Word id="w_w2aab1b5b2c23b1c11b1" language="English" custom="readingOrder {index:13;}">
                    <Coords points="4209,2648 4466,2648 4466,2734 4209,2734"/>
                    <TextEquiv>
                        <Unicode>1750.</Unicode>
                    </TextEquiv>
                    <TextStyle fontFamily="Times New Roman" fontSize="9.0"/>
                </Word>
                <Word id="w_w2aab1b5b2c23b1c12b1" language="English" custom="readingOrder {index:14;}">
                    <Coords points="4545,2644 4800,2644 4800,2732 4545,2732"/>
                    <TextEquiv>
                        <Unicode>Belle</Unicode>
                    </TextEquiv>
                    <TextStyle fontFamily="Times New Roman" fontSize="9.0"/>
                </Word>
                <Word id="w_w2aab1b5b2c23b1c12c13" language="English" custom="readingOrder {index:15;}">
                    <Coords points="4847,2650 4940,2650 4940,2727 4847,2727"/>
                    <TextEquiv>
                        <Unicode>et</Unicode>
                    </TextEquiv>
                    <TextStyle fontFamily="Times New Roman" fontSize="9.0"/>
                </Word>
                <TextEquiv>
                    <Unicode>L. aut. sig. à M. datée du Sénégal, 1er août 1750. Belle et</Unicode>
                </TextEquiv>
            </TextLine>
            <TextEquiv>
                <Unicode>L. aut. sig. à M. datée du Sénégal, 1er août 1750. Belle et</Unicode>
            </TextEquiv>
        </TextRegion>
        <TextRegion type="paragraph" id="r_3_13" custom="readingOrder {index:13;}">
            <Coords points="1397,2759 4942,2759 4942,3022 1397,3022"/>
            <TextLine id="tl_16" primaryLanguage="English" custom="readingOrder {index:0;}">
                <Coords points="1398,2760 4941,2760 4941,2897 1398,2897"/>
                <Baseline points="1398,2879 2021,2873 2359,2867 2689,2865 2809,2866 3639,2861 3745,2860 4733,2852 4941,2849"/>
                <Word id="w_w2aab1b5b2c25b1ab1" language="English" custom="readingOrder {index:0;}">
                    <Coords points="1398,2789 2021,2789 2021,2880 1398,2880"/>
                    <TextEquiv>
                        <Unicode>intéressante</Unicode>
                    </TextEquiv>
                    <TextStyle fontFamily="Times New Roman" fontSize="9.0"/>
                </Word>
                <Word id="w_w2aab1b5b2c25b1ac27" language="English" custom="readingOrder {index:1;}">
                    <Coords points="2078,2784 2359,2784 2359,2872 2078,2872"/>
                    <TextEquiv>
                        <Unicode>lettre</Unicode>
                    </TextEquiv>
                    <TextStyle fontFamily="Times New Roman" fontSize="9.0"/>
                </Word>
                <Word id="w_w2aab1b5b2c25b1ac41" language="English" custom="readingOrder {index:2;}">
                    <Coords points="2432,2787 2689,2787 2689,2866 2432,2866"/>
                    <TextEquiv>
                        <Unicode>toute</Unicode>
                    </TextEquiv>
                    <TextStyle fontFamily="Times New Roman" fontSize="9.0"/>
                </Word>
                <Word id="w_w2aab1b5b2c25b1ac53" language="English" custom="readingOrder {index:3;}">
                    <Coords points="2766,2772 3423,2772 3423,2885 2766,2885"/>
                    <TextEquiv>
                        <Unicode>scientifique,</Unicode>
                    </TextEquiv>
                    <TextStyle fontFamily="Times New Roman" fontSize="9.0"/>
                </Word>
                <Word id="w_w2aab1b5b2c25b1b1b1" language="English" custom="readingOrder {index:4;}">
                    <Coords points="3482,2795 3639,2795 3639,2861 3482,2861"/>
                    <TextEquiv>
                        <Unicode>sur</Unicode>
                    </TextEquiv>
                    <TextStyle fontFamily="Times New Roman" fontSize="9.0"/>
                </Word>
                <Word id="w_w2aab1b5b2c25b1b1b9" language="English" custom="readingOrder {index:5;}">
                    <Coords points="3720,2768 4175,2768 4175,2861 3720,2861"/>
                    <TextEquiv>
                        <Unicode>l’histoire</Unicode>
                    </TextEquiv>
                    <TextStyle fontFamily="Times New Roman" fontSize="9.0"/>
                </Word>
                <Word id="w_w2aab1b5b2c25b1b2b1" language="English" custom="readingOrder {index:6;}">
                    <Coords points="4262,2764 4733,2764 4733,2855 4262,2855"/>
                    <TextEquiv>
                        <Unicode>naturelle</Unicode>
                    </TextEquiv>
                    <TextStyle fontFamily="Times New Roman" fontSize="9.0"/>
                </Word>
                <Word id="w_w2aab1b5b2c25b1b2c21" language="English" custom="readingOrder {index:7;}">
                    <Coords points="4808,2761 4941,2761 4941,2849 4808,2849"/>
                    <TextEquiv>
                        <Unicode>du</Unicode>
                    </TextEquiv>
                    <TextStyle fontFamily="Times New Roman" fontSize="9.0"/>
                </Word>
                <TextEquiv>
                    <Unicode>intéressante lettre toute scientifique, sur l’histoire naturelle du</Unicode>
                </TextEquiv>
            </TextLine>
            <TextLine id="tl_17" primaryLanguage="English" custom="readingOrder {index:1;}">
                <Coords points="1399,2901 2544,2901 2544,3021 1399,3021"/>
                <Baseline points="1399,2999 1839,2990 1939,2992 2259,2989 2543,2988"/>
                <Word id="w_w2aab1b5b2c25b3ab1" language="English" custom="readingOrder {index:0;}">
                    <Coords points="1399,2908 1839,2908 1839,3019 1399,3019"/>
                    <TextEquiv>
                        <Unicode>Sénégal.</Unicode>
                    </TextEquiv>
                    <TextStyle fontFamily="Times New Roman" fontSize="9.0"/>
                </Word>
                <Word id="w_w2aab1b5b2c25b3ac19" language="English" custom="readingOrder {index:1;}">
                    <Coords points="1889,2909 1939,2909 1939,3017 1889,3017"/>
                    <TextEquiv>
                        <Unicode>2</Unicode>
                    </TextEquiv>
                    <TextStyle fontFamily="Times New Roman" fontSize="9.0"/>
                </Word>
                <Word id="w_w2aab1b5b2c25b3b1b1" language="English" custom="readingOrder {index:2;}">
                    <Coords points="1983,2925 2259,2925 2259,3017 1983,3017"/>
                    <TextEquiv>
                        <Unicode>pages</Unicode>
                    </TextEquiv>
                    <TextStyle fontFamily="Times New Roman" fontSize="9.0"/>
                </Word>
                <Word id="w_w2aab1b5b2c25b3b1c13" language="English" custom="readingOrder {index:3;}">
                    <Coords points="2299,2902 2543,2902 2543,2989 2299,2989"/>
                    <TextEquiv>
                        <Unicode>in-4.</Unicode>
                    </TextEquiv>
                    <TextStyle fontFamily="Times New Roman" fontSize="9.0"/>
                </Word>
                <TextEquiv>
                    <Unicode>Sénégal. 2 pages in-4.</Unicode>
                </TextEquiv>
            </TextLine>
            <TextEquiv>
                <Unicode>intéressante lettre toute scientifique, sur l’histoire naturelle du
Sénégal. 2 pages in-4.</Unicode>
            </TextEquiv>
        </TextRegion>
        <TextRegion type="paragraph" id="r_3_14" custom="readingOrder {index:14;}">
            <Coords points="1171,3065 4946,3065 4946,3237 1171,3237"/>
            <TextLine id="tl_18" primaryLanguage="English" custom="readingOrder {index:0;}">
                <Coords points="1172,3066 4945,3066 4945,3236 1172,3236"/>
                <Baseline points="1172,3214 1289,3213 1585,3202 1893,3218 2165,3200 2351,3229 2433,3195 3019,3185 3505,3186 3585,3199 3877,3185 4039,3186 4147,3208 4755,3178 4945,3181"/>
                <Word id="w_w2aab1b5b2c27b1ab1" language="English" custom="readingOrder {index:0;}">
                    <Coords points="1172,3110 1289,3110 1289,3214 1172,3214"/>
                    <TextEquiv>
                        <Unicode>6.</Unicode>
                    </TextEquiv>
                    <TextStyle fontFamily="Times New Roman" fontSize="10.5" bold="true"/>
                </Word>
                <Word id="w_w2aab1b5b2c27b1ab7" language="English" custom="readingOrder {index:1;}">
                    <Coords points="1382,3092 1795,3092 1795,3218 1382,3218"/>
                    <TextEquiv>
                        <Unicode>ALBE</Unicode>
                    </TextEquiv>
                    <TextStyle fontFamily="Times New Roman" fontSize="10.5" bold="true"/>
                </Word>
                <Word id="w_w2aab1b5b2c27b1b1b1" language="English" custom="readingOrder {index:2;}">
                    <Coords points="1858,3085 1893,3085 1893,3218 1858,3218"/>
                    <TextEquiv>
                        <Unicode>(</Unicode>
                    </TextEquiv>
                    <TextStyle fontFamily="Times New Roman" fontSize="10.5" bold="true"/>
                </Word>
                <Word id="w_w2aab1b5b2c27b1b2b1" language="English" custom="readingOrder {index:3;}">
                    <Coords points="1940,3085 2283,3085 2283,3201 1940,3201"/>
                    <TextEquiv>
                        <Unicode>Fern.</Unicode>
                    </TextEquiv>
                    <TextStyle fontFamily="Times New Roman" fontSize="10.5" bold="true"/>
                </Word>
                <Word id="w_w2aab1b5b2c27b1b3b1" language="English" custom="readingOrder {index:4;}">
                    <Coords points="2323,3203 2351,3203 2351,3229 2323,3229"/>
                    <TextEquiv>
                        <Unicode>#</Unicode>
                    </TextEquiv>
                    <TextStyle fontFamily="Times New Roman" fontSize="10.5" bold="true" subscript="true"/>
                </Word>
                <Word id="w_w2aab1b5b2c27b1b4b1" language="English" custom="readingOrder {index:5;}">
                    <Coords points="2362,3081 2805,3081 2805,3195 2362,3195"/>
                    <TextEquiv>
                        <Unicode>Alvarez</Unicode>
                    </TextEquiv>
                    <TextStyle fontFamily="Times New Roman" fontSize="10.5" bold="true"/>
                </Word>
                <Word id="w_w2aab1b5b2c27b1b5b1" language="English" custom="readingOrder {index:6;}">
                    <Coords points="2878,3081 3019,3081 3019,3189 2878,3189"/>
                    <TextEquiv>
                        <Unicode>de</Unicode>
                    </TextEquiv>
                    <TextStyle fontFamily="Times New Roman" fontSize="10.5" bold="true"/>
                </Word>
                <Word id="w_w2aab1b5b2c27b1b5b7" language="English" custom="readingOrder {index:7;}">
                    <Coords points="3080,3077 3505,3077 3505,3191 3080,3191"/>
                    <TextEquiv>
                        <Unicode>Tolède</Unicode>
                    </TextEquiv>
                    <TextStyle fontFamily="Times New Roman" fontSize="10.5" bold="true"/>
                </Word>
                <Word id="w_w2aab1b5b2c27b1b5c21" language="English" custom="readingOrder {index:8;}">
                    <Coords points="3556,3082 3585,3082 3585,3199 3556,3199"/>
                    <TextEquiv>
                        <Unicode>,</Unicode>
                    </TextEquiv>
                    <TextStyle fontFamily="Times New Roman" fontSize="10.5" bold="true"/>
                </Word>
                <Word id="w_w2aab1b5b2c27b1b6b1" language="English" custom="readingOrder {index:9;}">
                    <Coords points="3662,3082 3877,3082 3877,3188 3662,3188"/>
                    <TextEquiv>
                        <Unicode>duc</Unicode>
                    </TextEquiv>
                    <TextStyle fontFamily="Times New Roman" fontSize="10.5" bold="true"/>
                </Word>
                <Word id="w_w2aab1b5b2c27b1b6b9" language="English" custom="readingOrder {index:10;}">
                    <Coords points="3970,3080 4039,3080 4039,3208 3970,3208"/>
                    <TextEquiv>
                        <Unicode>d</Unicode>
                    </TextEquiv>
                    <TextStyle fontFamily="Times New Roman" fontSize="10.5" bold="true"/>
                </Word>
                <Word id="w_w2aab1b5b2c27b1b7b1" language="English" custom="readingOrder {index:11;}">
                    <Coords points="4114,3091 4191,3091 4191,3213 4114,3213"/>
                    <TextEquiv>
                        <Unicode>).</Unicode>
                    </TextEquiv>
                    <TextStyle fontFamily="Times New Roman" fontSize="10.5" bold="true"/>
                </Word>
                <Word id="w_w2aab1b5b2c27b1b8b1" language="English" custom="readingOrder {index:12;}">
                    <Coords points="4306,3076 4755,3076 4755,3212 4306,3212"/>
                    <TextEquiv>
                        <Unicode>général</Unicode>
                    </TextEquiv>
                    <TextStyle fontFamily="Times New Roman" fontSize="10.5" bold="true"/>
                </Word>
                <Word id="w_w2aab1b5b2c27b1b8c17" language="English" custom="readingOrder {index:13;}">
                    <Coords points="4836,3084 4945,3084 4945,3181 4836,3181"/>
                    <TextEquiv>
                        <Unicode>et</Unicode>
                    </TextEquiv>
                    <TextStyle fontFamily="Times New Roman" fontSize="10.5" bold="true"/>
                </Word>
                <TextEquiv>
                    <Unicode>6. ALBE ( Fern. Alvarez de Tolède, duc d'), général et</Unicode>
                </TextEquiv>
            </TextLine>
            <TextEquiv>
                <Unicode>6. ALBE ( Fern. Alvarez de Tolède, duc d'), général et</Unicode>
            </TextEquiv>
        </TextRegion>
        <TextRegion type="paragraph" id="r_3_15" custom="readingOrder {index:15;}">
            <Coords points="1560,3220 4943,3222 4943,3389 1560,3387"/>
            <TextLine id="tl_19" primaryLanguage="English" custom="readingOrder {index:0;}">
                <Coords points="1561,3221 4940,3219 4940,3384 1561,3386"/>
                <Baseline points="1561,3358 2068,3353 2234,3350 2662,3347 3638,3337 3882,3365 4094,3336 4700,3332 4902,3331"/>
                <Word id="w_w2aab1b5b2c29b1ab1" language="English" custom="readingOrder {index:0;}">
                    <Coords points="1561,3244 2068,3244 2068,3358 1561,3358"/>
                    <TextEquiv>
                        <Unicode>minisire</Unicode>
                    </TextEquiv>
                    <TextStyle fontFamily="Times New Roman" fontSize="10.5" bold="true"/>
                </Word>
                <Word id="w_w2aab1b5b2c29b1ac19" language="English" custom="readingOrder {index:1;}">
                    <Coords points="2165,3240 2538,3240 2538,3351 2165,3351"/>
                    <TextEquiv>
                        <Unicode>d’Etat</Unicode>
                    </TextEquiv>
                    <TextStyle fontFamily="Times New Roman" fontSize="10.5" bold="true"/>
                </Word>
                <Word id="w_w2aab1b5b2c29b1b1b1" language="English" custom="readingOrder {index:2;}">
                    <Coords points="2609,3235 2870,3235 2870,3347 2609,3347"/>
                    <TextEquiv>
                        <Unicode>sous</Unicode>
                    </TextEquiv>
                    <TextStyle fontFamily="Times New Roman" fontSize="10.5" bold="true"/>
                </Word>
                <Word id="w_w2aab1b5b2c29b1b2b1" language="English" custom="readingOrder {index:3;}">
                    <Coords points="2941,3229 3808,3229 3808,3374 2941,3374"/>
                    <TextEquiv>
                        <Unicode>Charles-Quint</Unicode>
                    </TextEquiv>
                    <TextStyle fontFamily="Times New Roman" fontSize="10.5" bold="true"/>
                </Word>
                <Word id="w_w2aab1b5b2c29b1b3b1" language="English" custom="readingOrder {index:4;}">
                    <Coords points="3854,3260 3882,3260 3882,3365 3854,3365"/>
                    <TextEquiv>
                        <Unicode>,</Unicode>
                    </TextEquiv>
                    <TextStyle fontFamily="Times New Roman" fontSize="10.5" bold="true"/>
                </Word>
                <Word id="w_w2aab1b5b2c29b1b4b1" language="English" custom="readingOrder {index:5;}">
                    <Coords points="3993,3242 4094,3242 4094,3336 3993,3336"/>
                    <TextEquiv>
                        <Unicode>cl</Unicode>
                    </TextEquiv>
                    <TextStyle fontFamily="Times New Roman" fontSize="10.5" bold="true"/>
                </Word>
                <Word id="w_w2aab1b5b2c29b1b4b7" language="English" custom="readingOrder {index:6;}">
                    <Coords points="4179,3229 4700,3229 4700,3363 4179,3363"/>
                    <TextEquiv>
                        <Unicode>Philippe</Unicode>
                    </TextEquiv>
                    <TextStyle fontFamily="Times New Roman" fontSize="10.5" bold="true"/>
                </Word>
                <Word id="w_w2aab1b5b2c29b1b4c25" language="English" custom="readingOrder {index:7;}">
                    <Coords points="4789,3223 4902,3223 4902,3331 4789,3331"/>
                    <TextEquiv>
                        <Unicode>II</Unicode>
                    </TextEquiv>
                    <TextStyle fontFamily="Times New Roman" fontSize="10.5" bold="true"/>
                </Word>
                <TextEquiv>
                    <Unicode>minisire d’État sous Charles-Quint, et Philippe II.</Unicode>
                </TextEquiv>
            </TextLine>
            <TextEquiv>
                <Unicode>minisire d’État sous Charles-Quint, et Philippe II.</Unicode>
            </TextEquiv>
        </TextRegion>
        <TextRegion type="paragraph" id="r_3_16" custom="readingOrder {index:16;}">
            <Coords points="3725,3373 4938,3373 4938,3495 3725,3495"/>
            <TextLine id="tl_20" primaryLanguage="English" custom="readingOrder {index:0;}">
                <Coords points="3726,3374 4937,3374 4937,3494 3726,3494"/>
                <Baseline points="3726,3494 3837,3494 4285,3491 4525,3489 4936,3473"/>
                <Word id="w_w2aab1b5b2c31b1ab1" language="English" custom="readingOrder {index:0;}">
                    <Coords points="3726,3381 3875,3381 3875,3494 3726,3494"/>
                    <TextEquiv>
                        <Unicode>N.</Unicode>
                    </TextEquiv>
                    <TextStyle fontFamily="Times New Roman" fontSize="10.5" bold="true"/>
                </Word>
                <Word id="w_w2aab1b5b2c31b1b1b1" language="English" custom="readingOrder {index:1;}">
                    <Coords points="3958,3387 4285,3387 4285,3491 3958,3491"/>
                    <TextEquiv>
                        <Unicode>1508.</Unicode>
                    </TextEquiv>
                    <TextStyle fontFamily="Times New Roman" fontSize="10.5" bold="true"/>
                </Word>
                <Word id="w_w2aab1b5b2c31b1b1c13" language="English" custom="readingOrder {index:2;}">
                    <Coords points="4356,3377 4525,3377 4525,3489 4356,3489"/>
                    <TextEquiv>
                        <Unicode>M.</Unicode>
                    </TextEquiv>
                    <TextStyle fontFamily="Times New Roman" fontSize="10.5" bold="true"/>
                </Word>
                <Word id="w_w2aab1b5b2c31b1b1c19" language="English" custom="readingOrder {index:3;}">
                    <Coords points="4606,3381 4936,3381 4936,3486 4606,3486"/>
                    <TextEquiv>
                        <Unicode>1582.</Unicode>
                    </TextEquiv>
                    <TextStyle fontFamily="Times New Roman" fontSize="10.5" bold="true"/>
                </Word>
                <TextEquiv>
                    <Unicode>N. 1508. M. 1582.</Unicode>
                </TextEquiv>
            </TextLine>
            <TextEquiv>
                <Unicode>N. 1508. M. 1582.</Unicode>
            </TextEquiv>
        </TextRegion>
        <TextRegion type="paragraph" id="r_3_17" custom="readingOrder {index:17;}">
            <Coords points="1413,3517 4943,3517 4943,3903 1413,3903"/>
            <TextLine id="tl_21" primaryLanguage="English" custom="readingOrder {index:0;}">
                <Coords points="1527,3518 4942,3518 4942,3662 1527,3662"/>
                <Baseline points="1527,3638 1581,3638 1927,3632 2173,3632 2317,3627 2473,3632 3027,3623 3221,3622 3431,3620 3541,3620 4125,3618 4192,3645 4343,3617 4774,3638 4941,3611"/>
                <Word id="w_w2aab1b5b2c33b1ab1" language="English" custom="readingOrder {index:0;}">
                    <Coords points="1527,3555 1581,3555 1581,3638 1527,3638"/>
                    <TextEquiv>
                        <Unicode>2</Unicode>
                    </TextEquiv>
                    <TextStyle fontFamily="Times New Roman" fontSize="9.0"/>
                </Word>
                <Word id="w_w2aab1b5b2c33b1ab5" language="English" custom="readingOrder {index:1;}">
                    <Coords points="1631,3551 1927,3551 1927,3661 1631,3661"/>
                    <TextEquiv>
                        <Unicode>lignes</Unicode>
                    </TextEquiv>
                    <TextStyle fontFamily="Times New Roman" fontSize="9.0"/>
                </Word>
                <Word id="w_w2aab1b5b2c33b1ac19" language="English" custom="readingOrder {index:2;}">
                    <Coords points="1975,3552 2173,3552 2173,3634 1975,3634"/>
                    <TextEquiv>
                        <Unicode>aut.</Unicode>
                    </TextEquiv>
                    <TextStyle fontFamily="Times New Roman" fontSize="9.0"/>
                </Word>
                <Word id="w_w2aab1b5b2c33b1ac29" language="English" custom="readingOrder {index:3;}">
                    <Coords points="2225,3549 2317,3549 2317,3629 2225,3629"/>
                    <TextEquiv>
                        <Unicode>et</Unicode>
                    </TextEquiv>
                    <TextStyle fontFamily="Times New Roman" fontSize="9.0"/>
                </Word>
                <Word id="w_w2aab1b5b2c33b1ac35" language="English" custom="readingOrder {index:4;}">
                    <Coords points="2373,3564 2473,3564 2473,3632 2373,3632"/>
                    <TextEquiv>
                        <Unicode>sa</Unicode>
                    </TextEquiv>
                    <TextStyle fontFamily="Times New Roman" fontSize="9.0"/>
                </Word>
                <Word id="w_w2aab1b5b2c33b1ac41" language="English" custom="readingOrder {index:5;}">
                    <Coords points="2545,3541 3027,3541 3027,3655 2545,3655"/>
                    <TextEquiv>
                        <Unicode>signature</Unicode>
                    </TextEquiv>
                    <TextStyle fontFamily="Times New Roman" fontSize="9.0"/>
                </Word>
                <Word id="w_w2aab1b5b2c33b1ac61" language="English" custom="readingOrder {index:6;}">
                    <Coords points="3103,3558 3221,3558 3221,3624 3103,3624"/>
                    <TextEquiv>
                        <Unicode>au</Unicode>
                    </TextEquiv>
                    <TextStyle fontFamily="Times New Roman" fontSize="9.0"/>
                </Word>
                <Word id="w_w2aab1b5b2c33b1ac67" language="English" custom="readingOrder {index:7;}">
                    <Coords points="3269,3537 3431,3537 3431,3625 3269,3625"/>
                    <TextEquiv>
                        <Unicode>bas</Unicode>
                    </TextEquiv>
                    <TextStyle fontFamily="Times New Roman" fontSize="9.0"/>
                </Word>
                <Word id="w_w2aab1b5b2c33b1ac75" language="English" custom="readingOrder {index:8;}">
                    <Coords points="3483,3531 3773,3531 3773,3622 3483,3622"/>
                    <TextEquiv>
                        <Unicode>d’une</Unicode>
                    </TextEquiv>
                    <TextStyle fontFamily="Times New Roman" fontSize="9.0"/>
                </Word>
                <Word id="w_w2aab1b5b2c33b1b1b1" language="English" custom="readingOrder {index:9;}">
                    <Coords points="3851,3533 4125,3533 4125,3623 3851,3623"/>
                    <TextEquiv>
                        <Unicode>lettre</Unicode>
                    </TextEquiv>
                    <TextStyle fontFamily="Times New Roman" fontSize="9.0"/>
                </Word>
                <Word id="w_w2aab1b5b2c33b1b1c15" language="English" custom="readingOrder {index:10;}">
                    <Coords points="4163,3529 4192,3529 4192,3645 4163,3645"/>
                    <TextEquiv>
                        <Unicode>(</Unicode>
                    </TextEquiv>
                    <TextStyle fontFamily="Times New Roman" fontSize="9.0"/>
                </Word>
                <Word id="w_w2aab1b5b2c33b1b2b1" language="English" custom="readingOrder {index:11;}">
                    <Coords points="4229,3554 4343,3554 4343,3619 4229,3619"/>
                    <TextEquiv>
                        <Unicode>en</Unicode>
                    </TextEquiv>
                    <TextStyle fontFamily="Times New Roman" fontSize="9.0"/>
                </Word>
                <Word id="w_w2aab1b5b2c33b1b2b7" language="English" custom="readingOrder {index:12;}">
                    <Coords points="4391,3519 4774,3519 4774,3638 4391,3638"/>
                    <TextEquiv>
                        <Unicode>italien)</Unicode>
                    </TextEquiv>
                    <TextStyle fontFamily="Times New Roman" fontSize="9.0"/>
                </Word>
                <Word id="w_w2aab1b5b2c33b1b2c25" language="English" custom="readingOrder {index:13;}">
                    <Coords points="4821,3547 4941,3547 4941,3613 4821,3613"/>
                    <TextEquiv>
                        <Unicode>au</Unicode>
                    </TextEquiv>
                    <TextStyle fontFamily="Times New Roman" fontSize="9.0"/>
                </Word>
                <TextEquiv>
                    <Unicode>2 lignes aut. et sa signature au bas d’une lettre (en italien) au</Unicode>
                </TextEquiv>
            </TextLine>
            <TextLine id="tl_22" primaryLanguage="English" custom="readingOrder {index:1;}">
                <Coords points="1414,3644 4940,3644 4940,3786 1414,3786"/>
                <Baseline points="1414,3786 1708,3759 1944,3753 2130,3752 2368,3749 2832,3748 3222,3745 3364,3743 4000,3743 4190,3737 4616,3737 4940,3733"/>
                <Word id="w_w2aab1b5b2c33b3ab1" language="English" custom="readingOrder {index:0;}">
                    <Coords points="1414,3671 1708,3671 1708,3786 1414,3786"/>
                    <TextEquiv>
                        <Unicode>grand</Unicode>
                    </TextEquiv>
                    <TextStyle fontFamily="Times New Roman" fontSize="9.0"/>
                </Word>
                <Word id="w_w2aab1b5b2c33b3ac13" language="English" custom="readingOrder {index:1;}">
                    <Coords points="1762,3668 1944,3668 1944,3754 1762,3754"/>
                    <TextEquiv>
                        <Unicode>duc</Unicode>
                    </TextEquiv>
                    <TextStyle fontFamily="Times New Roman" fontSize="9.0"/>
                </Word>
                <Word id="w_w2aab1b5b2c33b3ac21" language="English" custom="readingOrder {index:2;}">
                    <Coords points="2012,3662 2130,3662 2130,3753 2012,3753"/>
                    <TextEquiv>
                        <Unicode>de</Unicode>
                    </TextEquiv>
                    <TextStyle fontFamily="Times New Roman" fontSize="9.0"/>
                </Word>
                <Word id="w_w2aab1b5b2c33b3ac27" language="English" custom="readingOrder {index:3;}">
                    <Coords points="2212,3658 2710,3658 2710,3762 2212,3762"/>
                    <TextEquiv>
                        <Unicode>Florence,</Unicode>
                    </TextEquiv>
                    <TextStyle fontFamily="Times New Roman" fontSize="9.0"/>
                </Word>
                <Word id="w_w2aab1b5b2c33b3b1b1" language="English" custom="readingOrder {index:4;}">
                    <Coords points="2778,3656 3050,3656 3050,3750 2778,3750"/>
                    <TextEquiv>
                        <Unicode>datée</Unicode>
                    </TextEquiv>
                    <TextStyle fontFamily="Times New Roman" fontSize="9.0"/>
                </Word>
                <Word id="w_w2aab1b5b2c33b3b2b1" language="English" custom="readingOrder {index:5;}">
                    <Coords points="3106,3656 3222,3656 3222,3746 3106,3746"/>
                    <TextEquiv>
                        <Unicode>de</Unicode>
                    </TextEquiv>
                    <TextStyle fontFamily="Times New Roman" fontSize="9.0"/>
                </Word>
                <Word id="w_w2aab1b5b2c33b3b2b7" language="English" custom="readingOrder {index:6;}">
                    <Coords points="3296,3655 3846,3655 3846,3759 3296,3759"/>
                    <TextEquiv>
                        <Unicode>Bruxelles,</Unicode>
                    </TextEquiv>
                    <TextStyle fontFamily="Times New Roman" fontSize="9.0"/>
                </Word>
                <Word id="w_w2aab1b5b2c33b3b3b1" language="English" custom="readingOrder {index:7;}">
                    <Coords points="3912,3655 4000,3655 4000,3743 3912,3743"/>
                    <TextEquiv>
                        <Unicode>le</Unicode>
                    </TextEquiv>
                    <TextStyle fontFamily="Times New Roman" fontSize="9.0"/>
                </Word>
                <Word id="w_w2aab1b5b2c33b3b3b7" language="English" custom="readingOrder {index:8;}">
                    <Coords points="4080,3656 4190,3656 4190,3737 4080,3737"/>
                    <TextEquiv>
                        <Unicode>28</Unicode>
                    </TextEquiv>
                    <TextStyle fontFamily="Times New Roman" fontSize="9.0"/>
                </Word>
                <Word id="w_w2aab1b5b2c33b3b3c13" language="English" custom="readingOrder {index:9;}">
                    <Coords points="4262,3648 4616,3648 4616,3739 4262,3739"/>
                    <TextEquiv>
                        <Unicode>février</Unicode>
                    </TextEquiv>
                    <TextStyle fontFamily="Times New Roman" fontSize="9.0"/>
                </Word>
                <Word id="w_w2aab1b5b2c33b3b3c29" language="English" custom="readingOrder {index:10;}">
                    <Coords points="4674,3647 4940,3647 4940,3736 4674,3736"/>
                    <TextEquiv>
                        <Unicode>1558.</Unicode>
                    </TextEquiv>
                    <TextStyle fontFamily="Times New Roman" fontSize="9.0"/>
                </Word>
                <TextEquiv>
                    <Unicode>grand duc de Florence, datée de Bruxelles, le 28 février 1558.</Unicode>
                </TextEquiv>
            </TextLine>
            <TextLine id="tl_23" primaryLanguage="English" custom="readingOrder {index:2;}">
                <Coords points="1422,3778 2397,3778 2397,3902 1422,3902"/>
                <Baseline points="1423,3878 1451,3878 1757,3879 2035,3875 2397,3868"/>
                <Word id="w_w2aab1b5b2c33b5ab1" language="English" custom="readingOrder {index:0;}">
                    <Coords points="1423,3804 1451,3804 1451,3878 1423,3878"/>
                    <TextEquiv>
                        <Unicode>l</Unicode>
                    </TextEquiv>
                    <TextStyle fontFamily="Times New Roman" fontSize="9.0"/>
                </Word>
                <Word id="w_w2aab1b5b2c33b5ab5" language="English" custom="readingOrder {index:1;}">
                    <Coords points="1508,3793 1757,3793 1757,3881 1508,3881"/>
                    <TextEquiv>
                        <Unicode>belle</Unicode>
                    </TextEquiv>
                    <TextStyle fontFamily="Times New Roman" fontSize="9.0"/>
                </Word>
                <Word id="w_w2aab1b5b2c33b5ac17" language="English" custom="readingOrder {index:2;}">
                    <Coords points="1803,3809 2035,3809 2035,3900 1803,3900"/>
                    <TextEquiv>
                        <Unicode>page</Unicode>
                    </TextEquiv>
                    <TextStyle fontFamily="Times New Roman" fontSize="9.0"/>
                </Word>
                <Word id="w_w2aab1b5b2c33b5ac27" language="English" custom="readingOrder {index:3;}">
                    <Coords points="2076,3779 2397,3779 2397,3872 2076,3872"/>
                    <TextEquiv>
                        <Unicode>in-fol.</Unicode>
                    </TextEquiv>
                    <TextStyle fontFamily="Times New Roman" fontSize="9.0"/>
                </Word>
                <TextEquiv>
                    <Unicode>1 belle page in-fol.</Unicode>
                </TextEquiv>
                <TextStyle fontFamily="Times New Roman" fontSize="9.0"/>
            </TextLine>
            <TextEquiv>
                <Unicode>2 lignes aut. et sa signature au bas d’une lettre (en italien) au
grand duc de Florence, datée de Bruxelles, le 28 février 1558.
1 belle page in-fol.</Unicode>
            </TextEquiv>
        </TextRegion>
        <TextRegion type="paragraph" id="r_3_18" custom="readingOrder {index:18;}">
            <Coords points="1185,3955 4939,3955 4939,4119 1185,4119"/>
            <TextLine id="tl_24" primaryLanguage="English" custom="readingOrder {index:0;}">
                <Coords points="1186,3956 4938,3956 4938,4118 1186,4118"/>
                <Baseline points="1186,4094 1252,4094 2092,4085 2170,4110 2492,4052 3498,4078 3910,4078 4342,4068 4550,4069 4938,4063"/>
                <Word id="w_w2aab1b5b2c35b1ab1" language="English" custom="readingOrder {index:0;}">
                    <Coords points="1186,3989 1294,3989 1294,4103 1186,4103"/>
                    <TextEquiv>
                        <Unicode>7.</Unicode>
                    </TextEquiv>
                    <TextStyle fontFamily="Times New Roman" fontSize="10.5" bold="true"/>
                </Word>
                <Word id="w_w2aab1b5b2c35b1b1b1" language="English" custom="readingOrder {index:1;}">
                    <Coords points="1392,3976 2092,3976 2092,4093 1392,4093"/>
                    <TextEquiv>
                        <Unicode>ALBITTE</Unicode>
                    </TextEquiv>
                    <TextStyle fontFamily="Times New Roman" fontSize="10.5" bold="true"/>
                </Word>
                <Word id="w_w2aab1b5b2c35b1b1c17" language="English" custom="readingOrder {index:2;}">
                    <Coords points="2138,3981 2428,3981 2428,4110 2138,4110"/>
                    <TextEquiv>
                        <Unicode>(Anl.</Unicode>
                    </TextEquiv>
                    <TextStyle fontFamily="Times New Roman" fontSize="10.5" bold="true"/>
                </Word>
                <Word id="w_w2aab1b5b2c35b1b2b1" language="English" custom="readingOrder {index:3;}">
                    <Coords points="2446,3978 2926,3978 2926,4107 2446,4107"/>
                    <TextEquiv>
                        <Unicode>-Louis),</Unicode>
                    </TextEquiv>
                    <TextStyle fontFamily="Times New Roman" fontSize="10.5" bold="true"/>
                </Word>
                <Word id="w_w2aab1b5b2c35b1b3b1" language="English" custom="readingOrder {index:4;}">
                    <Coords points="2978,3964 3692,3964 3692,4081 2978,4081"/>
                    <TextEquiv>
                        <Unicode>convenlion.</Unicode>
                    </TextEquiv>
                    <TextStyle fontFamily="Times New Roman" fontSize="10.5" bold="true"/>
                </Word>
                <Word id="w_w2aab1b5b2c35b1b4b1" language="English" custom="readingOrder {index:5;}">
                    <Coords points="3804,3963 3948,3963 3948,4078 3804,4078"/>
                    <TextEquiv>
                        <Unicode>N.</Unicode>
                    </TextEquiv>
                    <TextStyle fontFamily="Times New Roman" fontSize="10.5" bold="true"/>
                </Word>
                <Word id="w_w2aab1b5b2c35b1b5b1" language="English" custom="readingOrder {index:6;}">
                    <Coords points="4016,3963 4342,3963 4342,4073 4016,4073"/>
                    <TextEquiv>
                        <Unicode>1760.</Unicode>
                    </TextEquiv>
                    <TextStyle fontFamily="Times New Roman" fontSize="10.5" bold="true"/>
                </Word>
                <Word id="w_w2aab1b5b2c35b1b5c13" language="English" custom="readingOrder {index:7;}">
                    <Coords points="4388,3961 4550,3961 4550,4069 4388,4069"/>
                    <TextEquiv>
                        <Unicode>M.</Unicode>
                    </TextEquiv>
                    <TextStyle fontFamily="Times New Roman" fontSize="10.5" bold="true"/>
                </Word>
                <Word id="w_w2aab1b5b2c35b1b5c19" language="English" custom="readingOrder {index:8;}">
                    <Coords points="4610,3967 4938,3967 4938,4070 4610,4070"/>
                    <TextEquiv>
                        <Unicode>1812.</Unicode>
                    </TextEquiv>
                    <TextStyle fontFamily="Times New Roman" fontSize="10.5" bold="true"/>
                </Word>
                <TextEquiv>
                    <Unicode>7. ALBITTE (Ant.-Louis), convention. N. 1760. M. 1812.</Unicode>
                </TextEquiv>
            </TextLine>
            <TextEquiv>
                <Unicode>7. ALBITTE (Ant.-Louis), convention. N. 1760. M. 1812.</Unicode>
            </TextEquiv>
        </TextRegion>
        <TextRegion type="paragraph" id="r_3_19" custom="readingOrder {index:19;}">
            <Coords points="1416,4107 4944,4107 4944,4367 1416,4367"/>
            <TextLine id="tl_25" primaryLanguage="English" custom="readingOrder {index:0;}">
                <Coords points="1539,4108 4943,4108 4943,4242 1539,4242"/>
                <Baseline points="1539,4222 1637,4219 1887,4210 2111,4216 2307,4215 2851,4210 3123,4206 3383,4206 3669,4207 4017,4200 4271,4223 4537,4199 4617,4199 4785,4202 4943,4201"/>
                <Word id="w_w2aab1b5b2c37b1ab1" language="English" custom="readingOrder {index:0;}">
                    <Coords points="1539,4141 1637,4141 1637,4222 1539,4222"/>
                    <TextEquiv>
                        <Unicode>L.</Unicode>
                    </TextEquiv>
                    <TextStyle fontFamily="Times New Roman" fontSize="9.0"/>
                </Word>
                <Word id="w_w2aab1b5b2c37b1ab7" language="English" custom="readingOrder {index:1;}">
                    <Coords points="1693,4136 1887,4136 1887,4221 1693,4221"/>
                    <TextEquiv>
                        <Unicode>aut.</Unicode>
                    </TextEquiv>
                    <TextStyle fontFamily="Times New Roman" fontSize="9.0"/>
                </Word>
                <Word id="w_w2aab1b5b2c37b1ac17" language="English" custom="readingOrder {index:2;}">
                    <Coords points="1941,4129 2111,4129 2111,4239 1941,4239"/>
                    <TextEquiv>
                        <Unicode>sig.</Unicode>
                    </TextEquiv>
                    <TextStyle fontFamily="Times New Roman" fontSize="9.0"/>
                </Word>
                <Word id="w_w2aab1b5b2c37b1ac27" language="English" custom="readingOrder {index:3;}">
                    <Coords points="2181,4149 2307,4149 2307,4216 2181,4216"/>
                    <TextEquiv>
                        <Unicode>au</Unicode>
                    </TextEquiv>
                    <TextStyle fontFamily="Times New Roman" fontSize="9.0"/>
                </Word>
                <Word id="w_w2aab1b5b2c37b1ac33" language="English" custom="readingOrder {index:4;}">
                    <Coords points="2383,4123 2851,4123 2851,4214 2383,4214"/>
                    <TextEquiv>
                        <Unicode>ministre.</Unicode>
                    </TextEquiv>
                    <TextStyle fontFamily="Times New Roman" fontSize="9.0"/>
                </Word>
                <Word id="w_w2aab1b5b2c37b1ac53" language="English" custom="readingOrder {index:5;}">
                    <Coords points="2949,4120 3261,4120 3261,4227 2949,4227"/>
                    <TextEquiv>
                        <Unicode>Paris,</Unicode>
                    </TextEquiv>
                    <TextStyle fontFamily="Times New Roman" fontSize="9.0"/>
                </Word>
                <Word id="w_w2aab1b5b2c37b1b1b1" language="English" custom="readingOrder {index:6;}">
                    <Coords points="3353,4119 3453,4119 3453,4206 3353,4206"/>
                    <TextEquiv>
                        <Unicode>18</Unicode>
                    </TextEquiv>
                    <TextStyle fontFamily="Times New Roman" fontSize="9.0"/>
                </Word>
                <Word id="w_w2aab1b5b2c37b1b2b1" language="English" custom="readingOrder {index:7;}">
                    <Coords points="3521,4118 3897,4118 3897,4207 3521,4207"/>
                    <TextEquiv>
                        <Unicode>octobre</Unicode>
                    </TextEquiv>
                    <TextStyle fontFamily="Times New Roman" fontSize="9.0"/>
                </Word>
                <Word id="w_w2aab1b5b2c37b1b3b1" language="English" custom="readingOrder {index:8;}">
                    <Coords points="3989,4113 4213,4113 4213,4200 3989,4200"/>
                    <TextEquiv>
                        <Unicode>1792</Unicode>
                    </TextEquiv>
                    <TextStyle fontFamily="Times New Roman" fontSize="9.0"/>
                </Word>
                <Word id="w_w2aab1b5b2c37b1b4b1" language="English" custom="readingOrder {index:9;}">
                    <Coords points="4251,4181 4271,4181 4271,4223 4251,4223"/>
                    <TextEquiv>
                        <Unicode>,</Unicode>
                    </TextEquiv>
                    <TextStyle fontFamily="Times New Roman" fontSize="9.0"/>
                </Word>
                <Word id="w_w2aab1b5b2c37b1b4b5" language="English" custom="readingOrder {index:10;}">
                    <Coords points="4348,4114 4537,4114 4537,4204 4348,4204"/>
                    <TextEquiv>
                        <Unicode>l'an</Unicode>
                    </TextEquiv>
                    <TextStyle fontFamily="Times New Roman" fontSize="9.0"/>
                </Word>
                <Word id="w_w2aab1b5b2c37b1b4c15" language="English" custom="readingOrder {index:11;}">
                    <Coords points="4591,4136 4617,4136 4617,4199 4591,4199"/>
                    <TextEquiv>
                        <Unicode>i</Unicode>
                    </TextEquiv>
                    <TextStyle fontFamily="Times New Roman" fontSize="9.0"/>
                </Word>
                <Word id="w_w2aab1b5b2c37b1b4c19" language="English" custom="readingOrder {index:12;}">
                    <Coords points="4666,4110 4785,4110 4785,4202 4666,4202"/>
                    <TextEquiv>
                        <Unicode>de</Unicode>
                    </TextEquiv>
                    <TextStyle fontFamily="Times New Roman" fontSize="9.0"/>
                </Word>
                <Word id="w_w2aab1b5b2c37b1b4c25" language="English" custom="readingOrder {index:13;}">
                    <Coords points="4854,4113 4943,4113 4943,4201 4854,4201"/>
                    <TextEquiv>
                        <Unicode>la</Unicode>
                    </TextEquiv>
                    <TextStyle fontFamily="Times New Roman" fontSize="9.0"/>
                </Word>
                <TextEquiv>
                    <Unicode>L. aut. sig. au ministre. Paris, 18 octobre 1792, l'an I de la</Unicode>
                </TextEquiv>
            </TextLine>
            <TextLine id="tl_26" primaryLanguage="English" custom="readingOrder {index:1;}">
                <Coords points="1417,4242 3134,4242 3134,4366 1417,4366"/>
                <Baseline points="1418,4348 1750,4341 1844,4340 2172,4338 2240,4333 2580,4332 3134,4324"/>
                <Word id="w_w2aab1b5b2c37b3ab1" language="English" custom="readingOrder {index:0;}">
                    <Coords points="1418,4255 1750,4255 1750,4366 1418,4366"/>
                    <TextEquiv>
                        <Unicode>répub.</Unicode>
                    </TextEquiv>
                    <TextStyle fontFamily="Times New Roman" fontSize="9.0"/>
                </Word>
                <Word id="w_w2aab1b5b2c37b3ac15" language="English" custom="readingOrder {index:1;}">
                    <Coords points="1793,4258 1844,4258 1844,4340 1793,4340"/>
                    <TextEquiv>
                        <Unicode>2</Unicode>
                    </TextEquiv>
                    <TextStyle fontFamily="Times New Roman" fontSize="9.0"/>
                </Word>
                <Word id="w_w2aab1b5b2c37b3ac19" language="English" custom="readingOrder {index:2;}">
                    <Coords points="1891,4272 2172,4272 2172,4363 1891,4363"/>
                    <TextEquiv>
                        <Unicode>pages</Unicode>
                    </TextEquiv>
                    <TextStyle fontFamily="Times New Roman" fontSize="9.0"/>
                </Word>
                <Word id="w_w2aab1b5b2c37b3ac31" language="English" custom="readingOrder {index:3;}">
                    <Coords points="2221,4250 2454,4250 2454,4336 2221,4336"/>
                    <TextEquiv>
                        <Unicode>in-4.</Unicode>
                    </TextEquiv>
                    <TextStyle fontFamily="Times New Roman" fontSize="9.0"/>
                </Word>
                <Word id="w_w2aab1b5b2c37b3b1b1" language="English" custom="readingOrder {index:4;}">
                    <Coords points="2513,4244 2774,4244 2774,4333 2513,4333"/>
                    <TextEquiv>
                        <Unicode>Belle</Unicode>
                    </TextEquiv>
                    <TextStyle fontFamily="Times New Roman" fontSize="9.0"/>
                </Word>
                <Word id="w_w2aab1b5b2c37b3b2b1" language="English" custom="readingOrder {index:5;}">
                    <Coords points="2817,4244 3134,4244 3134,4332 2817,4332"/>
                    <TextEquiv>
                        <Unicode>lettre.</Unicode>
                    </TextEquiv>
                    <TextStyle fontFamily="Times New Roman" fontSize="9.0"/>
                </Word>
                <TextEquiv>
                    <Unicode>répub. 2 pages in-4. Belle lettre.</Unicode>
                </TextEquiv>
            </TextLine>
            <TextEquiv>
                <Unicode>L. aut. sig. au ministre. Paris, 18 octobre 1792, l'an I de la
répub. 2 pages in-4. Belle lettre.</Unicode>
            </TextEquiv>
        </TextRegion>
        <TextRegion type="paragraph" id="r_3_20" custom="readingOrder {index:20;}">
            <Coords points="1412,4341 4955,4341 4955,4767 1412,4767"/>
            <TextLine id="tl_27" primaryLanguage="English" custom="readingOrder {index:0;}">
                <Coords points="1508,4342 4949,4342 4949,4468 1508,4468"/>
                <Baseline points="1508,4450 1577,4450 1687,4447 2407,4441 2551,4438 3146,4432 3408,4430 3930,4427 4300,4423 4684,4424 4948,4423"/>
                <Word id="w_w2aab1b5b2c39b1ab1" language="English" custom="readingOrder {index:0;}">
                    <Coords points="1508,4373 1577,4373 1577,4450 1508,4450"/>
                    <TextEquiv>
                        <Unicode>Il</Unicode>
                    </TextEquiv>
                    <TextStyle fontFamily="Times New Roman" fontSize="7.5" bold="true"/>
                </Word>
                <Word id="w_w2aab1b5b2c39b1ab7" language="English" custom="readingOrder {index:1;}">
                    <Coords points="1638,4368 2049,4368 2049,4465 1638,4465"/>
                    <TextEquiv>
                        <Unicode>demande</Unicode>
                    </TextEquiv>
                    <TextStyle fontFamily="Times New Roman" fontSize="7.5" bold="true"/>
                </Word>
                <Word id="w_w2aab1b5b2c39b1b1b1" language="English" custom="readingOrder {index:2;}">
                    <Coords points="2092,4365 2407,4365 2407,4464 2092,4464"/>
                    <TextEquiv>
                        <Unicode>justice</Unicode>
                    </TextEquiv>
                    <TextStyle fontFamily="Times New Roman" fontSize="7.5" bold="true"/>
                </Word>
                <Word id="w_w2aab1b5b2c39b1b1c17" language="English" custom="readingOrder {index:3;}">
                    <Coords points="2466,4371 2551,4371 2551,4438 2466,4438"/>
                    <TextEquiv>
                        <Unicode>et</Unicode>
                    </TextEquiv>
                    <TextStyle fontFamily="Times New Roman" fontSize="7.5" bold="true"/>
                </Word>
                <Word id="w_w2aab1b5b2c39b1b1c23" language="English" custom="readingOrder {index:4;}">
                    <Coords points="2588,4361 3146,4361 3146,4455 2588,4455"/>
                    <TextEquiv>
                        <Unicode>récompense</Unicode>
                    </TextEquiv>
                    <TextStyle fontFamily="Times New Roman" fontSize="7.5" bold="true"/>
                </Word>
                <Word id="w_w2aab1b5b2c39b1b1c45" language="English" custom="readingOrder {index:5;}">
                    <Coords points="3192,4374 3408,4374 3408,4453 3192,4453"/>
                    <TextEquiv>
                        <Unicode>pour</Unicode>
                    </TextEquiv>
                    <TextStyle fontFamily="Times New Roman" fontSize="7.5" bold="true"/>
                </Word>
                <Word id="w_w2aab1b5b2c39b1b1c55" language="English" custom="readingOrder {index:6;}">
                    <Coords points="3462,4351 3930,4351 3930,4453 3462,4453"/>
                    <TextEquiv>
                        <Unicode>l’adjudant</Unicode>
                    </TextEquiv>
                    <TextStyle fontFamily="Times New Roman" fontSize="7.5" bold="true"/>
                </Word>
                <Word id="w_w2aab1b5b2c39b1b1c77" language="English" custom="readingOrder {index:7;}">
                    <Coords points="3964,4346 4300,4346 4300,4451 3964,4451"/>
                    <TextEquiv>
                        <Unicode>général</Unicode>
                    </TextEquiv>
                    <TextStyle fontFamily="Times New Roman" fontSize="7.5" bold="true"/>
                </Word>
                <Word id="w_w2aab1b5b2c39b1b1c93" language="English" custom="readingOrder {index:8;}">
                    <Coords points="4374,4347 4772,4347 4772,4425 4374,4425"/>
                    <TextEquiv>
                        <Unicode>Cartaux.</Unicode>
                    </TextEquiv>
                    <TextStyle fontFamily="Times New Roman" fontSize="7.5" bold="true"/>
                </Word>
                <Word id="w_w2aab1b5b2c39b1b2b1" language="English" custom="readingOrder {index:9;}">
                    <Coords points="4840,4347 4948,4347 4948,4423 4840,4423"/>
                    <TextEquiv>
                        <Unicode>La</Unicode>
                    </TextEquiv>
                    <TextStyle fontFamily="Times New Roman" fontSize="7.5" bold="true"/>
                </Word>
                <TextEquiv>
                    <Unicode>Il demande justice et récompense pour l’adjudant général Cartaux. La</Unicode>
                </TextEquiv>
            </TextLine>
            <TextLine id="tl_28" primaryLanguage="English" custom="readingOrder {index:1;}">
                <Coords points="1413,4440 4947,4440 4947,4569 1413,4569"/>
                <Baseline points="1413,4551 1815,4544 2053,4543 2119,4540 2529,4536 2915,4541 3169,4532 3281,4531 3351,4553 3829,4528 3921,4527 4079,4528 4427,4522 4747,4522 4947,4521"/>
                <Word id="w_w2aab1b5b2c39b3ab1" language="English" custom="readingOrder {index:0;}">
                    <Coords points="1413,4467 1815,4467 1815,4551 1413,4551"/>
                    <TextEquiv>
                        <Unicode>conduite</Unicode>
                    </TextEquiv>
                    <TextStyle fontFamily="Times New Roman" fontSize="7.5" bold="true"/>
                </Word>
                <Word id="w_w2aab1b5b2c39b3ac19" language="English" custom="readingOrder {index:1;}">
                    <Coords points="1861,4465 2053,4465 2053,4566 1861,4566"/>
                    <TextEquiv>
                        <Unicode>qu’a</Unicode>
                    </TextEquiv>
                    <TextStyle fontFamily="Times New Roman" fontSize="7.5" bold="true"/>
                </Word>
                <Word id="w_w2aab1b5b2c39b3ac29" language="English" custom="readingOrder {index:2;}">
                    <Coords points="2097,4476 2349,4476 2349,4541 2097,4541"/>
                    <TextEquiv>
                        <Unicode>tenue</Unicode>
                    </TextEquiv>
                    <TextStyle fontFamily="Times New Roman" fontSize="7.5" bold="true"/>
                </Word>
                <Word id="w_w2aab1b5b2c39b3b1b1" language="English" custom="readingOrder {index:3;}">
                    <Coords points="2389,4470 2529,4470 2529,4540 2389,4540"/>
                    <TextEquiv>
                        <Unicode>cet</Unicode>
                    </TextEquiv>
                    <TextStyle fontFamily="Times New Roman" fontSize="7.5" bold="true"/>
                </Word>
                <Word id="w_w2aab1b5b2c39b3b1b9" language="English" custom="readingOrder {index:4;}">
                    <Coords points="2567,4458 2915,4458 2915,4541 2567,4541"/>
                    <TextEquiv>
                        <Unicode>officier,</Unicode>
                    </TextEquiv>
                    <TextStyle fontFamily="Times New Roman" fontSize="7.5" bold="true"/>
                </Word>
                <Word id="w_w2aab1b5b2c39b3b1c29" language="English" custom="readingOrder {index:5;}">
                    <Coords points="2959,4455 3169,4455 3169,4534 2959,4534"/>
                    <TextEquiv>
                        <Unicode>dans</Unicode>
                    </TextEquiv>
                    <TextStyle fontFamily="Times New Roman" fontSize="7.5" bold="true"/>
                </Word>
                <Word id="w_w2aab1b5b2c39b3b1c39" language="English" custom="readingOrder {index:6;}">
                    <Coords points="3209,4455 3281,4455 3281,4531 3209,4531"/>
                    <TextEquiv>
                        <Unicode>la</Unicode>
                    </TextEquiv>
                    <TextStyle fontFamily="Times New Roman" fontSize="7.5" bold="true"/>
                </Word>
                <Word id="w_w2aab1b5b2c39b3b1c45" language="English" custom="readingOrder {index:7;}">
                    <Coords points="3321,4454 3681,4454 3681,4553 3321,4553"/>
                    <TextEquiv>
                        <Unicode>journée</Unicode>
                    </TextEquiv>
                    <TextStyle fontFamily="Times New Roman" fontSize="7.5" bold="true"/>
                </Word>
                <Word id="w_w2aab1b5b2c39b3b2b1" language="English" custom="readingOrder {index:8;}">
                    <Coords points="3717,4454 3829,4454 3829,4528 3717,4528"/>
                    <TextEquiv>
                        <Unicode>du</Unicode>
                    </TextEquiv>
                    <TextStyle fontFamily="Times New Roman" fontSize="7.5" bold="true"/>
                </Word>
                <Word id="w_w2aab1b5b2c39b3b2b7" language="English" custom="readingOrder {index:9;}">
                    <Coords points="3895,4462 3983,4462 3983,4528 3895,4528"/>
                    <TextEquiv>
                        <Unicode>10</Unicode>
                    </TextEquiv>
                    <TextStyle fontFamily="Times New Roman" fontSize="7.5" bold="true"/>
                </Word>
                <Word id="w_w2aab1b5b2c39b3b3b1" language="English" custom="readingOrder {index:10;}">
                    <Coords points="4035,4444 4267,4444 4267,4537 4035,4537"/>
                    <TextEquiv>
                        <Unicode>août,</Unicode>
                    </TextEquiv>
                    <TextStyle fontFamily="Times New Roman" fontSize="7.5" bold="true"/>
                </Word>
                <Word id="w_w2aab1b5b2c39b3b4b1" language="English" custom="readingOrder {index:11;}">
                    <Coords points="4315,4444 4427,4444 4427,4524 4315,4524"/>
                    <TextEquiv>
                        <Unicode>lui</Unicode>
                    </TextEquiv>
                    <TextStyle fontFamily="Times New Roman" fontSize="7.5" bold="true"/>
                </Word>
                <Word id="w_w2aab1b5b2c39b3b4b9" language="English" custom="readingOrder {index:12;}">
                    <Coords points="4467,4443 4747,4443 4747,4523 4467,4523"/>
                    <TextEquiv>
                        <Unicode>donne</Unicode>
                    </TextEquiv>
                    <TextStyle fontFamily="Times New Roman" fontSize="7.5" bold="true"/>
                </Word>
                <Word id="w_w2aab1b5b2c39b3b4c21" language="English" custom="readingOrder {index:13;}">
                    <Coords points="4783,4441 4947,4441 4947,4521 4783,4521"/>
                    <TextEquiv>
                        <Unicode>lieu</Unicode>
                    </TextEquiv>
                    <TextStyle fontFamily="Times New Roman" fontSize="7.5" bold="true"/>
                </Word>
                <TextEquiv>
                    <Unicode>conduite qu’a tenue cet officier, dans la journée du 10 août, lui donne lieu</Unicode>
                </TextEquiv>
            </TextLine>
            <TextLine id="tl_29" primaryLanguage="English" custom="readingOrder {index:2;}">
                <Coords points="1413,4540 4954,4540 4954,4671 1413,4671"/>
                <Baseline points="1413,4649 1514,4650 1856,4642 2108,4638 2332,4639 2566,4634 2788,4632 2906,4631 3548,4627 4024,4628 4080,4624 4228,4647 4522,4623 4954,4597"/>
                <Word id="w_w2aab1b5b2c39b5ab1" language="English" custom="readingOrder {index:0;}">
                    <Coords points="1413,4570 1514,4570 1514,4650 1413,4650"/>
                    <TextEquiv>
                        <Unicode>de</Unicode>
                    </TextEquiv>
                    <TextStyle fontFamily="Times New Roman" fontSize="7.5" bold="true"/>
                </Word>
                <Word id="w_w2aab1b5b2c39b5ab7" language="English" custom="readingOrder {index:1;}">
                    <Coords points="1553,4588 1856,4588 1856,4670 1553,4670"/>
                    <TextEquiv>
                        <Unicode>penser</Unicode>
                    </TextEquiv>
                    <TextStyle fontFamily="Times New Roman" fontSize="7.5" bold="true"/>
                </Word>
                <Word id="w_w2aab1b5b2c39b5ac21" language="English" custom="readingOrder {index:2;}">
                    <Coords points="1901,4562 2108,4562 2108,4663 1901,4663"/>
                    <TextEquiv>
                        <Unicode>qu’il</Unicode>
                    </TextEquiv>
                    <TextStyle fontFamily="Times New Roman" fontSize="7.5" bold="true"/>
                </Word>
                <Word id="w_w2aab1b5b2c39b5ac33" language="English" custom="readingOrder {index:3;}">
                    <Coords points="2151,4563 2332,4563 2332,4640 2151,4640"/>
                    <TextEquiv>
                        <Unicode>doit</Unicode>
                    </TextEquiv>
                    <TextStyle fontFamily="Times New Roman" fontSize="7.5" bold="true"/>
                </Word>
                <Word id="w_w2aab1b5b2c39b5ac43" language="English" custom="readingOrder {index:4;}">
                    <Coords points="2365,4557 2704,4557 2704,4639 2365,4639"/>
                    <TextEquiv>
                        <Unicode>obtenir</Unicode>
                    </TextEquiv>
                    <TextStyle fontFamily="Times New Roman" fontSize="7.5" bold="true"/>
                </Word>
                <Word id="w_w2aab1b5b2c39b5b1b1" language="English" custom="readingOrder {index:5;}">
                    <Coords points="2737,4553 2844,4553 2844,4632 2737,4632"/>
                    <TextEquiv>
                        <Unicode>de</Unicode>
                    </TextEquiv>
                    <TextStyle fontFamily="Times New Roman" fontSize="7.5" bold="true"/>
                </Word>
                <Word id="w_w2aab1b5b2c39b5b2b1" language="English" custom="readingOrder {index:6;}">
                    <Coords points="2885,4553 2962,4553 2962,4631 2885,4631"/>
                    <TextEquiv>
                        <Unicode>la</Unicode>
                    </TextEquiv>
                    <TextStyle fontFamily="Times New Roman" fontSize="7.5" bold="true"/>
                </Word>
                <Word id="w_w2aab1b5b2c39b5b3b1" language="English" custom="readingOrder {index:7;}">
                    <Coords points="3015,4550 3548,4550 3548,4632 3015,4632"/>
                    <TextEquiv>
                        <Unicode>Convention</Unicode>
                    </TextEquiv>
                    <TextStyle fontFamily="Times New Roman" fontSize="7.5" bold="true"/>
                </Word>
                <Word id="w_w2aab1b5b2c39b5b3c23" language="English" custom="readingOrder {index:8;}">
                    <Coords points="3589,4549 4024,4549 4024,4629 3589,4629"/>
                    <TextEquiv>
                        <Unicode>nationale</Unicode>
                    </TextEquiv>
                    <TextStyle fontFamily="Times New Roman" fontSize="7.5" bold="true"/>
                </Word>
                <Word id="w_w2aab1b5b2c39b5b3c43" language="English" custom="readingOrder {index:9;}">
                    <Coords points="4061,4546 4134,4546 4134,4647 4061,4647"/>
                    <TextEquiv>
                        <Unicode>le</Unicode>
                    </TextEquiv>
                    <TextStyle fontFamily="Times New Roman" fontSize="7.5" bold="true"/>
                </Word>
                <Word id="w_w2aab1b5b2c39b5b4b1" language="English" custom="readingOrder {index:10;}">
                    <Coords points="4179,4544 4362,4544 4362,4647 4179,4647"/>
                    <TextEquiv>
                        <Unicode>prix</Unicode>
                    </TextEquiv>
                    <TextStyle fontFamily="Times New Roman" fontSize="7.5" bold="true"/>
                </Word>
                <Word id="w_w2aab1b5b2c39b5b5b1" language="English" custom="readingOrder {index:11;}">
                    <Coords points="4417,4543 4522,4543 4522,4623 4417,4623"/>
                    <TextEquiv>
                        <Unicode>de</Unicode>
                    </TextEquiv>
                    <TextStyle fontFamily="Times New Roman" fontSize="7.5" bold="true"/>
                </Word>
                <Word id="w_w2aab1b5b2c39b5b5b7" language="English" custom="readingOrder {index:12;}">
                    <Coords points="4571,4543 4954,4543 4954,4644 4571,4644"/>
                    <TextEquiv>
                        <Unicode>l’impor¬</Unicode>
                    </TextEquiv>
                    <TextStyle fontFamily="Times New Roman" fontSize="7.5" bold="true"/>
                </Word>
                <TextEquiv>
                    <Unicode>de penser qu’il doit obtenir de la Convention nationale le prix de l’impor¬</Unicode>
                </TextEquiv>
            </TextLine>
            <TextLine id="tl_30" primaryLanguage="English" custom="readingOrder {index:3;}">
                <Coords points="1424,4645 3850,4645 3850,4766 1424,4766"/>
                <Baseline points="1424,4746 1448,4746 1700,4747 2180,4688 2328,4739 2518,4736 2724,4733 2786,4732 3144,4730 3638,4747 3850,4725"/>
                <Word id="w_w2aab1b5b2c39b7ab1" language="English" custom="readingOrder {index:0;}">
                    <Coords points="1424,4679 1610,4679 1610,4748 1424,4748"/>
                    <TextEquiv>
                        <Unicode>tant</Unicode>
                    </TextEquiv>
                    <TextStyle fontFamily="Times New Roman" fontSize="7.5" bold="true"/>
                </Word>
                <Word id="w_w2aab1b5b2c39b7b1b1" language="English" custom="readingOrder {index:1;}">
                    <Coords points="1660,4664 1992,4664 1992,4763 1660,4763"/>
                    <TextEquiv>
                        <Unicode>service</Unicode>
                    </TextEquiv>
                    <TextStyle fontFamily="Times New Roman" fontSize="7.5" bold="true"/>
                </Word>
                <Word id="w_w2aab1b5b2c39b7b2b1" language="English" custom="readingOrder {index:2;}">
                    <Coords points="2044,4659 2244,4659 2244,4763 2044,4763"/>
                    <TextEquiv>
                        <Unicode>qu’il</Unicode>
                    </TextEquiv>
                    <TextStyle fontFamily="Times New Roman" fontSize="7.5" bold="true"/>
                </Word>
                <Word id="w_w2aab1b5b2c39b7b3b1" language="English" custom="readingOrder {index:3;}">
                    <Coords points="2280,4681 2328,4681 2328,4739 2280,4739"/>
                    <TextEquiv>
                        <Unicode>a</Unicode>
                    </TextEquiv>
                    <TextStyle fontFamily="Times New Roman" fontSize="7.5" bold="true"/>
                </Word>
                <Word id="w_w2aab1b5b2c39b7b4b1" language="English" custom="readingOrder {index:4;}">
                    <Coords points="2372,4653 2638,4653 2638,4738 2372,4738"/>
                    <TextEquiv>
                        <Unicode>rendu</Unicode>
                    </TextEquiv>
                    <TextStyle fontFamily="Times New Roman" fontSize="7.5" bold="true"/>
                </Word>
                <Word id="w_w2aab1b5b2c39b7b5b1" language="English" custom="readingOrder {index:5;}">
                    <Coords points="2676,4652 2724,4652 2724,4733 2676,4733"/>
                    <TextEquiv>
                        <Unicode>à</Unicode>
                    </TextEquiv>
                    <TextStyle fontFamily="Times New Roman" fontSize="7.5" bold="true"/>
                </Word>
                <Word id="w_w2aab1b5b2c39b7b6b1" language="English" custom="readingOrder {index:6;}">
                    <Coords points="2764,4654 2836,4654 2836,4734 2764,4734"/>
                    <TextEquiv>
                        <Unicode>la</Unicode>
                    </TextEquiv>
                    <TextStyle fontFamily="Times New Roman" fontSize="7.5" bold="true"/>
                </Word>
                <Word id="w_w2aab1b5b2c39b7b7b1" language="English" custom="readingOrder {index:7;}">
                    <Coords points="2882,4653 3144,4653 3144,4733 2882,4733"/>
                    <TextEquiv>
                        <Unicode>chose</Unicode>
                    </TextEquiv>
                    <TextStyle fontFamily="Times New Roman" fontSize="7.5" bold="true"/>
                </Word>
                <Word id="w_w2aab1b5b2c39b7b7c13" language="English" custom="readingOrder {index:8;}">
                    <Coords points="3198,4648 3638,4648 3638,4751 3198,4751"/>
                    <TextEquiv>
                        <Unicode>publique,</Unicode>
                    </TextEquiv>
                    <TextStyle fontFamily="Times New Roman" fontSize="7.5" bold="true"/>
                </Word>
                <Word id="w_w2aab1b5b2c39b7b7c33" language="English" custom="readingOrder {index:9;}">
                    <Coords points="3682,4660 3850,4660 3850,4728 3682,4728"/>
                    <TextEquiv>
                        <Unicode>etc.</Unicode>
                    </TextEquiv>
                    <TextStyle fontFamily="Times New Roman" fontSize="7.5" bold="true"/>
                </Word>
                <TextEquiv>
                    <Unicode>tant service qu’il a rendu à la chose publique, etc.</Unicode>
                </TextEquiv>
            </TextLine>
            <TextEquiv>
                <Unicode>Il demande justice et récompense pour l’adjudant général Cartaux. La
conduite qu’a tenue cet officier, dans la journée du 10 août, lui donne lieu
de penser qu’il doit obtenir de la Convention nationale le prix de l’impor¬
tant service qu’il a rendu à la chose publique, etc.</Unicode>
            </TextEquiv>
        </TextRegion>
        <TextRegion type="paragraph" id="r_3_21" custom="readingOrder {index:21;}">
            <Coords points="1184,4812 3595,4812 3595,4973 1184,4973"/>
            <TextLine id="tl_31" primaryLanguage="English" custom="readingOrder {index:0;}">
                <Coords points="1185,4813 3594,4813 3594,4972 1185,4972"/>
                <Baseline points="1185,4946 1296,4947 2170,4935 2992,4961 3118,4926 3594,4923"/>
                <Word id="w_w2aab1b5b2c41b1ab1" language="English" custom="readingOrder {index:0;}">
                    <Coords points="1185,4846 1296,4846 1296,4947 1185,4947"/>
                    <TextEquiv>
                        <Unicode>8.</Unicode>
                    </TextEquiv>
                    <TextStyle fontFamily="Times New Roman" fontSize="10.5" bold="true"/>
                </Word>
                <Word id="w_w2aab1b5b2c41b1ab7" language="English" custom="readingOrder {index:1;}">
                    <Coords points="1391,4826 2170,4826 2170,4941 1391,4941"/>
                    <TextEquiv>
                        <Unicode>AMIRAUX</Unicode>
                    </TextEquiv>
                    <TextStyle fontFamily="Times New Roman" fontSize="10.5" bold="true"/>
                </Word>
                <Word id="w_w2aab1b5b2c41b1ac23" language="English" custom="readingOrder {index:2;}">
                    <Coords points="2215,4819 2992,4819 2992,4961 2215,4961"/>
                    <TextEquiv>
                        <Unicode>ANGLAIS,</Unicode>
                    </TextEquiv>
                    <TextStyle fontFamily="Times New Roman" fontSize="10.5" bold="true"/>
                </Word>
                <Word id="w_w2aab1b5b2c41b1ac41" language="English" custom="readingOrder {index:3;}">
                    <Coords points="3049,4826 3118,4826 3118,4926 3049,4926"/>
                    <TextEquiv>
                        <Unicode>2</Unicode>
                    </TextEquiv>
                    <TextStyle fontFamily="Times New Roman" fontSize="10.5" bold="true"/>
                </Word>
                <Word id="w_w2aab1b5b2c41b1ac45" language="English" custom="readingOrder {index:4;}">
                    <Coords points="3175,4825 3594,4825 3594,4929 3175,4929"/>
                    <TextEquiv>
                        <Unicode>lettres.</Unicode>
                    </TextEquiv>
                    <TextStyle fontFamily="Times New Roman" fontSize="10.5" bold="true"/>
                </Word>
                <TextEquiv>
                    <Unicode>8. AMIRAUX ANGLAIS, 2 lettres.</Unicode>
                </TextEquiv>
                <TextStyle fontFamily="Times New Roman" fontSize="10.5" bold="true"/>
            </TextLine>
            <TextEquiv>
                <Unicode>8. AMIRAUX ANGLAIS, 2 lettres.</Unicode>
            </TextEquiv>
        </TextRegion>
        <TextRegion type="paragraph" id="r_3_22" custom="readingOrder {index:22;}">
            <Coords points="1539,4957 4714,4957 4714,5099 1539,5099"/>
            <TextLine id="tl_32" primaryLanguage="English" custom="readingOrder {index:0;}">
                <Coords points="1540,4958 4713,4958 4713,5098 1540,5098"/>
                <Baseline points="1540,5074 2034,5069 2271,5093 2374,5063 2621,5083 2824,5060 2922,5061 3302,5059 3387,5080 4052,5052 4138,5052 4242,5073 4712,5048"/>
                <Word id="w_w2aab1b5b2c43b1ab1" language="English" custom="readingOrder {index:0;}">
                    <Coords points="1540,4977 2200,4977 2200,5094 1540,5094"/>
                    <TextEquiv>
                        <Unicode>COCHRANE</Unicode>
                    </TextEquiv>
                    <TextStyle fontFamily="Times New Roman" fontSize="9.0"/>
                </Word>
                <Word id="w_w2aab1b5b2c43b1b1b1" language="English" custom="readingOrder {index:1;}">
                    <Coords points="2244,4977 2271,4977 2271,5093 2244,5093"/>
                    <TextEquiv>
                        <Unicode>(</Unicode>
                    </TextEquiv>
                    <TextStyle fontFamily="Times New Roman" fontSize="9.0"/>
                </Word>
                <Word id="w_w2aab1b5b2c43b1b2b1" language="English" custom="readingOrder {index:2;}">
                    <Coords points="2312,4973 2542,4973 2542,5083 2312,5083"/>
                    <TextEquiv>
                        <Unicode>Lord</Unicode>
                    </TextEquiv>
                    <TextStyle fontFamily="Times New Roman" fontSize="9.0"/>
                </Word>
                <Word id="w_w2aab1b5b2c43b1b3b1" language="English" custom="readingOrder {index:3;}">
                    <Coords points="2590,4973 2660,4973 2660,5083 2590,5083"/>
                    <TextEquiv>
                        <Unicode>).</Unicode>
                    </TextEquiv>
                    <TextStyle fontFamily="Times New Roman" fontSize="9.0"/>
                </Word>
                <Word id="w_w2aab1b5b2c43b1b4b1" language="English" custom="readingOrder {index:4;}">
                    <Coords points="2724,4980 2824,4980 2824,5062 2724,5062"/>
                    <TextEquiv>
                        <Unicode>L.</Unicode>
                    </TextEquiv>
                    <TextStyle fontFamily="Times New Roman" fontSize="9.0"/>
                </Word>
                <Word id="w_w2aab1b5b2c43b1b4b7" language="English" custom="readingOrder {index:5;}">
                    <Coords points="2874,4976 3076,4976 3076,5061 2874,5061"/>
                    <TextEquiv>
                        <Unicode>aut.</Unicode>
                    </TextEquiv>
                    <TextStyle fontFamily="Times New Roman" fontSize="9.0"/>
                </Word>
                <Word id="w_w2aab1b5b2c43b1b5b1" language="English" custom="readingOrder {index:6;}">
                    <Coords points="3128,4969 3302,4969 3302,5083 3128,5083"/>
                    <TextEquiv>
                        <Unicode>sig.</Unicode>
                    </TextEquiv>
                    <TextStyle fontFamily="Times New Roman" fontSize="9.0"/>
                </Word>
                <Word id="w_w2aab1b5b2c43b1b5c11" language="English" custom="readingOrder {index:7;}">
                    <Coords points="3356,4966 3538,4966 3538,5080 3356,5080"/>
                    <TextEquiv>
                        <Unicode>(en</Unicode>
                    </TextEquiv>
                    <TextStyle fontFamily="Times New Roman" fontSize="9.0"/>
                </Word>
                <Word id="w_w2aab1b5b2c43b1b6b1" language="English" custom="readingOrder {index:8;}">
                    <Coords points="3596,4962 4052,4962 4052,5078 3596,5078"/>
                    <TextEquiv>
                        <Unicode>anglais).</Unicode>
                    </TextEquiv>
                    <TextStyle fontFamily="Times New Roman" fontSize="9.0"/>
                </Word>
                <Word id="w_w2aab1b5b2c43b1b6c21" language="English" custom="readingOrder {index:9;}">
                    <Coords points="4110,4973 4138,4973 4138,5052 4110,5052"/>
                    <TextEquiv>
                        <Unicode>1</Unicode>
                    </TextEquiv>
                    <TextStyle fontFamily="Times New Roman" fontSize="9.0"/>
                </Word>
                <Word id="w_w2aab1b5b2c43b1b6c25" language="English" custom="readingOrder {index:10;}">
                    <Coords points="4190,4963 4418,4963 4418,5076 4190,5076"/>
                    <TextEquiv>
                        <Unicode>page</Unicode>
                    </TextEquiv>
                    <TextStyle fontFamily="Times New Roman" fontSize="9.0"/>
                </Word>
                <Word id="w_w2aab1b5b2c43b1b7b1" language="English" custom="readingOrder {index:11;}">
                    <Coords points="4472,4962 4712,4962 4712,5049 4472,5049"/>
                    <TextEquiv>
                        <Unicode>in-4.</Unicode>
                    </TextEquiv>
                    <TextStyle fontFamily="Times New Roman" fontSize="9.0"/>
                </Word>
                <TextEquiv>
                    <Unicode>COCHRANE ( Lord ). L. aut. sig. (en anglais). 1 page in-4.</Unicode>
                </TextEquiv>
            </TextLine>
            <TextEquiv>
                <Unicode>COCHRANE ( Lord ). L. aut. sig. (en anglais). 1 page in-4.</Unicode>
            </TextEquiv>
        </TextRegion>
        <TextRegion type="paragraph" id="r_3_23" custom="readingOrder {index:23;}">
            <Coords points="1424,5075 4948,5075 4948,5339 1424,5339"/>
            <TextLine id="tl_33" primaryLanguage="English" custom="readingOrder {index:0;}">
                <Coords points="1549,5076 4947,5076 4947,5214 1549,5214"/>
                <Baseline points="1549,5192 1927,5188 2027,5195 2901,5206 2969,5205 3123,5182 3417,5176 3551,5177 3751,5176 3883,5177 4737,5168 4947,5165"/>
                <Word id="w_w2aab1b5b2c45b1ab1" language="English" custom="readingOrder {index:0;}">
                    <Coords points="1549,5105 1927,5105 1927,5192 1549,5192"/>
                    <TextEquiv>
                        <Unicode>SMITH</Unicode>
                    </TextEquiv>
                    <TextStyle fontFamily="Times New Roman" fontSize="9.0"/>
                </Word>
                <Word id="w_w2aab1b5b2c45b1ac13" language="English" custom="readingOrder {index:1;}">
                    <Coords points="2001,5096 2493,5096 2493,5195 2001,5195"/>
                    <TextEquiv>
                        <Unicode>(SirWill.</Unicode>
                    </TextEquiv>
                    <TextStyle fontFamily="Times New Roman" fontSize="9.0"/>
                </Word>
                <Word id="w_w2aab1b5b2c45b1b1b1" language="English" custom="readingOrder {index:2;}">
                    <Coords points="2547,5094 2901,5094 2901,5206 2547,5206"/>
                    <TextEquiv>
                        <Unicode>Sidney</Unicode>
                    </TextEquiv>
                    <TextStyle fontFamily="Times New Roman" fontSize="9.0"/>
                </Word>
                <Word id="w_w2aab1b5b2c45b1b1c15" language="English" custom="readingOrder {index:3;}">
                    <Coords points="2941,5100 3001,5100 3001,5205 2941,5205"/>
                    <TextEquiv>
                        <Unicode>).</Unicode>
                    </TextEquiv>
                    <TextStyle fontFamily="Times New Roman" fontSize="9.0"/>
                </Word>
                <Word id="w_w2aab1b5b2c45b1b2b1" language="English" custom="readingOrder {index:4;}">
                    <Coords points="3059,5100 3159,5100 3159,5182 3059,5182"/>
                    <TextEquiv>
                        <Unicode>L.</Unicode>
                    </TextEquiv>
                    <TextStyle fontFamily="Times New Roman" fontSize="9.0"/>
                </Word>
                <Word id="w_w2aab1b5b2c45b1b3b1" language="English" custom="readingOrder {index:5;}">
                    <Coords points="3217,5098 3417,5098 3417,5179 3217,5179"/>
                    <TextEquiv>
                        <Unicode>aut.</Unicode>
                    </TextEquiv>
                    <TextStyle fontFamily="Times New Roman" fontSize="9.0"/>
                </Word>
                <Word id="w_w2aab1b5b2c45b1b3c11" language="English" custom="readingOrder {index:6;}">
                    <Coords points="3501,5085 3551,5085 3551,5177 3501,5177"/>
                    <TextEquiv>
                        <Unicode>à</Unicode>
                    </TextEquiv>
                    <TextStyle fontFamily="Times New Roman" fontSize="9.0"/>
                </Word>
                <Word id="w_w2aab1b5b2c45b1b4b1" language="English" custom="readingOrder {index:7;}">
                    <Coords points="3633,5092 3751,5092 3751,5176 3633,5176"/>
                    <TextEquiv>
                        <Unicode>M.</Unicode>
                    </TextEquiv>
                    <TextStyle fontFamily="Times New Roman" fontSize="9.0"/>
                </Word>
                <Word id="w_w2aab1b5b2c45b1b4b7" language="English" custom="readingOrder {index:8;}">
                    <Coords points="3825,5087 3941,5087 3941,5177 3825,5177"/>
                    <TextEquiv>
                        <Unicode>de</Unicode>
                    </TextEquiv>
                    <TextStyle fontFamily="Times New Roman" fontSize="9.0"/>
                </Word>
                <Word id="w_w2aab1b5b2c45b1b5b1" language="English" custom="readingOrder {index:9;}">
                    <Coords points="3995,5090 4737,5090 4737,5194 3995,5194"/>
                    <TextEquiv>
                        <Unicode>Montmorency.</Unicode>
                    </TextEquiv>
                    <TextStyle fontFamily="Times New Roman" fontSize="9.0"/>
                </Word>
                <Word id="w_w2aab1b5b2c45b1b5c27" language="English" custom="readingOrder {index:10;}">
                    <Coords points="4831,5080 4947,5080 4947,5171 4831,5171"/>
                    <TextEquiv>
                        <Unicode>15</Unicode>
                    </TextEquiv>
                    <TextStyle fontFamily="Times New Roman" fontSize="9.0"/>
                </Word>
                <TextEquiv>
                    <Unicode>SMITH (SirWill. Sidney ). L. aut. à M. de Montmorency. 15</Unicode>
                </TextEquiv>
            </TextLine>
            <TextLine id="tl_34" primaryLanguage="English" custom="readingOrder {index:1;}">
                <Coords points="1425,5216 2810,5216 2810,5338 1425,5338"/>
                <Baseline points="1425,5336 1810,5312 2132,5310 2228,5304 2336,5333 2810,5304"/>
                <Word id="w_w2aab1b5b2c45b3ab1" language="English" custom="readingOrder {index:0;}">
                    <Coords points="1425,5225 1810,5225 1810,5336 1425,5336"/>
                    <TextEquiv>
                        <Unicode>janvier</Unicode>
                    </TextEquiv>
                    <TextStyle fontFamily="Times New Roman" fontSize="9.0"/>
                </Word>
                <Word id="w_w2aab1b5b2c45b3ac17" language="English" custom="readingOrder {index:1;}">
                    <Coords points="1867,5221 2132,5221 2132,5311 1867,5311"/>
                    <TextEquiv>
                        <Unicode>1822.</Unicode>
                    </TextEquiv>
                    <TextStyle fontFamily="Times New Roman" fontSize="9.0"/>
                </Word>
                <Word id="w_w2aab1b5b2c45b3ac29" language="English" custom="readingOrder {index:2;}">
                    <Coords points="2183,5219 2228,5219 2228,5304 2183,5304"/>
                    <TextEquiv>
                        <Unicode>4</Unicode>
                    </TextEquiv>
                    <TextStyle fontFamily="Times New Roman" fontSize="9.0"/>
                </Word>
                <Word id="w_w2aab1b5b2c45b3ac33" language="English" custom="readingOrder {index:3;}">
                    <Coords points="2280,5217 2514,5217 2514,5333 2280,5333"/>
                    <TextEquiv>
                        <Unicode>page</Unicode>
                    </TextEquiv>
                    <TextStyle fontFamily="Times New Roman" fontSize="9.0"/>
                </Word>
                <Word id="w_w2aab1b5b2c45b3b1b1" language="English" custom="readingOrder {index:4;}">
                    <Coords points="2561,5217 2810,5217 2810,5305 2561,5305"/>
                    <TextEquiv>
                        <Unicode>in-4.</Unicode>
                    </TextEquiv>
                    <TextStyle fontFamily="Times New Roman" fontSize="9.0"/>
                </Word>
                <TextEquiv>
                    <Unicode>janvier 1822. 4 page in-4.</Unicode>
                </TextEquiv>
            </TextLine>
            <TextEquiv>
                <Unicode>SMITH (SirWill. Sidney ). L. aut. à M. de Montmorency. 15
janvier 1822. 4 page in-4.</Unicode>
            </TextEquiv>
        </TextRegion>
        <TextRegion type="paragraph" id="r_3_24" custom="readingOrder {index:24;}">
            <Coords points="1203,5363 4954,5363 4954,5529 1203,5529"/>
            <TextLine id="tl_35" primaryLanguage="English" custom="readingOrder {index:0;}">
                <Coords points="1204,5364 4953,5364 4953,5528 1204,5528"/>
                <Baseline points="1205,5510 1309,5505 2257,5496 3887,5481 4149,5506 4953,5491"/>
                <Word id="w_w2aab1b5b2c47b1ab1" language="English" custom="readingOrder {index:0;}">
                    <Coords points="1205,5411 1309,5411 1309,5510 1205,5510"/>
                    <TextEquiv>
                        <Unicode>9.</Unicode>
                    </TextEquiv>
                    <TextStyle fontFamily="Times New Roman" fontSize="10.5" bold="true"/>
                </Word>
                <Word id="w_w2aab1b5b2c47b1ab7" language="English" custom="readingOrder {index:1;}">
                    <Coords points="1401,5383 2257,5383 2257,5503 1401,5503"/>
                    <TextEquiv>
                        <Unicode>AXDRIEUX</Unicode>
                    </TextEquiv>
                    <TextStyle fontFamily="Times New Roman" fontSize="10.5" bold="true"/>
                </Word>
                <Word id="w_w2aab1b5b2c47b1ac25" language="English" custom="readingOrder {index:2;}">
                    <Coords points="2373,5373 4075,5373 4075,5518 2373,5518"/>
                    <TextEquiv>
                        <Unicode>(Franç.-Guill.-Jcan-Stan.</Unicode>
                    </TextEquiv>
                    <TextStyle fontFamily="Times New Roman" fontSize="10.5" bold="true"/>
                </Word>
                <Word id="w_w2aab1b5b2c47b1b1b1" language="English" custom="readingOrder {index:3;}">
                    <Coords points="4114,5374 4195,5374 4195,5506 4114,5506"/>
                    <TextEquiv>
                        <Unicode>),</Unicode>
                    </TextEquiv>
                    <TextStyle fontFamily="Times New Roman" fontSize="10.5" bold="true"/>
                </Word>
                <Word id="w_w2aab1b5b2c47b1b2b1" language="English" custom="readingOrder {index:4;}">
                    <Coords points="4300,5374 4953,5374 4953,5491 4300,5491"/>
                    <TextEquiv>
                        <Unicode>littérateur,</Unicode>
                    </TextEquiv>
                    <TextStyle fontFamily="Times New Roman" fontSize="10.5" bold="true"/>
                </Word>
                <TextEquiv>
                    <Unicode>9. ANDRIEUX (Franç.-Guill.-Jean-Stan. ), littérateur,</Unicode>
                </TextEquiv>
            </TextLine>
            <TextEquiv>
                <Unicode>9. ANDRIEUX (Franç.-Guill.-Jean-Stan. ), littérateur,</Unicode>
            </TextEquiv>
        </TextRegion>
        <TextRegion type="paragraph" id="r_3_25" custom="readingOrder {index:25;}">
            <Coords points="1598,5517 4957,5517 4957,5676 1598,5676"/>
            <TextLine id="tl_36" primaryLanguage="English" custom="readingOrder {index:0;}">
                <Coords points="1599,5518 4956,5518 4956,5675 1599,5675"/>
                <Baseline points="1600,5651 2096,5651 2290,5649 2412,5647 3130,5640 3920,5625 4320,5622 4542,5625 4956,5627"/>
                <Word id="w_w2aab1b5b2c49b1ab1" language="English" custom="readingOrder {index:0;}">
                    <Coords points="1600,5543 2096,5543 2096,5651 1600,5651"/>
                    <TextEquiv>
                        <Unicode>membre</Unicode>
                    </TextEquiv>
                    <TextStyle fontFamily="Times New Roman" fontSize="10.5" bold="true"/>
                </Word>
                <Word id="w_w2aab1b5b2c49b1ac15" language="English" custom="readingOrder {index:1;}">
                    <Coords points="2151,5542 2290,5542 2290,5649 2151,5649"/>
                    <TextEquiv>
                        <Unicode>de</Unicode>
                    </TextEquiv>
                    <TextStyle fontFamily="Times New Roman" fontSize="10.5" bold="true"/>
                </Word>
                <Word id="w_w2aab1b5b2c49b1ac21" language="English" custom="readingOrder {index:2;}">
                    <Coords points="2345,5536 3026,5536 3026,5647 2345,5647"/>
                    <TextEquiv>
                        <Unicode>TAcadémie</Unicode>
                    </TextEquiv>
                    <TextStyle fontFamily="Times New Roman" fontSize="10.5" bold="true"/>
                </Word>
                <Word id="w_w2aab1b5b2c49b1b1b1" language="English" custom="readingOrder {index:3;}">
                    <Coords points="3079,5526 3666,5526 3666,5665 3079,5665"/>
                    <TextEquiv>
                        <Unicode>française.</Unicode>
                    </TextEquiv>
                    <TextStyle fontFamily="Times New Roman" fontSize="10.5" bold="true"/>
                </Word>
                <Word id="w_w2aab1b5b2c49b1b2b1" language="English" custom="readingOrder {index:4;}">
                    <Coords points="3773,5525 3920,5525 3920,5636 3773,5636"/>
                    <TextEquiv>
                        <Unicode>N.</Unicode>
                    </TextEquiv>
                    <TextStyle fontFamily="Times New Roman" fontSize="10.5" bold="true"/>
                </Word>
                <Word id="w_w2aab1b5b2c49b1b2b7" language="English" custom="readingOrder {index:5;}">
                    <Coords points="4001,5529 4320,5529 4320,5634 4001,5634"/>
                    <TextEquiv>
                        <Unicode>1759.</Unicode>
                    </TextEquiv>
                    <TextStyle fontFamily="Times New Roman" fontSize="10.5" bold="true"/>
                </Word>
                <Word id="w_w2aab1b5b2c49b1b2c19" language="English" custom="readingOrder {index:6;}">
                    <Coords points="4383,5523 4542,5523 4542,5632 4383,5632"/>
                    <TextEquiv>
                        <Unicode>M.</Unicode>
                    </TextEquiv>
                    <TextStyle fontFamily="Times New Roman" fontSize="10.5" bold="true"/>
                </Word>
                <Word id="w_w2aab1b5b2c49b1b2c25" language="English" custom="readingOrder {index:7;}">
                    <Coords points="4629,5528 4956,5528 4956,5630 4629,5630"/>
                    <TextEquiv>
                        <Unicode>1829.</Unicode>
                    </TextEquiv>
                    <TextStyle fontFamily="Times New Roman" fontSize="10.5" bold="true"/>
                </Word>
                <TextEquiv>
                    <Unicode>membre de l'Académie française. N. 1759. M. 1829.</Unicode>
                </TextEquiv>
            </TextLine>
            <TextEquiv>
                <Unicode>membre de l'Académie française. N. 1759. M. 1829.</Unicode>
            </TextEquiv>
        </TextRegion>
        <TextRegion type="paragraph" id="r_3_26" custom="readingOrder {index:26;}">
            <Coords points="1573,5667 4958,5667 4958,5807 1573,5807"/>
            <TextLine id="tl_37" primaryLanguage="English" custom="readingOrder {index:0;}">
                <Coords points="1574,5668 4957,5668 4957,5806 1574,5806"/>
                <Baseline points="1574,5782 1671,5779 1919,5777 2143,5778 2261,5778 2567,5773 2731,5773 3295,5769 3395,5764 3649,5787 3755,5758 4117,5762 4419,5760 4509,5755 4667,5760 4957,5756"/>
                <Word id="w_w2aab1b5b2c51b1ab1" language="English" custom="readingOrder {index:0;}">
                    <Coords points="1574,5701 1671,5701 1671,5782 1574,5782"/>
                    <TextEquiv>
                        <Unicode>L.</Unicode>
                    </TextEquiv>
                    <TextStyle fontFamily="Times New Roman" fontSize="9.0"/>
                </Word>
                <Word id="w_w2aab1b5b2c51b1ab7" language="English" custom="readingOrder {index:1;}">
                    <Coords points="1720,5700 1919,5700 1919,5780 1720,5780"/>
                    <TextEquiv>
                        <Unicode>aut.</Unicode>
                    </TextEquiv>
                    <TextStyle fontFamily="Times New Roman" fontSize="9.0"/>
                </Word>
                <Word id="w_w2aab1b5b2c51b1ac17" language="English" custom="readingOrder {index:2;}">
                    <Coords points="1972,5693 2143,5693 2143,5802 1972,5802"/>
                    <TextEquiv>
                        <Unicode>sig.</Unicode>
                    </TextEquiv>
                    <TextStyle fontFamily="Times New Roman" fontSize="9.0"/>
                </Word>
                <Word id="w_w2aab1b5b2c51b1ac27" language="English" custom="readingOrder {index:3;}">
                    <Coords points="2208,5687 2261,5687 2261,5778 2208,5778"/>
                    <TextEquiv>
                        <Unicode>à</Unicode>
                    </TextEquiv>
                    <TextStyle fontFamily="Times New Roman" fontSize="9.0"/>
                </Word>
                <Word id="w_w2aab1b5b2c51b1ac31" language="English" custom="readingOrder {index:4;}">
                    <Coords points="2312,5688 2567,5688 2567,5776 2312,5776"/>
                    <TextEquiv>
                        <Unicode>mad.</Unicode>
                    </TextEquiv>
                    <TextStyle fontFamily="Times New Roman" fontSize="9.0"/>
                </Word>
                <Word id="w_w2aab1b5b2c51b1ac41" language="English" custom="readingOrder {index:5;}">
                    <Coords points="2612,5687 2731,5687 2731,5775 2612,5775"/>
                    <TextEquiv>
                        <Unicode>de</Unicode>
                    </TextEquiv>
                    <TextStyle fontFamily="Times New Roman" fontSize="9.0"/>
                </Word>
                <Word id="w_w2aab1b5b2c51b1ac47" language="English" custom="readingOrder {index:6;}">
                    <Coords points="2768,5682 3295,5682 3295,5776 2768,5776"/>
                    <TextEquiv>
                        <Unicode>St-Pierre.</Unicode>
                    </TextEquiv>
                    <TextStyle fontFamily="Times New Roman" fontSize="9.0"/>
                </Word>
                <Word id="w_w2aab1b5b2c51b1ac69" language="English" custom="readingOrder {index:7;}">
                    <Coords points="3334,5679 3587,5679 3587,5768 3334,5768"/>
                    <TextEquiv>
                        <Unicode>Paris</Unicode>
                    </TextEquiv>
                    <TextStyle fontFamily="Times New Roman" fontSize="9.0"/>
                </Word>
                <Word id="w_w2aab1b5b2c51b1b1b1" language="English" custom="readingOrder {index:8;}">
                    <Coords points="3625,5745 3649,5745 3649,5787 3625,5787"/>
                    <TextEquiv>
                        <Unicode>,</Unicode>
                    </TextEquiv>
                    <TextStyle fontFamily="Times New Roman" fontSize="9.0"/>
                </Word>
                <Word id="w_w2aab1b5b2c51b1b1b5" language="English" custom="readingOrder {index:9;}">
                    <Coords points="3706,5678 3755,5678 3755,5784 3706,5784"/>
                    <TextEquiv>
                        <Unicode>8</Unicode>
                    </TextEquiv>
                    <TextStyle fontFamily="Times New Roman" fontSize="9.0"/>
                </Word>
                <Word id="w_w2aab1b5b2c51b1b2b1" language="English" custom="readingOrder {index:10;}">
                    <Coords points="3796,5674 4117,5674 4117,5784 3796,5784"/>
                    <TextEquiv>
                        <Unicode>juillet</Unicode>
                    </TextEquiv>
                    <TextStyle fontFamily="Times New Roman" fontSize="9.0"/>
                </Word>
                <Word id="w_w2aab1b5b2c51b1b2c17" language="English" custom="readingOrder {index:11;}">
                    <Coords points="4158,5675 4419,5675 4419,5761 4158,5761"/>
                    <TextEquiv>
                        <Unicode>1814.</Unicode>
                    </TextEquiv>
                    <TextStyle fontFamily="Times New Roman" fontSize="9.0"/>
                </Word>
                <Word id="w_w2aab1b5b2c51b1b2c29" language="English" custom="readingOrder {index:12;}">
                    <Coords points="4478,5679 4509,5679 4509,5755 4478,5755"/>
                    <TextEquiv>
                        <Unicode>1</Unicode>
                    </TextEquiv>
                    <TextStyle fontFamily="Times New Roman" fontSize="9.0"/>
                </Word>
                <Word id="w_w2aab1b5b2c51b1b2c33" language="English" custom="readingOrder {index:13;}">
                    <Coords points="4574,5696 4667,5696 4667,5783 4574,5783"/>
                    <TextEquiv>
                        <Unicode>p.</Unicode>
                    </TextEquiv>
                    <TextStyle fontFamily="Times New Roman" fontSize="9.0"/>
                </Word>
                <Word id="w_w2aab1b5b2c51b1b2c39" language="English" custom="readingOrder {index:14;}">
                    <Coords points="4720,5670 4957,5670 4957,5760 4720,5760"/>
                    <TextEquiv>
                        <Unicode>in-4.</Unicode>
                    </TextEquiv>
                    <TextStyle fontFamily="Times New Roman" fontSize="9.0"/>
                </Word>
                <TextEquiv>
                    <Unicode>L. aut. sig. à mad. de St-Pierre. Paris, 8 juillet 1814. 1 p. in-4.</Unicode>
                </TextEquiv>
            </TextLine>
            <TextEquiv>
                <Unicode>L. aut. sig. à mad. de St-Pierre. Paris, 8 juillet 1814. 1 p. in-4.</Unicode>
            </TextEquiv>
        </TextRegion>
        <TextRegion type="paragraph" id="r_3_27" custom="readingOrder {index:27;}">
            <Coords points="1441,5781 4967,5781 4967,6015 1441,6015"/>
            <TextLine id="tl_38" primaryLanguage="English" custom="readingOrder {index:0;}">
                <Coords points="1535,5782 4966,5782 4966,5910 1535,5910"/>
                <Baseline points="1535,5890 1602,5887 1726,5885 2104,5884 2178,5884 2398,5885 2764,5880 3152,5876 3438,5876 3583,5871 4119,5868 4527,5867 4965,5863"/>
                <Word id="w_w2aab1b5b2c53b1ab1" language="English" custom="readingOrder {index:0;}">
                    <Coords points="1535,5811 1602,5811 1602,5890 1535,5890"/>
                    <TextEquiv>
                        <Unicode>Il</Unicode>
                    </TextEquiv>
                    <TextStyle fontFamily="Times New Roman" fontSize="7.5" bold="true"/>
                </Word>
                <Word id="w_w2aab1b5b2c53b1ab7" language="English" custom="readingOrder {index:1;}">
                    <Coords points="1651,5809 1726,5809 1726,5887 1651,5887"/>
                    <TextEquiv>
                        <Unicode>la</Unicode>
                    </TextEquiv>
                    <TextStyle fontFamily="Times New Roman" fontSize="7.5" bold="true"/>
                </Word>
                <Word id="w_w2aab1b5b2c53b1ac13" language="English" custom="readingOrder {index:2;}">
                    <Coords points="1765,5827 2104,5827 2104,5886 1765,5886"/>
                    <TextEquiv>
                        <Unicode>rassure</Unicode>
                    </TextEquiv>
                    <TextStyle fontFamily="Times New Roman" fontSize="7.5" bold="true"/>
                </Word>
                <Word id="w_w2aab1b5b2c53b1ac29" language="English" custom="readingOrder {index:3;}">
                    <Coords points="2139,5803 2284,5803 2284,5884 2139,5884"/>
                    <TextEquiv>
                        <Unicode>sur</Unicode>
                    </TextEquiv>
                    <TextStyle fontFamily="Times New Roman" fontSize="7.5" bold="true"/>
                </Word>
                <Word id="w_w2aab1b5b2c53b1b1b1" language="English" custom="readingOrder {index:4;}">
                    <Coords points="2319,5803 2398,5803 2398,5885 2319,5885"/>
                    <TextEquiv>
                        <Unicode>la</Unicode>
                    </TextEquiv>
                    <TextStyle fontFamily="Times New Roman" fontSize="7.5" bold="true"/>
                </Word>
                <Word id="w_w2aab1b5b2c53b1b1b7" language="English" custom="readingOrder {index:5;}">
                    <Coords points="2437,5803 2764,5803 2764,5882 2437,5882"/>
                    <TextEquiv>
                        <Unicode>crainte</Unicode>
                    </TextEquiv>
                    <TextStyle fontFamily="Times New Roman" fontSize="7.5" bold="true"/>
                </Word>
                <Word id="w_w2aab1b5b2c53b1b1c23" language="English" custom="readingOrder {index:6;}">
                    <Coords points="2797,5794 3319,5794 3319,5902 2797,5902"/>
                    <TextEquiv>
                        <Unicode>qu’éprouve</Unicode>
                    </TextEquiv>
                    <TextStyle fontFamily="Times New Roman" fontSize="7.5" bold="true"/>
                </Word>
                <Word id="w_w2aab1b5b2c53b1b2b1" language="English" custom="readingOrder {index:7;}">
                    <Coords points="3353,5794 3465,5794 3465,5876 3353,5876"/>
                    <TextEquiv>
                        <Unicode>M.</Unicode>
                    </TextEquiv>
                    <TextStyle fontFamily="Times New Roman" fontSize="9.0"/>
                </Word>
                <Word id="w_w2aab1b5b2c53b1b3b1" language="English" custom="readingOrder {index:8;}">
                    <Coords points="3527,5788 3977,5788 3977,5873 3527,5873"/>
                    <TextEquiv>
                        <Unicode>Bernardin</Unicode>
                    </TextEquiv>
                    <TextStyle fontFamily="Times New Roman" fontSize="7.5" bold="true"/>
                </Word>
                <Word id="w_w2aab1b5b2c53b1b4b1" language="English" custom="readingOrder {index:9;}">
                    <Coords points="4019,5788 4119,5788 4119,5868 4019,5868"/>
                    <TextEquiv>
                        <Unicode>de</Unicode>
                    </TextEquiv>
                    <TextStyle fontFamily="Times New Roman" fontSize="7.5" bold="true"/>
                </Word>
                <Word id="w_w2aab1b5b2c53b1b4b7" language="English" custom="readingOrder {index:10;}">
                    <Coords points="4155,5789 4719,5789 4719,5888 4155,5888"/>
                    <TextEquiv>
                        <Unicode>Saint-Pierre</Unicode>
                    </TextEquiv>
                    <TextStyle fontFamily="Times New Roman" fontSize="7.5" bold="true"/>
                </Word>
                <Word id="w_w2aab1b5b2c53b1b5b1" language="English" custom="readingOrder {index:11;}">
                    <Coords points="4753,5807 4965,5807 4965,5888 4753,5888"/>
                    <TextEquiv>
                        <Unicode>pour</Unicode>
                    </TextEquiv>
                    <TextStyle fontFamily="Times New Roman" fontSize="7.5" bold="true"/>
                </Word>
                <TextEquiv>
                    <Unicode>Il la rassure sur la crainte qu’éprouve M. Bernardin de Saint-Pierre pour</Unicode>
                </TextEquiv>
            </TextLine>
            <TextLine id="tl_39" primaryLanguage="English" custom="readingOrder {index:1;}">
                <Coords points="1442,5900 2724,5900 2724,6014 1442,6014"/>
                <Baseline points="1442,5990 1462,5990 1626,6014 2150,5984 2290,5983 2724,5978"/>
                <Word id="w_w2aab1b5b2c53b3ab1" language="English" custom="readingOrder {index:0;}">
                    <Coords points="1442,5912 1518,5912 1518,6014 1442,6014"/>
                    <TextEquiv>
                        <Unicode>le</Unicode>
                    </TextEquiv>
                    <TextStyle fontFamily="Times New Roman" fontSize="7.5" bold="true"/>
                </Word>
                <Word id="w_w2aab1b5b2c53b3b1b1" language="English" custom="readingOrder {index:1;}">
                    <Coords points="1576,5905 2004,5905 2004,6014 1576,6014"/>
                    <TextEquiv>
                        <Unicode>paiement</Unicode>
                    </TextEquiv>
                    <TextStyle fontFamily="Times New Roman" fontSize="7.5" bold="true"/>
                </Word>
                <Word id="w_w2aab1b5b2c53b3b2b1" language="English" custom="readingOrder {index:2;}">
                    <Coords points="2048,5904 2150,5904 2150,5985 2048,5985"/>
                    <TextEquiv>
                        <Unicode>de</Unicode>
                    </TextEquiv>
                    <TextStyle fontFamily="Times New Roman" fontSize="7.5" bold="true"/>
                </Word>
                <Word id="w_w2aab1b5b2c53b3b2b7" language="English" custom="readingOrder {index:3;}">
                    <Coords points="2202,5925 2290,5925 2290,5986 2202,5986"/>
                    <TextEquiv>
                        <Unicode>sa</Unicode>
                    </TextEquiv>
                    <TextStyle fontFamily="Times New Roman" fontSize="7.5" bold="true"/>
                </Word>
                <Word id="w_w2aab1b5b2c53b3b2c13" language="English" custom="readingOrder {index:4;}">
                    <Coords points="2338,5901 2724,5901 2724,6005 2338,6005"/>
                    <TextEquiv>
                        <Unicode>pension.</Unicode>
                    </TextEquiv>
                    <TextStyle fontFamily="Times New Roman" fontSize="7.5" bold="true"/>
                </Word>
                <TextEquiv>
                    <Unicode>le paiement de sa pension.</Unicode>
                </TextEquiv>
            </TextLine>
            <TextEquiv>
                <Unicode>Il la rassure sur la crainte qu’éprouve M. Bernardin de Saint-Pierre pour
le paiement de sa pension.</Unicode>
            </TextEquiv>
        </TextRegion>
        <TextRegion type="paragraph" id="r_3_28" custom="readingOrder {index:28;}">
            <Coords points="1148,6013 4968,6013 4968,6201 1148,6201"/>
            <TextLine id="tl_40" primaryLanguage="English" custom="readingOrder {index:0;}">
                <Coords points="1149,6014 4967,6014 4967,6200 1149,6200"/>
                <Baseline points="1149,6184 1331,6183 1525,6174 2575,6191 3305,6165 3813,6156 4139,6156 4489,6159 4755,6150 4967,6153"/>
                <Word id="w_w2aab1b5b2c55b1ab1" language="English" custom="readingOrder {index:0;}">
                    <Coords points="1149,6087 1331,6087 1331,6186 1149,6186"/>
                    <TextEquiv>
                        <Unicode>10.</Unicode>
                    </TextEquiv>
                    <TextStyle fontFamily="Times New Roman" fontSize="10.5" bold="true"/>
                </Word>
                <Word id="w_w2aab1b5b2c55b1ab9" language="English" custom="readingOrder {index:1;}">
                    <Coords points="1425,6032 2447,6032 2447,6192 1425,6192"/>
                    <TextEquiv>
                        <Unicode>ANGOULÈME</Unicode>
                    </TextEquiv>
                    <TextStyle fontFamily="Times New Roman" fontSize="10.5" bold="true"/>
                </Word>
                <Word id="w_w2aab1b5b2c55b1b1b1" language="English" custom="readingOrder {index:2;}">
                    <Coords points="2543,6059 3061,6059 3061,6191 2543,6191"/>
                    <TextEquiv>
                        <Unicode>(Charles</Unicode>
                    </TextEquiv>
                    <TextStyle fontFamily="Times New Roman" fontSize="10.5" bold="true"/>
                </Word>
                <Word id="w_w2aab1b5b2c55b1b2b1" language="English" custom="readingOrder {index:3;}">
                    <Coords points="3165,6059 3305,6059 3305,6165 3165,6165"/>
                    <TextEquiv>
                        <Unicode>de</Unicode>
                    </TextEquiv>
                    <TextStyle fontFamily="Times New Roman" fontSize="10.5" bold="true"/>
                </Word>
                <Word id="w_w2aab1b5b2c55b1b2b7" language="English" custom="readingOrder {index:4;}">
                    <Coords points="3399,6055 3813,6055 3813,6164 3399,6164"/>
                    <TextEquiv>
                        <Unicode>Valois,</Unicode>
                    </TextEquiv>
                    <TextStyle fontFamily="Times New Roman" fontSize="10.5" bold="true"/>
                </Word>
                <Word id="w_w2aab1b5b2c55b1b2c23" language="English" custom="readingOrder {index:5;}">
                    <Coords points="3923,6052 4139,6052 4139,6156 3923,6156"/>
                    <TextEquiv>
                        <Unicode>duc</Unicode>
                    </TextEquiv>
                    <TextStyle fontFamily="Times New Roman" fontSize="10.5" bold="true"/>
                </Word>
                <Word id="w_w2aab1b5b2c55b1b2c31" language="English" custom="readingOrder {index:6;}">
                    <Coords points="4245,6048 4489,6048 4489,6176 4245,6176"/>
                    <TextEquiv>
                        <Unicode>d'),</Unicode>
                    </TextEquiv>
                    <TextStyle fontFamily="Times New Roman" fontSize="10.5" bold="true"/>
                </Word>
                <Word id="w_w2aab1b5b2c55b1b2c41" language="English" custom="readingOrder {index:7;}">
                    <Coords points="4595,6048 4755,6048 4755,6151 4595,6151"/>
                    <TextEquiv>
                        <Unicode>fils</Unicode>
                    </TextEquiv>
                    <TextStyle fontFamily="Times New Roman" fontSize="10.5" bold="true"/>
                </Word>
                <Word id="w_w2aab1b5b2c55b1b2c51" language="English" custom="readingOrder {index:8;}">
                    <Coords points="4829,6045 4967,6045 4967,6153 4829,6153"/>
                    <TextEquiv>
                        <Unicode>de</Unicode>
                    </TextEquiv>
                    <TextStyle fontFamily="Times New Roman" fontSize="10.5" bold="true"/>
                </Word>
                <TextEquiv>
                    <Unicode>10. ANGOULÊME (Charles de Valois, duc d'), fils de</Unicode>
                </TextEquiv>
            </TextLine>
            <TextEquiv>
                <Unicode>10. ANGOULÊME (Charles de Valois, duc d'), fils de</Unicode>
            </TextEquiv>
        </TextRegion>
        <TextRegion type="paragraph" id="r_3_29" custom="readingOrder {index:29;}">
            <Coords points="1593,6191 4957,6191 4957,6330 1593,6330"/>
            <TextLine id="tl_41" primaryLanguage="English" custom="readingOrder {index:0;}">
                <Coords points="1594,6192 4956,6192 4956,6329 1594,6329"/>
                <Baseline points="1594,6329 2042,6323 2268,6322 2434,6322 2618,6323 3022,6317 3632,6313 3942,6309 4338,6300 4550,6295 4956,6298"/>
                <Word id="w_w2aab1b5b2c57b1ab1" language="English" custom="readingOrder {index:0;}">
                    <Coords points="1594,6219 2042,6219 2042,6329 1594,6329"/>
                    <TextEquiv>
                        <Unicode>Charles</Unicode>
                    </TextEquiv>
                    <TextStyle fontFamily="Times New Roman" fontSize="10.5" bold="true"/>
                </Word>
                <Word id="w_w2aab1b5b2c57b1ac17" language="English" custom="readingOrder {index:1;}">
                    <Coords points="2104,6213 2268,6213 2268,6324 2104,6324"/>
                    <TextEquiv>
                        <Unicode>IX</Unicode>
                    </TextEquiv>
                    <TextStyle fontFamily="Times New Roman" fontSize="10.5" bold="true"/>
                </Word>
                <Word id="w_w2aab1b5b2c57b1ac23" language="English" custom="readingOrder {index:2;}">
                    <Coords points="2326,6224 2434,6224 2434,6323 2326,6323"/>
                    <TextEquiv>
                        <Unicode>et</Unicode>
                    </TextEquiv>
                    <TextStyle fontFamily="Times New Roman" fontSize="10.5" bold="true"/>
                </Word>
                <Word id="w_w2aab1b5b2c57b1ac29" language="English" custom="readingOrder {index:3;}">
                    <Coords points="2480,6215 2618,6215 2618,6323 2480,6323"/>
                    <TextEquiv>
                        <Unicode>de</Unicode>
                    </TextEquiv>
                    <TextStyle fontFamily="Times New Roman" fontSize="10.5" bold="true"/>
                </Word>
                <Word id="w_w2aab1b5b2c57b1ac35" language="English" custom="readingOrder {index:4;}">
                    <Coords points="2664,6212 3022,6212 3022,6319 2664,6319"/>
                    <TextEquiv>
                        <Unicode>Marie</Unicode>
                    </TextEquiv>
                    <TextStyle fontFamily="Times New Roman" fontSize="10.5" bold="true"/>
                </Word>
                <Word id="w_w2aab1b5b2c57b1ac47" language="English" custom="readingOrder {index:5;}">
                    <Coords points="3078,6209 3632,6209 3632,6317 3078,6317"/>
                    <TextEquiv>
                        <Unicode>Touche!.</Unicode>
                    </TextEquiv>
                    <TextStyle fontFamily="Times New Roman" fontSize="10.5" bold="true"/>
                </Word>
                <Word id="w_w2aab1b5b2c57b1ac65" language="English" custom="readingOrder {index:6;}">
                    <Coords points="3796,6199 3942,6199 3942,6312 3796,6312"/>
                    <TextEquiv>
                        <Unicode>N.</Unicode>
                    </TextEquiv>
                    <TextStyle fontFamily="Times New Roman" fontSize="10.5" bold="true"/>
                </Word>
                <Word id="w_w2aab1b5b2c57b1ac71" language="English" custom="readingOrder {index:7;}">
                    <Coords points="4014,6202 4338,6202 4338,6307 4014,6307"/>
                    <TextEquiv>
                        <Unicode>1573.</Unicode>
                    </TextEquiv>
                    <TextStyle fontFamily="Times New Roman" fontSize="10.5" bold="true"/>
                </Word>
                <Word id="w_w2aab1b5b2c57b1ac83" language="English" custom="readingOrder {index:8;}">
                    <Coords points="4392,6195 4550,6195 4550,6302 4392,6302"/>
                    <TextEquiv>
                        <Unicode>M.</Unicode>
                    </TextEquiv>
                    <TextStyle fontFamily="Times New Roman" fontSize="10.5" bold="true"/>
                </Word>
                <Word id="w_w2aab1b5b2c57b1ac89" language="English" custom="readingOrder {index:9;}">
                    <Coords points="4626,6199 4956,6199 4956,6304 4626,6304"/>
                    <TextEquiv>
                        <Unicode>1650.</Unicode>
                    </TextEquiv>
                    <TextStyle fontFamily="Times New Roman" fontSize="10.5" bold="true"/>
                </Word>
                <TextEquiv>
                    <Unicode>Charles IX et de Marie Touchet. N. 1573. M. 1650.</Unicode>
                </TextEquiv>
                <TextStyle fontFamily="Times New Roman" fontSize="10.5" bold="true"/>
            </TextLine>
            <TextEquiv>
                <Unicode>Charles IX et de Marie Touchet. N. 1573. M. 1650.</Unicode>
            </TextEquiv>
        </TextRegion>
        <TextRegion type="paragraph" id="r_3_30" custom="readingOrder {index:30;}">
            <Coords points="1448,6341 4968,6341 4968,6607 1448,6607"/>
            <TextLine id="tl_42" primaryLanguage="English" custom="readingOrder {index:0;}">
                <Coords points="1581,6342 4967,6342 4967,6481 1581,6481"/>
                <Baseline points="1581,6457 1675,6459 1925,6457 2147,6454 2261,6454 2439,6452 3163,6460 3341,6445 3503,6442 3929,6439 4247,6433 4655,6432 4967,6407"/>
                <Word id="w_w2aab1b5b2c59b1ab1" language="English" custom="readingOrder {index:0;}">
                    <Coords points="1581,6375 1675,6375 1675,6459 1581,6459"/>
                    <TextEquiv>
                        <Unicode>L.</Unicode>
                    </TextEquiv>
                    <TextStyle fontFamily="Times New Roman" fontSize="9.0"/>
                </Word>
                <Word id="w_w2aab1b5b2c59b1ab7" language="English" custom="readingOrder {index:1;}">
                    <Coords points="1725,6376 1925,6376 1925,6459 1725,6459"/>
                    <TextEquiv>
                        <Unicode>aut.</Unicode>
                    </TextEquiv>
                    <TextStyle fontFamily="Times New Roman" fontSize="9.0"/>
                </Word>
                <Word id="w_w2aab1b5b2c59b1ac17" language="English" custom="readingOrder {index:2;}">
                    <Coords points="1973,6367 2147,6367 2147,6476 1973,6476"/>
                    <TextEquiv>
                        <Unicode>sig.</Unicode>
                    </TextEquiv>
                    <TextStyle fontFamily="Times New Roman" fontSize="9.0"/>
                </Word>
                <Word id="w_w2aab1b5b2c59b1ac27" language="English" custom="readingOrder {index:3;}">
                    <Coords points="2209,6361 2261,6361 2261,6454 2209,6454"/>
                    <TextEquiv>
                        <Unicode>à</Unicode>
                    </TextEquiv>
                    <TextStyle fontFamily="Times New Roman" fontSize="9.0"/>
                </Word>
                <Word id="w_w2aab1b5b2c59b1ac31" language="English" custom="readingOrder {index:4;}">
                    <Coords points="2317,6370 2439,6370 2439,6452 2317,6452"/>
                    <TextEquiv>
                        <Unicode>M.</Unicode>
                    </TextEquiv>
                    <TextStyle fontFamily="Times New Roman" fontSize="9.0"/>
                </Word>
                <Word id="w_w2aab1b5b2c59b1ac37" language="English" custom="readingOrder {index:5;}">
                    <Coords points="2485,6359 3163,6359 3163,6473 2485,6473"/>
                    <TextEquiv>
                        <Unicode>deChavigny,</Unicode>
                    </TextEquiv>
                    <TextStyle fontFamily="Times New Roman" fontSize="9.0"/>
                </Word>
                <Word id="w_w2aab1b5b2c59b1ac61" language="English" custom="readingOrder {index:6;}">
                    <Coords points="3211,6359 3341,6359 3341,6447 3211,6447"/>
                    <TextEquiv>
                        <Unicode>du</Unicode>
                    </TextEquiv>
                    <TextStyle fontFamily="Times New Roman" fontSize="9.0"/>
                </Word>
                <Word id="w_w2aab1b5b2c59b1ac67" language="English" custom="readingOrder {index:7;}">
                    <Coords points="3401,6357 3503,6357 3503,6442 3401,6442"/>
                    <TextEquiv>
                        <Unicode>16</Unicode>
                    </TextEquiv>
                    <TextStyle fontFamily="Times New Roman" fontSize="9.0"/>
                </Word>
                <Word id="w_w2aab1b5b2c59b1ac73" language="English" custom="readingOrder {index:8;}">
                    <Coords points="3551,6351 3929,6351 3929,6443 3551,6443"/>
                    <TextEquiv>
                        <Unicode>octobre</Unicode>
                    </TextEquiv>
                    <TextStyle fontFamily="Times New Roman" fontSize="9.0"/>
                </Word>
                <Word id="w_w2aab1b5b2c59b1ac89" language="English" custom="readingOrder {index:9;}">
                    <Coords points="3981,6349 4247,6349 4247,6435 3981,6435"/>
                    <TextEquiv>
                        <Unicode>1636.</Unicode>
                    </TextEquiv>
                    <TextStyle fontFamily="Times New Roman" fontSize="9.0"/>
                </Word>
                <Word id="w_w2aab1b5b2c59b1ad101" language="English" custom="readingOrder {index:10;}">
                    <Coords points="4296,6346 4655,6346 4655,6436 4296,6436"/>
                    <TextEquiv>
                        <Unicode>Détails</Unicode>
                    </TextEquiv>
                    <TextStyle fontFamily="Times New Roman" fontSize="9.0"/>
                </Word>
                <Word id="w_w2aab1b5b2c59b1ad117" language="English" custom="readingOrder {index:11;}">
                    <Coords points="4709,6345 4967,6345 4967,6432 4709,6432"/>
                    <TextEquiv>
                        <Unicode>mili¬</Unicode>
                    </TextEquiv>
                    <TextStyle fontFamily="Times New Roman" fontSize="9.0"/>
                </Word>
                <TextEquiv>
                    <Unicode>L. aut. sig. à M. de Chavigny, du 16 octobre 1636. Détails mili¬</Unicode>
                </TextEquiv>
                <TextStyle fontFamily="Times New Roman" fontSize="9.0"/>
            </TextLine>
            <TextLine id="tl_43" primaryLanguage="English" custom="readingOrder {index:1;}">
                <Coords points="1449,6481 2906,6481 2906,6606 1449,6606"/>
                <Baseline points="1449,6584 1764,6576 1844,6574 2252,6578 2536,6578 2906,6569"/>
                <Word id="w_w2aab1b5b2c59b3ab1" language="English" custom="readingOrder {index:0;}">
                    <Coords points="1449,6492 1764,6492 1764,6584 1449,6584"/>
                    <TextEquiv>
                        <Unicode>taires.</Unicode>
                    </TextEquiv>
                    <TextStyle fontFamily="Times New Roman" fontSize="9.0"/>
                </Word>
                <Word id="w_w2aab1b5b2c59b3ac17" language="English" custom="readingOrder {index:1;}">
                    <Coords points="1815,6496 1844,6496 1844,6574 1815,6574"/>
                    <TextEquiv>
                        <Unicode>1</Unicode>
                    </TextEquiv>
                    <TextStyle fontFamily="Times New Roman" fontSize="9.0"/>
                </Word>
                <Word id="w_w2aab1b5b2c59b3ac21" language="English" custom="readingOrder {index:2;}">
                    <Coords points="1897,6488 2252,6488 2252,6603 1897,6603"/>
                    <TextEquiv>
                        <Unicode>grande</Unicode>
                    </TextEquiv>
                    <TextStyle fontFamily="Times New Roman" fontSize="9.0"/>
                </Word>
                <Word id="w_w2aab1b5b2c59b3ac35" language="English" custom="readingOrder {index:3;}">
                    <Coords points="2307,6510 2536,6510 2536,6599 2307,6599"/>
                    <TextEquiv>
                        <Unicode>page</Unicode>
                    </TextEquiv>
                    <TextStyle fontFamily="Times New Roman" fontSize="9.0"/>
                </Word>
                <Word id="w_w2aab1b5b2c59b3ac45" language="English" custom="readingOrder {index:4;}">
                    <Coords points="2581,6482 2906,6482 2906,6573 2581,6573"/>
                    <TextEquiv>
                        <Unicode>in-fol.</Unicode>
                    </TextEquiv>
                    <TextStyle fontFamily="Times New Roman" fontSize="9.0"/>
                </Word>
                <TextEquiv>
                    <Unicode>taires. 1 grande page in-fol.</Unicode>
                </TextEquiv>
                <TextStyle fontFamily="Times New Roman" fontSize="9.0"/>
            </TextLine>
            <TextEquiv>
                <Unicode>L. aut. sig. à M. de Chavigny, du 16 octobre 1636. Détails mili¬
taires. 1 grande page in-fol.</Unicode>
            </TextEquiv>
        </TextRegion>
        <TextRegion type="paragraph" id="r_3_31" custom="readingOrder {index:31;}">
            <Coords points="1159,6615 4960,6615 4960,6787 1159,6787"/>
            <TextLine id="tl_44" primaryLanguage="English" custom="readingOrder {index:0;}">
                <Coords points="1160,6616 4959,6616 4959,6786 1160,6786"/>
                <Baseline points="1160,6766 1195,6766 1331,6765 2227,6748 2417,6776 2583,6751 3127,6760 3763,6726 3949,6735 4357,6732 4575,6731 4959,6724"/>
                <Word id="w_w2aab1b5b2c61b1ab1" language="English" custom="readingOrder {index:0;}">
                    <Coords points="1160,6665 1267,6665 1267,6766 1160,6766"/>
                    <TextEquiv>
                        <Unicode>11</Unicode>
                    </TextEquiv>
                    <TextStyle fontFamily="Times New Roman" fontSize="10.5" bold="true"/>
                </Word>
                <Word id="w_w2aab1b5b2c61b1b1b1" language="English" custom="readingOrder {index:1;}">
                    <Coords points="1309,6650 1331,6650 1331,6765 1309,6765"/>
                    <TextEquiv>
                        <Unicode>.</Unicode>
                    </TextEquiv>
                    <TextStyle fontFamily="Times New Roman" fontSize="10.5" bold="true"/>
                </Word>
                <Word id="w_w2aab1b5b2c61b1b2b1" language="English" custom="readingOrder {index:2;}">
                    <Coords points="1500,6642 2329,6642 2329,6783 1500,6783"/>
                    <TextEquiv>
                        <Unicode>ANQUETIL</Unicode>
                    </TextEquiv>
                    <TextStyle fontFamily="Times New Roman" fontSize="10.5" bold="true"/>
                </Word>
                <Word id="w_w2aab1b5b2c61b1b3b1" language="English" custom="readingOrder {index:3;}">
                    <Coords points="2386,6654 2417,6654 2417,6776 2386,6776"/>
                    <TextEquiv>
                        <Unicode>(</Unicode>
                    </TextEquiv>
                    <TextStyle fontFamily="Times New Roman" fontSize="10.5" bold="true"/>
                </Word>
                <Word id="w_w2aab1b5b2c61b1b4b1" language="English" custom="readingOrder {index:4;}">
                    <Coords points="2452,6643 2583,6643 2583,6752 2452,6752"/>
                    <TextEquiv>
                        <Unicode>L.</Unicode>
                    </TextEquiv>
                    <TextStyle fontFamily="Times New Roman" fontSize="10.5" bold="true"/>
                </Word>
                <Word id="w_w2aab1b5b2c61b1b4b7" language="English" custom="readingOrder {index:5;}">
                    <Coords points="2638,6636 3127,6636 3127,6760 2638,6760"/>
                    <TextEquiv>
                        <Unicode>Pierre),</Unicode>
                    </TextEquiv>
                    <TextStyle fontFamily="Times New Roman" fontSize="10.5" bold="true"/>
                </Word>
                <Word id="w_w2aab1b5b2c61b1b4c25" language="English" custom="readingOrder {index:6;}">
                    <Coords points="3194,6635 3763,6635 3763,6740 3194,6740"/>
                    <TextEquiv>
                        <Unicode>historien.</Unicode>
                    </TextEquiv>
                    <TextStyle fontFamily="Times New Roman" fontSize="10.5" bold="true"/>
                </Word>
                <Word id="w_w2aab1b5b2c61b1b4c47" language="English" custom="readingOrder {index:7;}">
                    <Coords points="3816,6623 3949,6623 3949,6735 3816,6735"/>
                    <TextEquiv>
                        <Unicode>N.</Unicode>
                    </TextEquiv>
                    <TextStyle fontFamily="Times New Roman" fontSize="10.5" bold="true"/>
                </Word>
                <Word id="w_w2aab1b5b2c61b1b4c53" language="English" custom="readingOrder {index:8;}">
                    <Coords points="4026,6628 4357,6628 4357,6735 4026,6735"/>
                    <TextEquiv>
                        <Unicode>1723.</Unicode>
                    </TextEquiv>
                    <TextStyle fontFamily="Times New Roman" fontSize="10.5" bold="true"/>
                </Word>
                <Word id="w_w2aab1b5b2c61b1b4c65" language="English" custom="readingOrder {index:9;}">
                    <Coords points="4412,6621 4575,6621 4575,6731 4412,6731"/>
                    <TextEquiv>
                        <Unicode>M.</Unicode>
                    </TextEquiv>
                    <TextStyle fontFamily="Times New Roman" fontSize="10.5" bold="true"/>
                </Word>
                <Word id="w_w2aab1b5b2c61b1b4c71" language="English" custom="readingOrder {index:10;}">
                    <Coords points="4636,6621 4959,6621 4959,6730 4636,6730"/>
                    <TextEquiv>
                        <Unicode>1808.</Unicode>
                    </TextEquiv>
                    <TextStyle fontFamily="Times New Roman" fontSize="10.5" bold="true"/>
                </Word>
                <TextEquiv>
                    <Unicode>11. ANQUETIL (L. Pierre), historien. N. 1723. M. 1808.</Unicode>
                </TextEquiv>
            </TextLine>
            <TextEquiv>
                <Unicode>11. ANQUETIL (L. Pierre), historien. N. 1723. M. 1808.</Unicode>
            </TextEquiv>
        </TextRegion>
        <TextRegion type="paragraph" id="r_3_32" custom="readingOrder {index:32;}">
            <Coords points="1568,6767 4645,6767 4645,6913 1568,6913"/>
            <TextLine id="tl_45" primaryLanguage="English" custom="readingOrder {index:0;}">
                <Coords points="1569,6768 4644,6768 4644,6912 1569,6912"/>
                <Baseline points="1569,6888 1668,6887 1878,6888 2130,6884 2300,6885 2792,6876 2948,6877 3542,6869 3882,6865 3942,6873 4034,6858 4308,6861 4644,6858"/>
                <Word id="w_w2aab1b5b2c63b1ab1" language="English" custom="readingOrder {index:0;}">
                    <Coords points="1569,6805 1668,6805 1668,6888 1569,6888"/>
                    <TextEquiv>
                        <Unicode>L.</Unicode>
                    </TextEquiv>
                    <TextStyle fontFamily="Times New Roman" fontSize="9.0"/>
                </Word>
                <Word id="w_w2aab1b5b2c63b1ab7" language="English" custom="readingOrder {index:1;}">
                    <Coords points="1711,6806 1878,6806 1878,6888 1711,6888"/>
                    <TextEquiv>
                        <Unicode>aut</Unicode>
                    </TextEquiv>
                    <TextStyle fontFamily="Times New Roman" fontSize="9.0"/>
                </Word>
                <Word id="w_w2aab1b5b2c63b1ac15" language="English" custom="readingOrder {index:2;}">
                    <Coords points="1955,6797 2130,6797 2130,6909 1955,6909"/>
                    <TextEquiv>
                        <Unicode>sig.</Unicode>
                    </TextEquiv>
                    <TextStyle fontFamily="Times New Roman" fontSize="9.0"/>
                </Word>
                <Word id="w_w2aab1b5b2c63b1ac25" language="English" custom="readingOrder {index:3;}">
                    <Coords points="2179,6819 2300,6819 2300,6885 2179,6885"/>
                    <TextEquiv>
                        <Unicode>au</Unicode>
                    </TextEquiv>
                    <TextStyle fontFamily="Times New Roman" fontSize="9.0"/>
                </Word>
                <Word id="w_w2aab1b5b2c63b1ac31" language="English" custom="readingOrder {index:4;}">
                    <Coords points="2359,6793 2792,6793 2792,6883 2359,6883"/>
                    <TextEquiv>
                        <Unicode>ministre</Unicode>
                    </TextEquiv>
                    <TextStyle fontFamily="Times New Roman" fontSize="9.0"/>
                </Word>
                <Word id="w_w2aab1b5b2c63b1ac49" language="English" custom="readingOrder {index:5;}">
                    <Coords points="2829,6789 2948,6789 2948,6878 2829,6878"/>
                    <TextEquiv>
                        <Unicode>de</Unicode>
                    </TextEquiv>
                    <TextStyle fontFamily="Times New Roman" fontSize="9.0"/>
                </Word>
                <Word id="w_w2aab1b5b2c63b1ac55" language="English" custom="readingOrder {index:6;}">
                    <Coords points="3009,6780 3542,6780 3542,6875 3009,6875"/>
                    <TextEquiv>
                        <Unicode>l’intérieur</Unicode>
                    </TextEquiv>
                    <TextStyle fontFamily="Times New Roman" fontSize="9.0"/>
                </Word>
                <Word id="w_w2aab1b5b2c63b1ac79" language="English" custom="readingOrder {index:7;}">
                    <Coords points="3623,6773 3882,6773 3882,6869 3623,6869"/>
                    <TextEquiv>
                        <Unicode>Paris</Unicode>
                    </TextEquiv>
                    <TextStyle fontFamily="Times New Roman" fontSize="9.0"/>
                </Word>
                <Word id="w_w2aab1b5b2c63b1ac91" language="English" custom="readingOrder {index:8;}">
                    <Coords points="3926,6845 3942,6845 3942,6873 3926,6873"/>
                    <TextEquiv>
                        <Unicode>,</Unicode>
                    </TextEquiv>
                    <TextStyle fontFamily="Times New Roman" fontSize="9.0"/>
                </Word>
                <Word id="w_w2aab1b5b2c63b1ac95" language="English" custom="readingOrder {index:9;}">
                    <Coords points="3983,6778 4034,6778 4034,6858 3983,6858"/>
                    <TextEquiv>
                        <Unicode>7</Unicode>
                    </TextEquiv>
                    <TextStyle fontFamily="Times New Roman" fontSize="9.0"/>
                </Word>
                <Word id="w_w2aab1b5b2c63b1ac99" language="English" custom="readingOrder {index:10;}">
                    <Coords points="4087,6777 4308,6777 4308,6862 4087,6862"/>
                    <TextEquiv>
                        <Unicode>août</Unicode>
                    </TextEquiv>
                    <TextStyle fontFamily="Times New Roman" fontSize="9.0"/>
                </Word>
                <Word id="w_w2aab1b5b2c63b1ad109" language="English" custom="readingOrder {index:11;}">
                    <Coords points="4381,6773 4644,6773 4644,6858 4381,6858"/>
                    <TextEquiv>
                        <Unicode>1806.</Unicode>
                    </TextEquiv>
                    <TextStyle fontFamily="Times New Roman" fontSize="9.0"/>
                </Word>
                <TextEquiv>
                    <Unicode>L. aut sig. au ministre de l’intérieur Paris, 7 août 1806.</Unicode>
                </TextEquiv>
                <TextStyle fontFamily="Times New Roman" fontSize="9.0"/>
            </TextLine>
            <TextEquiv>
                <Unicode>L. aut sig. au ministre de l’intérieur Paris, 7 août 1806.</Unicode>
            </TextEquiv>
        </TextRegion>
        <TextRegion type="paragraph" id="r_3_33" custom="readingOrder {index:33;}">
            <Coords points="1438,6877 4980,6877 4980,7315 1438,7315"/>
            <TextLine id="tl_46" primaryLanguage="English" custom="readingOrder {index:0;}">
                <Coords points="1536,6878 4975,6878 4975,7018 1536,7018"/>
                <Baseline points="1536,6996 1638,6993 2026,6993 2120,6942 2672,6983 3069,7000 3630,6975 3896,6971 4126,6968 4362,6968 4482,6966 4974,6978"/>
                <Word id="w_w2aab1b5b2c65b1ab1" language="English" custom="readingOrder {index:0;}">
                    <Coords points="1536,6921 1638,6921 1638,6996 1536,6996"/>
                    <TextEquiv>
                        <Unicode>Sa</Unicode>
                    </TextEquiv>
                    <TextStyle fontFamily="Times New Roman" fontSize="7.5" bold="true"/>
                </Word>
                <Word id="w_w2aab1b5b2c65b1ab7" language="English" custom="readingOrder {index:1;}">
                    <Coords points="1676,6916 2026,6916 2026,7016 1676,7016"/>
                    <TextEquiv>
                        <Unicode>Majesté</Unicode>
                    </TextEquiv>
                    <TextStyle fontFamily="Times New Roman" fontSize="7.5" bold="true"/>
                </Word>
                <Word id="w_w2aab1b5b2c65b1ac23" language="English" custom="readingOrder {index:2;}">
                    <Coords points="2074,6909 2600,6909 2600,7013 2074,7013"/>
                    <TextEquiv>
                        <Unicode>l’Empereur</Unicode>
                    </TextEquiv>
                    <TextStyle fontFamily="Times New Roman" fontSize="7.5" bold="true"/>
                </Word>
                <Word id="w_w2aab1b5b2c65b1b1b1" language="English" custom="readingOrder {index:3;}">
                    <Coords points="2656,6906 2968,6906 2968,7004 2656,7004"/>
                    <TextEquiv>
                        <Unicode>l’ayant</Unicode>
                    </TextEquiv>
                    <TextStyle fontFamily="Times New Roman" fontSize="7.5" bold="true"/>
                </Word>
                <Word id="w_w2aab1b5b2c65b1b2b1" language="English" custom="readingOrder {index:4;}">
                    <Coords points="3020,6896 3352,6896 3352,7000 3020,7000"/>
                    <TextEquiv>
                        <Unicode>gratifié</Unicode>
                    </TextEquiv>
                    <TextStyle fontFamily="Times New Roman" fontSize="7.5" bold="true"/>
                </Word>
                <Word id="w_w2aab1b5b2c65b1b3b1" language="English" custom="readingOrder {index:5;}">
                    <Coords points="3384,6896 3630,6896 3630,6975 3384,6975"/>
                    <TextEquiv>
                        <Unicode>d’une</Unicode>
                    </TextEquiv>
                    <TextStyle fontFamily="Times New Roman" fontSize="7.5" bold="true"/>
                </Word>
                <Word id="w_w2aab1b5b2c65b1b3c13" language="English" custom="readingOrder {index:6;}">
                    <Coords points="3688,6892 4040,6892 4040,6996 3688,6996"/>
                    <TextEquiv>
                        <Unicode>pension</Unicode>
                    </TextEquiv>
                    <TextStyle fontFamily="Times New Roman" fontSize="7.5" bold="true"/>
                </Word>
                <Word id="w_w2aab1b5b2c65b1b4b1" language="English" custom="readingOrder {index:7;}">
                    <Coords points="4080,6892 4182,6892 4182,6971 4080,6971"/>
                    <TextEquiv>
                        <Unicode>de</Unicode>
                    </TextEquiv>
                    <TextStyle fontFamily="Times New Roman" fontSize="7.5" bold="true"/>
                </Word>
                <Word id="w_w2aab1b5b2c65b1b5b1" language="English" custom="readingOrder {index:8;}">
                    <Coords points="4240,6890 4362,6890 4362,6969 4240,6969"/>
                    <TextEquiv>
                        <Unicode>six</Unicode>
                    </TextEquiv>
                    <TextStyle fontFamily="Times New Roman" fontSize="7.5" bold="true"/>
                </Word>
                <Word id="w_w2aab1b5b2c65b1b5b9" language="English" custom="readingOrder {index:9;}">
                    <Coords points="4404,6880 4638,6880 4638,6966 4404,6966"/>
                    <TextEquiv>
                        <Unicode>mille</Unicode>
                    </TextEquiv>
                    <TextStyle fontFamily="Times New Roman" fontSize="7.5" bold="true"/>
                </Word>
                <Word id="w_w2aab1b5b2c65b1b6b1" language="English" custom="readingOrder {index:10;}">
                    <Coords points="4688,6880 4974,6880 4974,6978 4688,6978"/>
                    <TextEquiv>
                        <Unicode>livres,</Unicode>
                    </TextEquiv>
                    <TextStyle fontFamily="Times New Roman" fontSize="7.5" bold="true"/>
                </Word>
                <TextEquiv>
                    <Unicode>Sa Majesté l’Empereur l’ayant gratifié d’une pension de six mille livres,</Unicode>
                </TextEquiv>
            </TextLine>
            <TextLine id="tl_47" primaryLanguage="English" custom="readingOrder {index:1;}">
                <Coords points="1439,6980 4979,6980 4979,7118 1439,7118"/>
                <Baseline points="1439,7094 1483,7094 1593,7092 1989,7091 2435,7088 2899,7082 3049,7077 3383,7072 3583,7083 3669,7073 3979,7071 4245,7065 4605,7061 4755,7060 4979,7036"/>
                <Word id="w_w2aab1b5b2c65b3ab1" language="English" custom="readingOrder {index:0;}">
                    <Coords points="1439,7016 1523,7016 1523,7094 1439,7094"/>
                    <TextEquiv>
                        <Unicode>et</Unicode>
                    </TextEquiv>
                    <TextStyle fontFamily="Times New Roman" fontSize="7.5" bold="true"/>
                </Word>
                <Word id="w_w2aab1b5b2c65b3b1b1" language="English" custom="readingOrder {index:1;}">
                    <Coords points="1575,7015 1889,7015 1889,7111 1575,7111"/>
                    <TextEquiv>
                        <Unicode>l'ayant</Unicode>
                    </TextEquiv>
                    <TextStyle fontFamily="Times New Roman" fontSize="7.5" bold="true"/>
                </Word>
                <Word id="w_w2aab1b5b2c65b3b2b1" language="English" custom="readingOrder {index:2;}">
                    <Coords points="1945,7010 2287,7010 2287,7115 1945,7115"/>
                    <TextEquiv>
                        <Unicode>appelé,</Unicode>
                    </TextEquiv>
                    <TextStyle fontFamily="Times New Roman" fontSize="7.5" bold="true"/>
                </Word>
                <Word id="w_w2aab1b5b2c65b3b3b1" language="English" custom="readingOrder {index:3;}">
                    <Coords points="2335,7032 2435,7032 2435,7089 2335,7089"/>
                    <TextEquiv>
                        <Unicode>en</Unicode>
                    </TextEquiv>
                    <TextStyle fontFamily="Times New Roman" fontSize="7.5" bold="true"/>
                </Word>
                <Word id="w_w2aab1b5b2c65b3b3b7" language="English" custom="readingOrder {index:4;}">
                    <Coords points="2493,7007 2899,7007 2899,7108 2493,7108"/>
                    <TextEquiv>
                        <Unicode>présence</Unicode>
                    </TextEquiv>
                    <TextStyle fontFamily="Times New Roman" fontSize="7.5" bold="true"/>
                </Word>
                <Word id="w_w2aab1b5b2c65b3b3c25" language="English" custom="readingOrder {index:5;}">
                    <Coords points="2945,7003 3049,7003 3049,7079 2945,7079"/>
                    <TextEquiv>
                        <Unicode>de</Unicode>
                    </TextEquiv>
                    <TextStyle fontFamily="Times New Roman" fontSize="7.5" bold="true"/>
                </Word>
                <Word id="w_w2aab1b5b2c65b3b3c31" language="English" custom="readingOrder {index:6;}">
                    <Coords points="3117,6996 3523,6996 3523,7076 3117,7076"/>
                    <TextEquiv>
                        <Unicode>l’Institut</Unicode>
                    </TextEquiv>
                    <TextStyle fontFamily="Times New Roman" fontSize="7.5" bold="true"/>
                </Word>
                <Word id="w_w2aab1b5b2c65b3b4b1" language="English" custom="readingOrder {index:7;}">
                    <Coords points="3565,6993 3583,6993 3583,7083 3565,7083"/>
                    <TextEquiv>
                        <Unicode>,</Unicode>
                    </TextEquiv>
                    <TextStyle fontFamily="Times New Roman" fontSize="7.5" bold="true"/>
                </Word>
                <Word id="w_w2aab1b5b2c65b3b5b1" language="English" custom="readingOrder {index:8;}">
                    <Coords points="3646,6992 3669,6992 3669,7073 3646,7073"/>
                    <TextEquiv>
                        <Unicode>1</Unicode>
                    </TextEquiv>
                    <TextStyle fontFamily="Times New Roman" fontSize="7.5" bold="true"/>
                </Word>
                <Word id="w_w2aab1b5b2c65b3b6b1" language="English" custom="readingOrder {index:9;}">
                    <Coords points="3704,6987 4129,6987 4129,7074 3704,7074"/>
                    <TextEquiv>
                        <Unicode>historien</Unicode>
                    </TextEquiv>
                    <TextStyle fontFamily="Times New Roman" fontSize="7.5" bold="true" italic="true"/>
                </Word>
                <Word id="w_w2aab1b5b2c65b3b7b1" language="English" custom="readingOrder {index:10;}">
                    <Coords points="4188,6987 4295,6987 4295,7067 4188,7067"/>
                    <TextEquiv>
                        <Unicode>de</Unicode>
                    </TextEquiv>
                    <TextStyle fontFamily="Times New Roman" fontSize="7.5" bold="true" italic="true"/>
                </Word>
                <Word id="w_w2aab1b5b2c65b3b8b1" language="English" custom="readingOrder {index:11;}">
                    <Coords points="4335,6994 4687,6994 4687,7074 4335,7074"/>
                    <TextEquiv>
                        <Unicode>France,</Unicode>
                    </TextEquiv>
                    <TextStyle fontFamily="Times New Roman" fontSize="7.5" bold="true" italic="true"/>
                </Word>
                <Word id="w_w2aab1b5b2c65b3c10b1" language="English" custom="readingOrder {index:12;}">
                    <Coords points="4734,6981 4787,6981 4787,7061 4734,7061"/>
                    <TextEquiv>
                        <Unicode>il</Unicode>
                    </TextEquiv>
                    <TextStyle fontFamily="Times New Roman" fontSize="7.5" bold="true"/>
                </Word>
                <Word id="w_w2aab1b5b2c65b3c11b1" language="English" custom="readingOrder {index:13;}">
                    <Coords points="4830,6983 4979,6983 4979,7061 4830,7061"/>
                    <TextEquiv>
                        <Unicode>de¬</Unicode>
                    </TextEquiv>
                    <TextStyle fontFamily="Times New Roman" fontSize="7.5" bold="true"/>
                </Word>
                <TextEquiv>
                    <Unicode>et l'ayant appelé, en présence de l’Institut, l'historien de France, il de¬</Unicode>
                </TextEquiv>
            </TextLine>
            <TextLine id="tl_48" primaryLanguage="English" custom="readingOrder {index:2;}">
                <Coords points="1441,7076 4976,7076 4976,7216 1441,7216"/>
                <Baseline points="1441,7194 1744,7193 1826,7190 2218,7202 2426,7186 2508,7186 2900,7179 3052,7177 3186,7178 3640,7195 3758,7172 3832,7170 4832,7161 4976,7159"/>
                <Word id="w_w2aab1b5b2c65b5ab1" language="English" custom="readingOrder {index:0;}">
                    <Coords points="1441,7115 1744,7115 1744,7196 1441,7196"/>
                    <TextEquiv>
                        <Unicode>mande</Unicode>
                    </TextEquiv>
                    <TextStyle fontFamily="Times New Roman" fontSize="7.5" bold="true"/>
                </Word>
                <Word id="w_w2aab1b5b2c65b5ac13" language="English" custom="readingOrder {index:1;}">
                    <Coords points="1781,7114 1826,7114 1826,7190 1781,7190"/>
                    <TextEquiv>
                        <Unicode>à</Unicode>
                    </TextEquiv>
                    <TextStyle fontFamily="Times New Roman" fontSize="7.5" bold="true"/>
                </Word>
                <Word id="w_w2aab1b5b2c65b5ac17" language="English" custom="readingOrder {index:2;}">
                    <Coords points="1883,7124 2218,7124 2218,7212 1883,7212"/>
                    <TextEquiv>
                        <Unicode>porter,</Unicode>
                    </TextEquiv>
                    <TextStyle fontFamily="Times New Roman" fontSize="7.5" bold="true"/>
                </Word>
                <Word id="w_w2aab1b5b2c65b5ac33" language="English" custom="readingOrder {index:3;}">
                    <Coords points="2273,7130 2426,7130 2426,7211 2273,7211"/>
                    <TextEquiv>
                        <Unicode>par</Unicode>
                    </TextEquiv>
                    <TextStyle fontFamily="Times New Roman" fontSize="7.5" bold="true"/>
                </Word>
                <Word id="w_w2aab1b5b2c65b5ac41" language="English" custom="readingOrder {index:4;}">
                    <Coords points="2461,7103 2570,7103 2570,7186 2461,7186"/>
                    <TextEquiv>
                        <Unicode>un</Unicode>
                    </TextEquiv>
                    <TextStyle fontFamily="Times New Roman" fontSize="7.5" bold="true"/>
                </Word>
                <Word id="w_w2aab1b5b2c65b5b1b1" language="English" custom="readingOrder {index:5;}">
                    <Coords points="2609,7102 2900,7102 2900,7182 2609,7182"/>
                    <TextEquiv>
                        <Unicode>décret</Unicode>
                    </TextEquiv>
                    <TextStyle fontFamily="Times New Roman" fontSize="7.5" bold="true"/>
                </Word>
                <Word id="w_w2aab1b5b2c65b5b1c15" language="English" custom="readingOrder {index:6;}">
                    <Coords points="2949,7097 3052,7097 3052,7179 2949,7179"/>
                    <TextEquiv>
                        <Unicode>de</Unicode>
                    </TextEquiv>
                    <TextStyle fontFamily="Times New Roman" fontSize="7.5" bold="true"/>
                </Word>
                <Word id="w_w2aab1b5b2c65b5b1c21" language="English" custom="readingOrder {index:7;}">
                    <Coords points="3085,7104 3186,7104 3186,7178 3085,7178"/>
                    <TextEquiv>
                        <Unicode>Sa</Unicode>
                    </TextEquiv>
                    <TextStyle fontFamily="Times New Roman" fontSize="7.5" bold="true"/>
                </Word>
                <Word id="w_w2aab1b5b2c65b5b1c27" language="English" custom="readingOrder {index:8;}">
                    <Coords points="3239,7093 3640,7093 3640,7198 3239,7198"/>
                    <TextEquiv>
                        <Unicode>Majesté,</Unicode>
                    </TextEquiv>
                    <TextStyle fontFamily="Times New Roman" fontSize="7.5" bold="true"/>
                </Word>
                <Word id="w_w2aab1b5b2c65b5b1c45" language="English" custom="readingOrder {index:9;}">
                    <Coords points="3679,7090 3758,7090 3758,7172 3679,7172"/>
                    <TextEquiv>
                        <Unicode>le</Unicode>
                    </TextEquiv>
                    <TextStyle fontFamily="Times New Roman" fontSize="7.5" bold="true"/>
                </Word>
                <Word id="w_w2aab1b5b2c65b5b1c51" language="English" custom="readingOrder {index:10;}">
                    <Coords points="3809,7091 3998,7091 3998,7171 3809,7171"/>
                    <TextEquiv>
                        <Unicode>titre</Unicode>
                    </TextEquiv>
                    <TextStyle fontFamily="Times New Roman" fontSize="7.5" bold="true"/>
                </Word>
                <Word id="w_w2aab1b5b2c65b5b2b1" language="English" custom="readingOrder {index:11;}">
                    <Coords points="4053,7077 4832,7077 4832,7186 4053,7186"/>
                    <TextEquiv>
                        <Unicode>d'historiographe</Unicode>
                    </TextEquiv>
                    <TextStyle fontFamily="Times New Roman" fontSize="7.5" bold="true" italic="true"/>
                </Word>
                <Word id="w_w2aab1b5b2c65b5b2c35" language="English" custom="readingOrder {index:12;}">
                    <Coords points="4869,7081 4976,7081 4976,7161 4869,7161"/>
                    <TextEquiv>
                        <Unicode>de</Unicode>
                    </TextEquiv>
                    <TextStyle fontFamily="Times New Roman" fontSize="7.5" bold="true" italic="true"/>
                </Word>
                <TextEquiv>
                    <Unicode>mande à porter, par un décret de Sa Majesté, le titre d'historiographe de</Unicode>
                </TextEquiv>
            </TextLine>
            <TextLine id="tl_49" primaryLanguage="English" custom="readingOrder {index:3;}">
                <Coords points="1448,7206 2714,7206 2714,7314 1448,7314"/>
                <Baseline points="1448,7294 1512,7294 2184,7288 2278,7289 2420,7289 2714,7281"/>
                <Word id="w_w2aab1b5b2c65b7ab1" language="English" custom="readingOrder {index:0;}">
                    <Coords points="1448,7222 1796,7222 1796,7296 1448,7296"/>
                    <TextEquiv>
                        <Unicode>France.</Unicode>
                    </TextEquiv>
                    <TextStyle fontFamily="Times New Roman" fontSize="7.5" bold="true" italic="true"/>
                </Word>
                <Word id="w_w2aab1b5b2c65b7b1b3" language="English" custom="readingOrder {index:1;}">
                    <Coords points="1858,7210 2184,7210 2184,7293 1858,7293"/>
                    <TextEquiv>
                        <Unicode>Détails</Unicode>
                    </TextEquiv>
                    <TextStyle fontFamily="Times New Roman" fontSize="7.5" bold="true"/>
                </Word>
                <Word id="w_w2aab1b5b2c65b7b1c19" language="English" custom="readingOrder {index:2;}">
                    <Coords points="2236,7209 2278,7209 2278,7289 2236,7289"/>
                    <TextEquiv>
                        <Unicode>à</Unicode>
                    </TextEquiv>
                    <TextStyle fontFamily="Times New Roman" fontSize="7.5" bold="true"/>
                </Word>
                <Word id="w_w2aab1b5b2c65b7b1c23" language="English" custom="readingOrder {index:3;}">
                    <Coords points="2322,7229 2420,7229 2420,7289 2322,7289"/>
                    <TextEquiv>
                        <Unicode>ce</Unicode>
                    </TextEquiv>
                    <TextStyle fontFamily="Times New Roman" fontSize="7.5" bold="true"/>
                </Word>
                <Word id="w_w2aab1b5b2c65b7b1c29" language="English" custom="readingOrder {index:4;}">
                    <Coords points="2460,7207 2714,7207 2714,7307 2460,7307"/>
                    <TextEquiv>
                        <Unicode>sujet.</Unicode>
                    </TextEquiv>
                    <TextStyle fontFamily="Times New Roman" fontSize="7.5" bold="true"/>
                </Word>
                <TextEquiv>
                    <Unicode>France. Détails à ce sujet.</Unicode>
                </TextEquiv>
            </TextLine>
            <TextEquiv>
                <Unicode>Sa Majesté l’Empereur l’ayant gratifié d’une pension de six mille livres,
et l'ayant appelé, en présence de l’Institut, l'historien de France, il de¬
mande à porter, par un décret de Sa Majesté, le titre d'historiographe de
France. Détails à ce sujet.</Unicode>
            </TextEquiv>
        </TextRegion>
        <SeparatorRegion id="r_4" custom="readingOrder {index:34;}">
            <Coords points="37,2780 52,2780 52,3312 37,3312"/>
        </SeparatorRegion>
        <SeparatorRegion id="r_5" custom="readingOrder {index:35;}">
            <Coords points="38,1680 53,1680 53,2536 38,2536"/>
        </SeparatorRegion>
        <SeparatorRegion id="r_6" custom="readingOrder {index:36;}">
            <Coords points="5826,6124 5841,6124 5841,6660 5826,6660"/>
        </SeparatorRegion>
        <SeparatorRegion id="r_7" custom="readingOrder {index:37;}">
            <Coords points="5839,7440 5866,7440 5866,8212 5839,8212"/>
        </SeparatorRegion>
        <SeparatorRegion id="r_8" custom="readingOrder {index:38;}">
            <Coords points="5839,6848 5865,6848 5865,7256 5839,7256"/>
        </SeparatorRegion>
        <SeparatorRegion id="r_9" custom="readingOrder {index:39;}">
            <Coords points="5839,1884 5866,1884 5866,2592 5839,2592"/>
        </SeparatorRegion>
    </Page>
</PcGts>
