5866 9112
2691 734 3321 866 -6-
1091 958 1279 1072 34.
1359 954 2362 1070 BONAPARTE
2425 965 2995 1101 (Létilia),
3065 967 3659 1109 Madame,
3733 978 4035 1082 mère
4083 975 4219 1081 de
4277 978 4967 1117 l’empereur

1555 1111 2193 1254 Napoléon.
3755 1123 3893 1238 N.
3961 1131 4301 1239 1750.
4375 1130 4541 1238 M.
4623 1135 5025 1243 1836..

1524 1271 1618 1349 1°
1676 1272 1746 1356 L
1814 1275 2014 1355 aut.
2056 1265 2232 1380 sig.
2308 1262 2362 1356 à
2430 1293 2592 1359 son
2690 1268 2838 1358 Ms
2932 1271 3280 1365 Lucien
3348 1278 3914 1387 Bonaparte.
3976 1281 4300 1385 Paris,
4388 1286 4436 1366 ?
4496 1283 4958 1394 germinal

1400 1409 1522 1477 an
1568 1412 1692 1494 ix,
1744 1412 1930 1481 une
1976 1412 2212 1499 page
2262 1388 2506 1483 in-4.
2562 1392 2952 1482 Cachet.

1495 1502 1681 1584 Elle
1715 1507 2027 1606 profite
2057 1507 2169 1585 du
2209 1506 2520 1606 départ
2549 1511 2657 1589 du
2699 1508 3043 1610 citoyen
3081 1567 3205 1587 ....
3241 1532 3459 1612 pour
3483 1510 3598 1589 lui
3633 1511 3957 1592 donner
3989 1516 4091 1597 de
4125 1541 4263 1599 ses
4287 1516 4755 1599 nouvelles.
4779 1517 4969 1598 Elle

1395 1625 1487 1681 se
1513 1616 1755 1703 porte
1793 1604 2021 1699 bien,
2059 1611 2643 1713 etjiesoupire
2683 1609 3079 1710 qu'après
3111 1607 3189 1685 le
3219 1613 3897 1694 momentdésiré
3933 1616 4043 1696 où
4069 1619 4229 1699 elle
4259 1641 4567 1719 pourra
4607 1621 4679 1699 le
4699 1641 4973 1699 serrer

1389 1703 1605 1782 dans
1661 1724 1797 1782 ses
1843 1705 2075 1785 bras.
2123 1704 2357 1786 Elisa
2417 1721 2499 1789 et
2559 1708 3003 1789 Charlotte
3063 1720 3271 1788 vont
3319 1710 3365 1788 à
3431 1713 3865 1794 merveille
3931 1728 4017 1794 et
4073 1721 4537 1799 s’unissent
4597 1721 4641 1799 à
4707 1720 4967 1800 Louis

1390 1825 1604 1901 pour
1658 1804 2328 1886 l’embrasser....
2368 1809 2556 1889 Elle
2590 1809 2784 1888 finit
2816 1830 2918 1888 en
2970 1811 3428 1889 l’assurant
3478 1812 3582 1889 de
3620 1835 3710 1891 sa
3756 1816 4194 1899 tendresse
4236 1817 4760 1899 maternelle.

1520 1937 1622 2024 2°
1680 1940 1866 2027 Sur
1902 1939 1994 2027 la
2052 1938 2366 2028 même
2404 1939 2742 2042 lettre,
2810 1942 2906 2026 L.
2976 1949 3168 2031 aut.
3216 1944 3396 2056 sig.
3448 1944 3572 2031 du
3622 1946 4052 2038 cardinal
4118 1953 4450 2056 Fesch.
4486 1948 4540 2040 à
4582 1974 4744 2041 son
4788 1973 4960 2040 ne¬

1393 2081 1621 2162 veu,
1683 2061 2033 2149 Lucien
2091 2067 2655 2173 Bonaparte.
2713 2064 2861 2150 On
2909 2086 2965 2173 y
3021 2063 3193 2151 lit:

1491 2207 1531 2241 «
1583 2176 1691 2252 Je
1743 2174 2023 2257 désire
2077 2177 2269 2256 bien
2329 2189 2567 2259 votre
2631 2188 2967 2267 retour;
3021 2185 3109 2283 je
3161 2182 3503 2281 pourrai
3571 2179 3801 2262 alors
3859 2187 4125 2286 partir
4181 2189 4287 2265 de
4355 2186 4587 2264 Paris
4641 2207 4843 2267 sans
4889 2186 4967 2266 le

1391 2309 1431 2343 «
1474 2273 1821 2376 chagrin
1876 2279 1981 2357 de
2030 2273 2331 2356 laisser
2366 2302 2501 2359 ma
2540 2299 2773 2359 sœur
2812 2300 3015 2360 sans
3054 2299 3479 2381 personne
3520 2283 3665 2381 qui
3712 2283 3827 2364 lui
3868 2284 4151 2365 donne
4198 2285 4351 2366 des
4406 2286 4643 2367 soins
4694 2288 4965 2391 parli-

1386 2405 1428 2445 «
1466 2372 1916 2457 culiers....
1978 2377 2366 2456 Berihier
2406 2399 2450 2457 a
2514 2378 2802 2459 donné
2868 2380 3048 2458 hier
3086 2401 3250 2460 une
3294 2378 3516 2459 belle
3568 2379 3790 2472 fête,
3858 2386 4072 2465 mais
4136 2387 4258 2465 les
4312 2388 4970 2467 ambassadeurs

1388 2507 1428 2543 «
1476 2485 1876 2555 trouvent
1926 2475 2120 2556 bien
2150 2480 2496 2577 étrange
2532 2481 2796 2579 qu’un
2830 2492 3498 2576 gouvernement
3536 2483 3604 2561 si
3644 2483 4034 2583 puissant
4068 2487 4190 2565 ail
4220 2487 4286 2563 si
4326 2508 4486 2584 peu
4524 2486 4628 2567 de
4672 2489 4962 2589 repré-

1387 2607 1428 2641 «
1473 2576 1937 2655 sentalion.
1983 2575 2106 2655 Ils
2145 2590 2344 2658 sont
2401 2577 2728 2681 obligés
2769 2576 3062 2659 d’aller
3117 2599 3414 2679 passer
3451 2578 3682 2659 leurs
3715 2586 4040 2664 soirées
4077 2587 4282 2665 chez
4339 2592 4462 2666 les
4505 2586 4966 2687 banquiers

1387 2705 1429 2741 «
1467 2695 1579 2754 ou
1641 2674 1849 2755 chez
1915 2675 2039 2755 les
2095 2676 2597 2781 ci-devant,
2639 2680 2789 2780 qui
2851 2689 3049 2758 sont
3101 2679 3223 2759 les
3281 2683 3669 2761 ennemis
3725 2683 3833 2764 du
3891 2696 4585 2780 gouvernement.
4629 2693 4789 2765 Pas
4855 2709 4965 2764 un

1387 2805 1425 2837 -
1471 2776 1859 2855 ministre
1915 2797 2021 2855 ne
2059 2780 2357 2876 reçoit.
2395 2781 2511 2859 Le
2555 2776 2845 2881 public
2883 2780 3345 2881 s’aperçoit
3399 2780 3587 2859 bien
3633 2781 3743 2861 du
3805 2786 3995 2864 vide
4033 2807 4201 2887 que
4241 2806 4451 2864 vous
4485 2786 4763 2866 faites.
4809 2791 4969 2866 Pas

1384 2903 1426 2941 «
1470 2895 1583 2952 un
1646 2874 1791 2954 fen
1854 2875 2276 2958 d’artifice
2340 2899 2561 2981 pour
2618 2879 2929 2980 égayer
2996 2879 3073 2959 le
3130 2876 3480 2981 peuple;
3522 2887 3757 2963 aussi
3830 2884 4073 2986 point
4132 2885 4486 2988 d’élans,
4560 2889 4801 2989 point
4860 2885 4967 2964 de

1388 3001 1430 3039 «
1464 2974 1772 3073 joie....
1824 3004 1866 3043 »

1083 3150 1277 3260 35.
1369 3147 2364 3264 BONAPARTE
2421 3160 2989 3295 (Lélilia),
3055 3151 3659 3287 Madame,
3723 3160 4095 3275 idem.

1523 3307 1625 3396 L.
1719 3304 1897 3419 sig.
1971 3315 2531 3402 Bonaparte
2605 3304 2911 3414 mère,
3009 3333 3127 3399 au
3195 3314 3565 3422 citoyen
3637 3317 4115 3427 Berthier,
4171 3317 4605 3407 ministre
4669 3315 4789 3405 de
4863 3319 4945 3404 la

1392 3448 1764 3537 guerre.
1822 3433 2080 3519 Paris
2120 3498 2144 3534 ,
2196 3434 2245 3516 4
2300 3428 2738 3520 frimaire
2784 3458 2906 3520 an
2952 3457 3080 3521 xu
3118 3501 3142 3541 ,
3214 3440 3239 3518 1
3314 3458 3552 3549 page
3608 3433 3852 3528 în-4.

1490 3545 1950 3627 Pressante
2000 3549 2802 3630 recommandation
2842 3570 2942 3628 en
2986 3549 3288 3628 faveur
3324 3550 3434 3630 du
3482 3555 3828 3653 citoyen
3870 3555 4190 3635 Marius
4242 3554 4524 3658 Clary,
4576 3575 4794 3655 pour
4850 3553 4964 3632 lui

1382 3639 1598 3722 faire
1642 3646 1982 3725 obtenir
2035 3658 2668 3751 promptement
2718 3672 2874 3730 son
2944 3649 3238 3729 brevet
3274 3650 3546 3731 d’aide
3600 3653 3706 3731 de
3764 3674 4014 3756 camp
4055 3655 4250 3757 près
4291 3655 4368 3738 le
4425 3651 4764 3754 général
4812 3658 4960 3732 Sé¬

1377 3741 1775 3824 bastian!.
1847 3747 2037 3827 Elle
2093 3750 2393 3846 espère
2451 3747 2659 3847 qu’il
2715 3770 2921 3830 aura
2975 3749 3085 3829 du
3135 3751 3431 3849 plaisir
3477 3754 3523 3831 à
3581 3751 3795 3832 faire
3849 3776 4015 3834 une
4071 3755 4333 3836 chose
4405 3756 4551 3854 qui
4605 3753 4725 3833 lui
4773 3774 4957 3833 sera

1381 3843 1803 3941 agréable.

1088 4040 1276 4146 36.
1372 4037 2370 4156 BONAPARTE
2438 4053 3434 4190 (Joseph),ex-roi
3494 4053 4180 4194 d’Espagne.

3743 4207 3889 4320 N.
3985 4213 4301 4319 1768.
4375 4208 4537 4320 M.
4617 4201 4949 4315 1844.

1509 4349 1613 4434 L.
1675 4358 1877 4439 aut.
1975 4353 2149 4466 sig.
2227 4350 2275 4440 à
2363 4377 2527 4445 son
2609 4353 2865 4450 frère
2947 4357 3337 4450 Lucien.
3423 4363 3801 4471 Naples,
3887 4364 3991 4448 24
4083 4362 4595 4453 novembre
4695 4359 4959 4464 1800,

1403 4469 1435 4545 1
1498 4472 1861 4577 grande
1910 4497 2151 4585 page
2202 4472 2445 4560 in-4.

1490 4619 1528 4653 -
1582 4640 1708 4668 ....
1740 4588 1978 4667 Nous
2024 4589 2354 4668 faisons
2412 4597 2802 4693 toujours
2844 4596 2918 4672 la
2958 4617 3260 4695 guerre
3296 4598 3444 4678 des
3488 4597 3944 4692 Chouans;
3992 4598 4116 4681 les
4158 4600 4502 4702 Anglais
4558 4599 4962 4678 viennent

1376 4719 1414 4753 «
1456 4685 1558 4763 de
1612 4708 1832 4767 nous
1872 4711 2250 4786 envoyer
2284 4712 2600 4773 encore
2636 4692 3056 4794 quelques
3094 4696 3448 4776 milliers
3486 4701 3592 4777 de
3628 4697 4060 4798 brigands,
4116 4701 4260 4801 qui
4302 4710 4594 4782 seront
4632 4699 4964 4780 bientôt

1379 4817 1422 4853 <«
1463 4784 1915 4877 culbutés,
1955 4791 2172 4870 mais
2221 4792 2368 4890 qui
2429 4793 2954 4893 fatigueront
3015 4799 3402 4897 toujours
3457 4820 3616 4877 nos
3665 4809 4041 4902 troupes,
4107 4813 4194 4879 et
4243 4799 4530 4882 feront
4589 4801 4962 4901 quelque

1379 4919 1419 4953 «
1465 4884 1629 4964 mal
1665 4908 1829 4966 aux
1871 4889 2307 4972 habitants
2347 4892 2455 4973 du
2499 4915 2711 4997 pays
2741 4924 2765 4994 ;
2803 4892 2909 4974 ils
2947 4895 3281 4999 pillent,
3323 4898 3427 4978 ils
3459 4899 3795 4998 volent,
3831 4911 4071 4980 tuent
4101 4909 4187 4981 et
4217 4899 4523 4982 fuient.
4561 4928 4601 4969 »

1078 5086 1268 5190 37.
1360 5077 2365 5194 BONAPARTE
2418 5089 2900 5226 (Julie),
2974 5100 3494 5205 ex-reine
3574 5093 4282 5236 d’Espagne,
4348 5100 4768 5207 femme
4820 5099 4956 5204 de

1546 5233 2010 5377 Joseph.

1503 5391 1605 5474 L.
1657 5398 1857 5481 nul.
1917 5389 2097 5501 sig.
2147 5390 2199 5482 à
2245 5414 2413 5484 son
2463 5393 2693 5486 cher
2727 5392 3023 5509 frère,
3081 5401 3171 5491 le
3215 5402 3543 5512 prince
3585 5400 3977 5494 Lucien.
4037 5401 4489 5515 Spolette,
4531 5402 4643 5485 28
4709 5423 4955 5488 mars

1403 5509 1665 5596 1808.
1739 5520 1767 5596 1
1839 5533 2077 5625 page
2121 5518 2361 5626 petit
2425 5517 2663 5607 in-4.

1472 5621 1661 5706 Elle
1710 5631 1987 5709 arrive
2020 5631 2067 5707 à
2126 5630 2511 5713 l’instant
2548 5643 2635 5713 et
2682 5654 2783 5710 va
2822 5637 3284 5720 continuer
3318 5660 3408 5718 sa
3462 5649 3709 5719 route
3744 5661 3964 5740 pour
4000 5638 4346 5739 Naples.
4408 5634 4593 5716 Elle
4632 5657 4737 5715 ne
4774 5637 4949 5716 fera

1372 5745 1542 5825 que
1580 5726 1956 5829 changer
2000 5729 2108 5808 de
2146 5731 2532 5813 chevaux
2568 5731 2614 5814 à
2664 5736 2938 5815 Rome
2996 5735 3068 5813 la
3114 5742 3302 5818 nuit
3344 5738 3456 5816 du
3508 5751 3604 5817 29
3640 5761 3748 5817 au
3792 5752 3888 5820 30
3922 5800 3942 5834 ,
3984 5751 4072 5821 et
4106 5739 4270 5819 elle
4310 5738 4544 5816 n’ose
4586 5737 4702 5817 lui
4742 5759 4944 5839 pro-

1430 5843 1628 5904 oser
1676 5826 1780 5906 de
1844 5829 1916 5905 la
1978 5834 2216 5910 venir
2256 5834 2440 5911 voir
2502 5833 2938 5930 incognito
2984 5837 3030 5915 à
3090 5841 3458 5928 Albano,
3520 5837 3630 5917 où
3684 5837 3848 5918 elle
3913 5862 4256 5940 passera
4328 5838 4406 5918 le
4468 5850 4594 5933 30,
4652 5837 4698 5915 à
4774 5839 4958 5916 huit

1431 5945 1681 6004 cures
1713 5924 1827 6003 du
1867 5931 2133 6008 matin
2171 5994 2191 6016 .
2263 5942 2345 6012 et
2383 5933 2507 6029 s’y
2563 5938 2937 6014 arrêtera
3005 5959 3169 6017 une
3225 5940 3483 6020 heure
3519 5939 3735 6019 dans
3787 5940 4309 6042 l’espérance
4345 5938 4449 6016 de
4507 5936 4583 6015 le
4621 5937 4841 6013 voir.
4883 5938 4948 6014 Il

1369 6024 1627 6105 serait
1665 6024 1859 6105 bien
1907 6029 2283 6110 aimable
2321 6032 2423 6113 de
2463 6033 2575 6111 lui
2621 6056 3033 6136 procurer
3067 6037 3143 6119 le
3187 6040 3481 6142 plaisir
3513 6039 3617 6119 de
3655 6039 4225 6120 l’embrasser.

1463 6127 1623 6202 Sur
1681 6122 1757 6204 la
1796 6131 2073 6207 même
2128 6132 2377 6211 lettre
2432 6155 2525 6211 se
2582 6145 2881 6212 trouve
2938 6135 3015 6215 le
3078 6138 3507 6218 brouillon
3562 6140 4087 6242 autographe
4138 6139 4243 6217 de
4305 6136 4383 6214 la
4439 6134 4805 6235 réponse
4839 6135 4951 6214 du

1364 6223 1664 6323 prince
1706 6226 2024 6309 Lucien
2078 6227 2124 6308 à
2168 6252 2260 6312 sa
2300 6252 2584 6329 sœur;
2624 6232 2916 6316 motifs
2954 6237 3058 6315 de
3096 6261 3252 6318 son
3296 6238 3528 6318 refus
3562 6239 3664 6319 de
3704 6261 3794 6320 se
3850 6252 4194 6319 trouver
4230 6259 4336 6316 au
4382 6236 4950 6315 rendez-vous

1364 6322 1678 6421 qu’elle
1716 6324 1828 6404 lui
1872 6329 2248 6428 indique.
2284 6346 2330 6410 2
2376 6355 2558 6433 pag.
2608 6333 2854 6413 in-4°.
2892 6337 3586 6420 Très-curieuse.

1063 6526 1245 6630 38.
1347 6517 2345 6638 BONAPARTE
2403 6504 3005 6669 (Lucien},
3073 6544 3465 6675 prince
3523 6539 3663 6645 de
3723 6537 4193 6646 Canino.

3718 6687 3860 6800 N.
3958 6697 4284 6801 1775.
4354 6692 4518 6802 M.
4610 6693 4940 6801 1840.

1488 6835 1586 6918 L.
1634 6840 1838 6920 aul.
1890 6835 2062 6945 sig.
2118 6832 2170 6926 à
2222 6844 2348 6926 M.
2400 6838 2818 6927 Patorni.
2886 6841 3328 6934 Londres.
3378 6842 3426 6926 4
3484 6843 3670 6931 mai
3738 6842 4002 6926 1838.
4070 6851 4098 6927 1
4162 6867 4398 6958 page
4442 6843 4702 6931 in-4.

1456 6945 1524 7021 Il
1570 6970 1616 7026 a
1662 6970 1862 7048 reçu
1933 6971 2022 7031 sa
2070 6949 2350 7052 lettre,
2392 6963 2476 7031 et
2520 6963 2820 7034 trouve
2871 6978 2964 7035 sa
3003 6959 3368 7059 réponse
3399 6958 3446 7038 à
3491 6961 3600 7037 M.
3663 6959 3968 7038 Lalïite
4013 6961 4084 7039 si
4129 6961 4348 7044 forte
4388 6960 4490 7038 de
4530 6961 4818 7038 raison
4862 6970 4944 7036 et

1353 7043 1455 7121 de
1495 7048 1959 7147 précision,
2021 7050 2223 7151 qu’il
2269 7074 2315 7130 a
2351 7055 2489 7133 été
2523 7055 2839 7134 étonné
2879 7058 3259 7157 lorsqu’il
3303 7082 3347 7136 a
3389 7059 3683 7159 appris
3717 7057 4129 7160 l'opinion
4173 7061 4283 7141 du
4327 7080 4801 7162 procureur
4835 7057 4945 7136 du

1359 7145 1479 7221 roi
1527 7206 1615 7226 ...
1659 7148 1731 7226 la
1793 7151 2103 7230 remise
2143 7152 2245 7230 de
2285 7152 2357 7232 la
2413 7165 2823 7236 sentence
2863 7176 2973 7239 ne
3013 7157 3125 7235 lui
3169 7158 3377 7260 plaît
3415 7181 3567 7260 pas
3629 7159 4227 7265 davantage....
4285 7164 4323 7238 «
4375 7164 4685 7239 Est-ce
4743 7156 4945 7259 qu’il

1348 7265 1385 7321 «
1432 7247 1569 7348 n’y
1614 7253 1897 7327 aurait
1926 7249 2147 7330 donc
2190 7274 2343 7352 pas
2400 7257 2591 7357 plus
2644 7255 2751 7336 de
2780 7257 3103 7358 justice
3162 7258 3417 7338 civile
3460 7282 3563 7337 en
3628 7263 3961 7340 France
4002 7283 4169 7361 que
4202 7259 4305 7338 de
4358 7260 4677 7358 justice
4716 7251 4943 7359 poli-

1348 7355 1386 7417 "
1436 7345 1704 7446 tique,
1746 7360 1916 7429 etc.
1962 7383 1998 7415 »
