5866 8962
1089 953 1271 1057 27.
1361 911 2091 1055 BÉRULLE
2147 941 2635 1071 (Pierre,
2697 949 3189 1055 cardinal
3253 945 3495 1077 de).
3717 943 3857 1053 N.
3939 943 4273 1051 1575.
4339 939 4501 1053 M.
4577 949 4861 1055 1629

1515 1101 1609 1183 L.
1661 1103 1855 1183 aut.
1903 1119 1973 1181 8>
1989 1119 2075 1205 g.
2125 1091 2175 1181 à
2211 1093 2331 1179 M.
2371 1093 2791 1205 l’évêque
2821 1097 2937 1185 de
2977 1103 3321 1205 Luçon.
3379 1095 3681 1201 Paris,
3737 1099 3839 1179 12
3879 1091 4115 1185 avril
4169 1095 4427 1179 1622.
4481 1095 4905 1183 Relative

1377 1243 1559 1305 aux
1605 1219 1977 1307 affaires
2021 1213 2137 1303 de
2173 1191 2509 1321 l’État,
2567 1215 3001 1305 curieuse
3047 1241 3213 1327 par
3267 1219 3397 1303 les
3429 1215 3805 1305 détails.
3853 1225 3877 1299 1
3939 1235 4177 1327 page
4219 1209 4543 1303 in-sol.

1081 1403 1267 1507 28.
1363 1375 2235 1499 BERZÉLIUS
2287 1391 2929 1533 (Jacques),
2997 1397 3431 1529 physic.
3499 1403 3611 1503 et
3669 1393 4191 1501 chimiste
4249 1391 4743 1499 suédois.

1505 1549 1605 1631 L.
1653 1553 1847 1631 aut.
1897 1543 2075 1651 sig.
2125 1537 2177 1627 à
2243 1547 2359 1629 M.
2405 1545 2963 1653 Durotayde
3019 1543 3553 1631 Blainville.
3613 1543 4195 1649 Stockholm,
4237 1543 4335 1627 31
4399 1539 4585 1627 mai
4647 1539 4899 1625 1833.

1395 1671 1421 1747 1
1495 1667 1743 1751 belle
1803 1683 2035 1773 page
2091 1659 2187 1747 in
2241 1663 2329 1749 4.

1487 1777 1551 1855 Il
1597 1777 1711 1855 lui
1751 1777 2345 1855 recommande
2371 1795 2577 1855 avec
2611 1777 2917 1857 intérêt
2955 1777 3061 1853 M.
3103 1775 3377 1873 Fries,
3419 1775 3857 1853 intendant
3881 1775 3991 1855 du
4029 1775 4373 1855 cabinet
4401 1775 4505 1855 de
4541 1773 4919 1871 zoologie

1381 1877 1483 1955 de
1519 1873 2025 1953 l’Académie
2057 1875 2161 1951 de
2195 1875 2713 1971 Stockholm,
2755 1897 2921 1973 que
2959 1873 3467 1953 l’Académie
3497 1895 3541 1951 a
3595 1875 3923 1973 envoyé
3957 1877 4169 1955 dans
4215 1873 4663 1975 l’étranger
4697 1893 4913 1971 pour

1381 1975 1739 2075 prendre
1773 1971 2395 2053 connaissance
2429 1975 2577 2053 des
2615 1973 2947 2051 musées
2983 1971 3563 2073 zoologiques,
3601 1983 3769 2051 etc.

1085 2149 1267 2251 29.
1365 2105 2115 2247 BÉTHUNE
2179 2139 2763 2277 (Philippe
2819 2143 3069 2273 de),
3137 2141 3431 2249 frère
3485 2139 3831 2279 puîné
3879 2141 4017 2249 de
4065 2137 4419 2275 Sully,
4487 2141 4913 2247 ambas¬

1539 2295 1941 2401 sadeur
1997 2295 2057 2397 à
2125 2291 2529 2415 Rome,
2599 2321 2859 2399 sous
2917 2291 3249 2399 Louis
3301 2291 3639 2397 XIII.
3699 2289 3847 2399 N.
3923 2291 4257 2399 1561.
4331 2291 4487 2399 M.
4571 2291 4897 2399 1649.

1507 2449 1607 2531 L.
1663 2447 1867 2529 aut.
1947 2439 2121 2551 sig.
2193 2437 2243 2527 à
2307 2447 2493 2529 Son
2567 2415 3121 2531 Éminence.
3189 2441 3653 2547 Deselles,
3721 2441 3821 2523 21
3885 2441 4207 2551 juillet
4265 2441 4529 2527 1648.
4589 2447 4615 2523 1
4685 2461 4921 2553 page

1387 2561 1693 2653 in-fol.
1731 2597 1753 2665 ;
1817 2581 2047 2651 avec
2091 2561 2449 2651 cachet.

1475 2681 1591 2757 La
1649 2681 1897 2777 grâce
1959 2697 2123 2775 que
2175 2681 2339 2755 Son
2379 2653 2843 2755 Éminence
2883 2687 3081 2755 veut
3157 2675 3345 2753 bien
3407 2675 3895 2753 accordera
3937 2695 4089 2751 son
4135 2673 4301 2765 (ils,
4361 2673 4437 2753 le
4481 2685 4763 2753 comte
4815 2673 4917 2751 de

1385 2779 1789 2869 Béthune,
1827 2775 1929 2855 de
1965 2775 2079 2853 lui
2119 2775 2445 2853 donner
2483 2797 2649 2853 une
2679 2775 2983 2873 charge
3025 2773 3239 2853 dans
3269 2775 3343 2851 la
3389 2773 3711 2851 maison
3753 2771 3865 2849 du
3903 2771 4067 2851 duc
4107 2771 4499 2885 d’Anjou,
4545 2783 4673 2851 est
4703 2793 4915 2873 pour

1381 2877 1495 2953 lui
1537 2895 1701 2955 une
1727 2875 2039 2975 grande
2081 2873 2619 2953 consolation
2655 2871 2865 2951 dans
2903 2893 3039 2951 ses
3079 2873 3323 2951 vieux
3351 2875 3627 2971 jours,
3665 2881 3747 2949 et
3777 2873 4099 2947 servira
4137 2869 4183 2947 à
4225 2867 4337 2947 lui
4383 2869 4595 2949 faire
4627 2891 4917 2971 passer

1379 2975 1455 3053 le
1485 2985 1705 3053 reste
1743 2975 1847 3055 de
1887 2995 2043 3053 son
2085 2973 2525 3051 existence
2559 2993 2767 3053 avec
2817 2971 3009 3073 plus
3043 2971 3145 3049 de
3181 2973 3559 3051 douceur
3595 2977 3679 3049 et
3713 2967 3815 3049 de
3855 2965 4409 3069 tranquillité,
4449 2979 4613 3049 etc.

1089 3157 1277 3261 30.
1369 3121 2077 3253 BITAUBÉ
2141 3143 3143 3279 (Paul-Jérémie),
3219 3147 3655 3255 littéral.
3751 3139 3897 3255 N.
3973 3149 4293 3255 1732.
4341 3143 4505 3255 M.
4577 3149 4901 3253 1808.

1509 3301 1607 3385 L.
1655 3305 1853 3383 aut.
1905 3295 2079 3407 sig.
2137 3317 2261 3383 au
2301 3295 2669 3407 citoyen
2725 3295 3369 3385 Président....
3419 3295 3727 3399 Paris,
3789 3297 3885 3375 17
3943 3289 4593 3383 vendémiaire
4639 3315 4761 3381 an
4823 3319 4909 3379 vi

1387 3417 1505 3505 de
1555 3419 1639 3505 la
1693 3415 2319 3529 République.
2383 3421 2409 3499 1
2495 3441 2725 3527 page
2785 3417 2879 3503 in
2941 3417 3031 3503 4.

1491 3529 1559 3609 Il
1599 3531 1711 3611 lui
1767 3533 2107 3609 adresse
2147 3553 2281 3611 ses
2329 3537 2969 3611 remerciments
3023 3551 3235 3631 pour
3291 3527 3413 3607 les
3451 3527 3731 3607 divers
3785 3547 4197 3625 ouvrages
4237 3529 4447 3605 dont
4499 3527 4551 3605 il
4605 3549 4649 3605 a
4717 3527 4909 3607 bien

1385 3629 1639 3709 voulu
1681 3631 1755 3709 le
1791 3629 2187 3729 gratifier,
2229 3641 2315 3709 et
2369 3629 2443 3709 le
2499 3631 2677 3735 prie
2727 3629 3121 3727 d’agréer,
3167 3647 3337 3705 non
3395 3647 3725 3705 comme
3783 3635 4121 3719 retour,
4167 3625 4379 3705 mais
4425 3647 4757 3707 comme
4795 3649 4903 3707 un

1385 3729 1605 3829 léger
1643 3731 2163 3829 témoignage
2197 3729 2301 3809 de
2339 3749 2427 3809 sa
2465 3729 3211 3821 reconnaissance,
3265 3729 3399 3805 ses
3435 3729 3795 3807 Balaves
3829 3733 3913 3803 et
3949 3729 4103 3805 son
4147 3723 4497 3825 Joseph,
4543 3735 4709 3805 etc.

1087 3913 1273 4021 31.
1369 3867 3157 4011 BOILEAU-DESPRÉAUX.
3731 3895 3877 4007 N.
3955 3901 4287 4009 1636.
4353 3901 4511 4009 M.
4589 3907 4921 4021 1711.

1509 4061 1605 4143 L.
1659 4063 1857 4143 aut.
1901 4055 2077 4167 sig.
2119 4051 2167 4141 à
2215 4059 2455 4143 Jean
2503 4053 2897 4139 Racine.

1475 4171 1717 4249 Cette
1757 4171 2031 4261 lettre,
2059 4169 2161 4247 de
2197 4167 2401 4269 cinq
2445 4189 2725 4267 pages,
2763 4187 2865 4243 en
2913 4183 3159 4275 prose
3199 4169 3283 4239 et
3311 4183 3411 4239 en
3453 4183 3673 4259 vers,
3711 4173 3841 4239 est
3875 4183 4071 4243 sans
4109 4163 4533 4243 contredit
4569 4189 4735 4247 une
4765 4167 4913 4247 des

1377 4269 1567 4369 plus
1621 4271 2175 4367 importantes
2215 4269 2361 4377 qui
2409 4271 2639 4343 aient
2693 4265 2827 4341 été
2891 4263 3199 4339 écrites
3255 4281 3403 4359 par
3459 4259 3535 4337 le
3593 4261 3851 4359 grand
3915 4263 4353 4363 satirique.
4411 4261 4597 4343 Elle
4661 4269 4909 4347 traite

1379 4371 1629 4445 d'une
1655 4377 2059 4443 entrevue
2095 4361 2295 4463 qu’il
2339 4365 2569 4441 vient
2601 4361 2917 4439 d’avoir
2945 4379 3149 4437 avec
3191 4355 3269 4435 le
3299 4357 3701 4437 révérend
3729 4359 3925 4459 père
3953 4361 4267 4461 jésuite
4299 4363 4403 4441 de
4427 4365 4541 4441 La
4577 4365 4913 4467 Chaise,

1379 4465 1689 4565 auquel
1729 4463 1781 4541 il
1821 4487 1865 4541 a
1907 4463 1993 4541 lu
2033 4487 2123 4541 sa
2165 4459 2499 4541 célèbre
2535 4461 2801 4563 épitre
2849 4479 2993 4535 sur
3021 4459 3397 4535 l’Amour
3429 4459 3533 4535 de
3571 4457 3815 4535 Dieu.
3857 4461 4099 4539 Cette
4153 4463 4449 4559 épitre,
4495 4465 4639 4561 qui
4699 4485 4917 4543 cou¬

1383 4565 1543 4641 rait
1579 4583 1681 4639 en
1741 4561 2237 4651 manuscrit,
2279 4561 2507 4639 avait
2541 4557 2883 4637 soulevé
2935 4555 3009 4635 la
3051 4555 3373 4635 société
3407 4555 3559 4633 des
3593 4555 4011 4655 jésuites,
4065 4559 4209 4671 qui
4271 4559 4347 4639 la
4405 4561 4905 4661 proclamait

1385 4659 1649 4739 écrite
1703 4671 2003 4739 contre
2065 4657 2251 4741 elle.
2323 4659 2453 4737 On
2511 4679 2601 4737 se
2653 4655 3065 4753 disputait
3125 4675 3335 4733 avec
3389 4655 4029 4749 acharnement,
4097 4681 4143 4735 a
4203 4679 4303 4737 ce
4369 4679 4719 4761 propos,
4765 4683 4909 4743 sur

1387 4759 1765 4837 l’Amour
1821 4755 2151 4839 affectif
2177 4765 2261 4835 et
2315 4757 2689 4837 l’Amour
2731 4753 3099 4845 effectif,
3133 4775 3277 4831 sur
3323 4751 3779 4831 l’Altrition
3817 4767 3903 4833 et
3939 4755 4015 4835 la
4075 4757 4599 4851 Contrition;
4653 4759 4725 4839 le
4761 4763 4901 4843 feu

1381 4859 1587 4939 était
1633 4855 1945 4937 allumé
1979 4865 2217 4935 entre
2255 4853 2331 4935 la
2371 4855 2693 4935 société
2745 4865 2829 4933 et
2873 4853 3325 4931 Messieurs
3363 4851 3463 4929 de
3503 4853 4049 4951 Port-Royal.
4111 4855 4449 4935 Boileau
4483 4881 4529 4937 a
4577 4859 4659 4937 lu
4701 4883 4911 4943 avec

1379 4957 1719 5035 adresse
1751 4977 1857 5035 au
1903 4957 2215 5059 jésuite
2251 4955 2577 5057 l'épitre
2611 4951 3029 5053 coupable
3061 4981 3081 5049 ;
3127 4949 3181 5027 il
3225 4951 3425 5029 s’est
3463 4951 3827 5031 concilié
3861 4951 3937 5031 le
3975 4953 4173 5055 père
4209 4955 4315 5035 de
4367 4959 4477 5037 La
4531 4957 4847 5041 Chaise
4889 4995 4905 5039 :

1387 5057 1405 5133 I
1439 5059 1705 5155 épitre
1745 5067 1875 5135 est
1913 5057 2255 5135 sauvée.

1087 5247 1271 5353 32.
1369 5203 3205 5367 BOILEAU-DESPRÉAUX}
3263 5219 3635 5335 idem.

1523 5381 1793 5473 Pièce
1839 5383 1957 5471 de
2001 5405 2273 5489 vers,
2309 5375 2567 5497 (aul.
2625 5379 2857 5489 sig.)
2897 5373 2945 5463 à
2993 5383 3331 5463 mettre
3369 5397 3493 5461 au
3539 5375 3701 5463 bas
3751 5375 3883 5465 du
3939 5381 4329 5489 portrait
4395 5381 4513 5471 de
4581 5387 4905 5475 made¬

1395 5507 1811 5595 moiselle
1851 5505 1967 5593 de
2023 5501 2589 5615 Lamoignon
2629 5567 2655 5607 ,
2705 5499 2913 5587 huit
2961 5521 3215 5601 vers,
3279 5493 3531 5585 in-4.

1741 5643 1919 5717 Aux
1963 5633 2363 5715 sublimes
2409 5643 2695 5711 vertus
2731 5631 3075 5709 nourrie
3115 5651 3217 5707 en
3277 5651 3367 5709 sa
3413 5625 3783 5725 famille,

1933 5737 2177 5811 Celte
2209 5729 2667 5811 admirable
2703 5741 2787 5809 et
2825 5731 3099 5807 sainte
3141 5727 3311 5807 fille

1723 5837 1849 5909 En
1891 5841 2081 5911 tous
2117 5831 2337 5909 lieux
2389 5827 2705 5931 signala
2749 5851 2903 5909 son
2939 5827 3283 5907 humble
3319 5827 3679 5927 piété....

1089 6023 1271 6135 33.
1369 6003 2357 6117 BONAPARTE
2421 6005 3177 6145 (Napoléon).
3697 6005 3843 6115 N.
3931 6011 4251 6119 1769.
4323 6011 4485 6125 M.
4563 6019 4891 6131 1821.

1515 6161 1607 6247 1°
1647 6161 1765 6247 Sa
1799 6159 1975 6271 sig.
2013 6161 2665 6255 Buonaparte,
2705 6179 3069 6245 comme
3107 6155 3483 6267 général
3525 6179 3641 6247 en
3679 6155 3899 6249 chef
3915 6155 4031 6247 de
4071 6159 4455 6251 l’armée
4487 6163 4901 6271 d’Italie,

1393 6309 1553 6371 sur
1597 6305 1781 6369 une
1819 6283 2097 6369 lettre
2143 6277 2417 6367 datée
2451 6275 2979 6385 d’Oneille,
3025 6277 3115 6365 le
3163 6277 3277 6363 25
3319 6275 3747 6385 pluviôse
3793 6299 3913 6365 an
3967 6301 4065 6365 iii
4103 6315 4127 6387 ;

1515 6407 1613 6487 2°
1671 6405 1789 6489 Sa
1835 6401 2011 6515 sig.
2067 6403 2647 6497 Bonaparte,
2691 6423 3053 6489 comme
3099 6397 3521 6487 Premier
3563 6401 3971 6507 Consul,
4021 6423 4181 6489 sur
4233 6421 4415 6491 une
4463 6401 4739 6497 lettre
4783 6431 4901 6495 au

1395 6521 1821 6611 ministre
1851 6521 1969 6609 de
2007 6523 2093 6609 la
2145 6543 2481 6633 guerre
2523 6519 2797 6609 datée
2849 6519 2967 6609 de
3005 6521 3307 6619 Paris,
3363 6519 3451 6605 le
3515 6527 3539 6601 1
3563 6535 3633 6575 er
3695 6521 4109 6629 pluviôse
4149 6543 4269 6607 an
4319 6545 4479 6607 vm
4517 6557 4543 6629 ;

1519 6645 1617 6725 3°
1667 6643 1787 6727 Sa
1837 6641 2007 6751 sig.
2053 6645 2281 6729 Nap.
2337 6663 2497 6727 sur
2549 6665 2731 6731 une
2775 6643 3051 6731 lettre
3099 6665 3215 6727 au
3277 6639 3655 6751 général
3713 6641 4025 6749 Pajol,
4071 6641 4343 6731 datée
4375 6639 4495 6727 de
4525 6649 4903 6759 Troyes,

1395 6763 1483 6849 le
1531 6763 1581 6847 3
1629 6757 1983 6851 février
2051 6761 2321 6851 1814.
2371 6765 2673 6853 Lettre
2731 6759 3439 6851 très-curieuse.
3503 6759 3837 6851 Ordre
3883 6757 4001 6847 de
4079 6759 4547 6867 bataille;

1513 6885 1615 6969 4°
1693 6881 2141 6989 Apostille
2193 6883 2313 6971 de
2389 6881 2635 6971 deux
2713 6881 3009 6995 lignes
3091 6887 3401 6995 aulog.
3477 6891 3569 6971 et
3649 6885 3823 6991 sig.
3895 6905 4057 6971 sur
4127 6907 4255 6969 un
4333 6893 4713 6995 rapport
4777 6885 4907 6975 du

1387 7003 1819 7091 ministre
1867 7003 2343 7109 Berlhier,
2399 7001 2611 7093 daté
2667 7003 2785 7091 de
2829 7003 3359 7107 Smolcnsk,
3411 7009 3501 7089 11
3563 7005 4063 7095 novembre
4115 7007 4399 7107 1812;

1521 7127 1617 7207 5°
1661 7123 2111 7233 Apostille
2137 7123 2253 7209 de
2291 7123 2531 7211 deux
2579 7123 2877 7231 lignes
2923 7133 3115 7213 aut.
3173 7147 3335 7211 sur
3377 7147 3505 7209 un
3559 7131 3937 7235 rapport
3977 7131 4293 7237 aulog.
4363 7121 4487 7209 du
4551 7121 4731 7215 duc
4791 7127 4911 7217 de

1403 7247 1749 7347 Fellrc,
1809 7245 2083 7333 datée
2129 7241 2243 7335 de
2285 7245 2551 7333 Saint
2597 7243 2891 7333 Cloud
2933 7313 2953 7351 ,
2997 7247 3081 7331 le
3155 7247 3255 7327 10
3311 7241 3547 7333 avril
3619 7247 3879 7331 1813.
