4267 7242
1870 659 2305 751 - 20 -
809 850 1227 942 porcelaine
1263 848 1351 920 de
1389 846 1675 934 Sèvres,
1707 846 2037 919 membre
2077 845 2169 917 de
2191 842 2627 917 l’Académie
2657 839 2785 911 des
2809 838 3175 912 Sciences.
3221 833 3295 906 L.
3343 853 3407 903 a.
3441 852 3541 916 s.,

807 945 846 1017 à
887 945 984 1021 M.
1039 944 1106 1018 le
1143 945 1370 1017 baron
1415 942 1744 1015 d’Acher.
1791 943 2076 1025 Sèvres,
2119 943 2164 1011 9
2197 939 2446 1031 juillet
2489 934 2700 1009 1829.
2739 935 2782 1007 3
2819 954 2934 1030 gr.
2981 955 3062 1025 p.
3107 929 3298 1003 in—4.
3355 929 3398 997 6
3501 954 3538 992 »

908 1041 1140 1114 Lettre
1182 1041 1660 1112 intéressante
1694 1059 1778 1110 au
1818 1038 2012 1126 sujet
2052 1037 2182 1109 des
2226 1035 2566 1128 poitrails
2604 1043 2674 1104 cl
2710 1031 2956 1102 bustes
2998 1033 3126 1099 des
3170 1022 3538 1096 membres

811 1141 901 1212 de
975 1135 1041 1208 la
1109 1134 1379 1208 famille
1421 1132 1697 1229 royale,
1741 1153 1883 1226 que
1947 1132 2099 1230 Mgr
2169 1131 2231 1201 le
2301 1128 2623 1221 dauphin
2668 1126 2907 1199 désire
2959 1122 3199 1196 avoir.
3260 1119 3351 1190 Le
3397 1116 3533 1200 roi,

813 1235 902 1306 M.
937 1231 1002 1299 le
1045 1230 1188 1303 duc
1223 1231 1314 1303 de
1365 1230 1770 1313 Bordeaux,
1805 1220 2434 1298 Mademoiselle...
2465 1251 2500 1285 «
2535 1222 2582 1292 Il
2611 1233 2716 1292 est
2755 1239 3072 1313 presque
3111 1208 3544 1310 impossible

812 1359 848 1396 «
888 1326 1164 1399 d’avoir
1210 1348 1300 1397 un
1350 1326 1490 1396 bon
1538 1325 1750 1396 buste
1768 1321 1858 1393 de
1880 1320 1948 1393 8.
1978 1322 2058 1392 A.
2100 1321 2178 1391 N.
2220 1317 2544 1388 Madame
2590 1316 2654 1386 la
2680 1316 3088 1406 Dauphine,
3116 1324 3302 1382 celle
3334 1306 3542 1401 prin¬

813 1443 851 1495 ce
885 1442 1091 1495 cesse
1121 1441 1209 1492 ne
1243 1418 1649 1515 paraissant
1687 1437 1817 1510 pas
1844 1415 2187 1508 disposée
2220 1418 2259 1482 à
2292 1412 2581 1486 donner
2620 1410 2725 1478 les
2757 1412 3063 1481 séances
3093 1402 3547 1478 nécessaires

815 1549 852 1586 «
899 1539 936 1587 a
973 1536 1056 1586 ce
1097 1536 1326 1610 genre
1367 1514 1455 1584 de
1493 1509 1836 1605 portrait,
1901 1522 1975 1581 et
2013 1528 2251 1583 aucun
2295 1506 2387 1580 de
2437 1528 2621 1577 ceux
2683 1503 2803 1595 qui
2865 1515 2991 1572 ont
3051 1504 3165 1573 clé
3239 1499 3401 1570 laits
3449 1516 3541 1566 ne

814 1644 846 1680 «
896 1611 1210 1704 m’ayant
1252 1630 1424 1701 paru
1466 1604 2246 1680 satisfaisant.»

728 1708 887 1781 185.
946 1711 1051 1775 Lîi
1084 1725 1261 1776 niât
1316 1702 1409 1794 (le
1448 1697 1869 1791 maréchal).
1910 1696 2009 1768 Né
2044 1699 2091 1770 à
2118 1696 2361 1768 Drives
2392 1693 2783 1787 (Corrèze),
2814 1689 3179 1762 assassiné
3208 1707 3297 1758 en
3332 1684 3541 1757 1815.

821 1805 895 1874 L.
949 1810 1109 1873 mit.
1161 1799 1350 1893 sig.,
1401 1795 1801 1888 Boulogne,
1855 1792 1935 1863 15
1971 1791 2113 1864 mai
2157 1790 2373 1862 1806.
2431 1791 2459 1859 1
2507 1810 2583 1883 p.
2635 1786 2873 1860 in-12.
3361 1781 3405 1851 3
3509 1810 3543 1846 »

722 1900 884 1969 186.
946 1895 1342 1966 Itiiarfoe
1396 1887 1992 1982 (Jean-Nicolas),
2060 1887 2088 1955 1
2106 1895 2164 1929 er
2216 1884 2638 1977 géographe
2691 1881 2788 1951 du
2842 1880 2998 1961 roi,
3072 1875 3402 1951 membre
3455 1874 3548 1946 de

818 1988 1253 2065 l’Académie
1286 1986 1417 2059 des
1456 1985 1813 2057 sciences.
1860 1982 1955 2052 Né
1992 1981 2031 2052 à
2076 1977 2895 2053 La-Ncuville-rm-Pont
2938 1971 3543 2066 (Haute-Marne).

823 2087 903 2165 L.
949 2096 1105 2158 aut.
1163 2083 1309 2179 sig.
1355 2079 1581 2163 Paris,
1621 2075 1895 2170 20juin
1937 2073 2157 2151 1791.
2215 2076 2241 2144 1
2301 2096 2377 2166 p.
2433 2073 2543 2167 pl.
2593 2071 2781 2145 in-4.
3363 2065 3407 2135 2
3457 2066 3551 2136 75

721 2184 884 2255 187.
955 2182 1322 2269 Bulow,
1358 2175 1688 2248 ministre
1720 2168 2362 2266 plénipotentiaire
2403 2169 2496 2241 de
2559 2166 2628 2236 la
2685 2164 2940 2237 Russie
2972 2185 3058 2233 au
3091 2162 3414 2256 Congrès
3457 2160 3552 2232 de

822 2277 1045 2353 Paris.
1086 2276 1133 2344 L
1230 2297 1303 2347 a.
1366 2294 1473 2353 s.,
1522 2268 1873 2353 Londres,
1914 2270 1958 2336 8
2002 2264 2400 2340 novembre
2452 2260 2656 2332 1832.
2716 2263 2742 2329 1
2798 2282 2874 2351 p.
2936 2257 3042 2350 pl.
3100 2256 3288 2329 in-8.
3362 2257 3404 2325 -i
3456 2254 3548 2324 50

733 2371 861 2444 188
967 2366 1443 2454 Biiff<raui<9
1491 2363 1587 2451 (le
1627 2362 2051 2452 maréchal),
2093 2358 2233 2433 duc
2277 2357 2529 2451 A'Isly.
2579 2354 2679 2428 Né
2721 2352 2759 2425 à
2813 2352 3133 2443 Limoges
3155 2404 3169 2424 .
3231 2349 3311 2423 L.
3381 2362 3537 2420 aut.

819 2467 1008 2563 sig.,
1065 2465 1292 2551 Paris,
1321 2460 1412 2532 13
1443 2457 1710 2531 février
1753 2457 1968 2529 1815.
2019 2457 2066 2528 2
2109 2477 2186 2547 p.
2241 2452 2348 2544 pl.
2403 2452 2592 2524 in-4.
2641 2447 3024 2523 Curieuse.
3367 2447 3412 2513 4
3511 2470 3548 2510 »

732 2558 896 2639 189.
964 2550 1780 2651 Bns»y-Rabutin
1812 2551 1908 2643 (le
1948 2565 2188 2624 comte
2238 2550 2476 2644 Roger
2528 2546 2684 2638 de),
2746 2556 3002 2615 auteur
3048 2538 3138 2611 de
3198 2536 3558 2612 l'Histoire

819 2673 1243 2731 amoureuse
1285 2648 1407 2723 des
1451 2645 1751 2736 Gaules,
1813 2661 1955 2722 etc.
2043 2645 2115 2714 L.
2175 2656 2325 2716 aut.
2401 2639 2575 2741 sig.,
2643 2659 2733 2714 au
2811 2638 3059 2731 prince
3134 2634 3227 2706 de
3304 2631 3551 2705 Condé

821 2752 1070 2840 (Louis
1111 2751 1198 2835 II,
1235 2747 1322 2817 de
1361 2744 1726 2822 Bourbon,
1755 2741 1860 2813 dit
1899 2740 1962 2813 le
1995 2736 2294 2828 Grand}.
2337 2733 2648 2822 Chaseu,
2689 2737 2734 2801 9
2767 2754 2934 2804 nov.
2975 2731 3186 2801 1668.
3231 2729 3302 2798 Il
3339 2749 3548 2825 gr.p.

826 2845 926 2938 pl.
972 2848 1150 2917 in-4.
1186 2837 1510 2931 Superbe
1556 2848 1624 2909 et
1662 2835 2032 2928 précieuse
2070 2829 2642 2926 lettre,parfaite
2678 2827 3230 2901 conservation.
3272 2823 3412 2893 525
3514 2852 3552 2892 »

922 2941 971 3011 Il
1041 2960 1125 3014 se
1154 2932 1433 3029 justifie
1471 2952 1737 3005 envers
1798 2929 1895 2999 lui
1964 2928 2135 3002 d’un
2198 2926 2365 2999 faux
2423 2923 2821 2995 manuscrit
2885 2921 3101 3014 qu’on
3177 2917 3373 2990 avait
3432 2914 3561 2988 fait

823 3036 1070 3107 courir
1105 3051 1280 3104 sous
1319 3050 1450 3098 son
1489 3048 1688 3099 nom.
1745 3023 1836 3096 Le
1879 3024 2032 3095 vrai
2085 3022 2255 3117 qu’il
2311 3044 2352 3094 a
2391 3020 2671 3093 soumis
2707 3039 2793 3089 au
2841 3018 2947 3088 roi
2985 3027 3095 3087 est
3137 3024 3291 3086 tout
3331 3008 3555 3083 diffé¬

832 3143 994 3201 rent
1022 3130 1112 3204 de
1142 3124 1328 3200 celui
1370 3121 1580 3216 qu’on
1630 3120 1730 3190 lui
1774 3120 2120 3191 attribue.
2172 3116 2678 3188 Persécutions
2714 3112 2928 3207 qu’on
2970 3109 3070 3179 lui
3104 3130 3142 3181 a
3180 3107 3308 3180 fait
3344 3106 3548 3179 subir

834 3227 875 3294 à
910 3245 995 3297 ce
1029 3224 1251 3312 sujet.
1310 3220 1547 3311 Longs
1584 3226 1657 3287 et
1698 3214 2183 3286 intéressants
2216 3211 2509 3284 détails.

749 3319 907 3391 190.
969 3317 1273 3391 Cadet
1315 3306 1949 3400 (Louis-Charles),
1999 3306 2387 3391 chimiste,
2441 3299 2769 3375 membre
2817 3300 2907 3372 de
2957 3296 3391 3371 l’Académie
3427 3296 3561 3368 des

832 3413 1196 3485 sciences.
1258 3406 1340 3480 L.
1396 3417 1540 3478 aut.
1586 3404 1774 3500 sig.,
1820 3403 1896 3471 31
1954 3401 2094 3472 mai
2140 3400 2346 3472 1785.
2406 3401 2432 3467 1
2490 3418 2566 3491 p.
2626 3395 2728 3488 pl.
2790 3395 2978 3467 in-4.
3375 3388 3418 3459 3
3465 3390 3560 3460 50

740 3507 909 3581 191.
984 3497 2105 3581 Cadet-de-CiawsriconiB't
2184 3489 2829 3585 (Charles-Louis),
2916 3485 3383 3580 pharmacien
3468 3484 3561 3558 de

835 3601 1311 3692 l’Empereur,
1375 3605 1615 3688 poète,
1659 3591 1987 3662 membre
2031 3589 2125 3660 du
2169 3586 2443 3661 Caveau
2511 3583 2885 3656 Moderne.
2959 3581 3029 3652 L.
3071 3592 3223 3651 aut.
3289 3579 3479 3675 sig.,
3525 3584 3565 3650 à

833 3695 922 3767 M.
973 3693 1302 3768 Barbier.
1351 3687 1578 3771 Paris,
1619 3682 1712 3756 23
1756 3683 2158 3756 novembre
2215 3682 2430 3752 1813.
2483 3680 2530 3749 2
2574 3702 2652 3770 p.
2708 3677 2806 3769 pl.
2847 3676 3038 3749 in-4.
3381 3672 3422 3741 3
3475 3674 3568 3744 50

750 3789 913 3863 192.
974 3784 1773 3863 Cadet-de-Vawx
1852 3773 2523 3869 (Antoine-Alexis),
2582 3790 3031 3868 agronome,
3082 3766 3563 3854 économiste,

835 3884 1167 3958 membre
1191 3881 1285 3953 de
1309 3876 1377 3950 la
1419 3875 1703 3948 Société
1745 3871 2291 3969 d’agriculture,
2343 3869 2433 3940 de
2485 3864 2921 3939 l’Académie
2975 3865 3065 3933 de
3131 3863 3551 3936 médecine.

841 3979 920 4051 L.
989 3990 1138 4049 aut.
1185 3975 1374 4069 sig.,
1423 3969 1648 4056 Paris,
1695 3967 1778 4040 16
1815 3965 2184 4039 brumaire
2225 3986 2318 4036 an
2357 3963 2510 4035 Vil.
2571 3962 2602 4032 1
2669 3983 2744 4053 p.
2803 3958 2904 4053 pl.
2961 3969 3038 4029 et
3085 3958 3326 4028 demie
3371 3957 3554 4032 in-4.

836 4073 1356 4144 Intéressante.
3382 4050 3426 4121 3
3478 4049 3570 4122 50

745 4167 907 4238 193.
963 4160 1761 4239 Cadct-dc-Vaux
1829 4155 1925 4247 (le
1989 4156 2285 4244 même).
2347 4153 2425 4224 L.
2479 4150 2667 4246 sig.,
2711 4153 2751 4219 à
2792 4146 2883 4220 M.
2932 4148 2997 4220 le
3032 4147 3173 4220 duc
3214 4145 3575 4239 d’Angou-

843 4261 1064 4334 lème.
1121 4259 1346 4342 Paris,
1389 4256 1432 4324 9
1473 4253 1866 4325 décembre
1915 4250 2132 4321 1822.
2187 4248 2232 4321 2
2275 4270 2352 4340 p.
2409 4233 2610 4320 in-4.
3385 4232 3440 4311 5
3531 4268 3570 4306 »

934 4357 1076 4427 Son
1120 4359 1284 4426 âme
1314 4371 1488 4422 aura
1532 4350 1646 4419 été
1688 4345 2030 4419 déchirée
2088 4365 2180 4415 en
2228 4344 2442 4414 lisant
2480 4340 2666 4411 dans
2714 4334 2778 4409 le
2834 4334 3428 4408 Constitutionnel
3470 4334 3562 4406 du

842 4451 889 4522 5
928 4451 997 4521 la
1038 4450 1251 4520 lettre
1304 4446 1393 4516 de
1430 4443 1523 4515 M.
1576 4440 1875 4517 Cochin,
1917 4438 2147 4510 maire
2192 4438 2287 4508 du
2328 4435 2415 4508 12
2418 4445 2445 4479 e
2485 4433 3145 4514 arrondissement,
3212 4428 3577 4526 faubourg

843 4542 1524 4615 Saint-Marceau....
1573 4564 1611 4601 «
1647 4533 1834 4608 7000
1859 4536 2238 4631 ménages,
2275 4554 2356 4604 ce
2389 4531 2511 4623 qui
2553 4527 2915 4602 constitue
2949 4545 3095 4597 une
3145 4523 3571 4618 population

848 4667 884 4704 «
924 4639 1014 4711 de
1042 4637 1132 4708 28
1162 4635 1200 4707 à
1238 4629 1910 4717 30000individus,
1942 4648 2330 4711 manquant
2370 4647 2458 4693 de
2486 4644 2714 4707 tout;
2748 4626 2938 4693 arrêt
2986 4619 3244 4691 inscrit
3282 4621 3464 4689 dans
3506 4616 3578 4690 la

849 4763 887 4798 «
926 4735 1165 4805 lettre.
1192 4729 1291 4801 Eh
1318 4732 1333 4798 !
1376 4730 1419 4798 il
1448 4751 1487 4820 y
1524 4749 1561 4797 a
1582 4745 1765 4797 onze
1794 4738 2037 4796 autres
2060 4721 2629 4814 municipalités.
2652 4715 2835 4790 C’est
2862 4716 2929 4788 le
2964 4728 3179 4808 quart
3212 4714 3303 4786 de
3332 4713 3401 4785 la
3436 4734 3577 4806 po-

853 4859 891 4893 «
925 4826 1251 4923 pulalion
1279 4822 1369 4895 de
1401 4805 1465 4894 là
1495 4820 1805 4911 capitale
1829 4841 1999 4891 sans
2023 4819 2391 4891 existence
2431 4814 2813 4909 physique,
2861 4807 3115 4883 nudité
3143 4807 3475 4896 absolue,
3509 4821 3583 4882 et

848 4951 886 4988 «
926 4932 1178 4995 contre
1208 4919 1318 4991 les
1334 4918 1668 5014 rigueurs
1698 4916 1788 4986 de
1808 4913 1872 4985 la
1890 4914 2166 4997 saison,
2198 4912 2262 4981 la
2288 4912 2450 5004 plus
2474 4912 2716 4981 mince
2746 4907 2980 4978 litière
3006 4905 3094 4975 de
3120 4903 3364 4996 paille.
3392 4902 3582 4974 Pour

854 5045 891 5081 «
928 5016 1365 5098 combattre,
1410 5034 1499 5084 ou
1546 5010 1783 5103 plutôt
1818 5030 2003 5101 pour
2044 5006 2365 5103 aiguiser
2406 5003 2475 5075 la
2516 5002 2721 5089 faim,
2728 5022 2869 5075 une
2896 5019 3089 5078 once
3130 5020 3217 5068 de
3244 5019 3501 5070 pain...
3538 5025 3579 5064 »

765 5113 931 5185 194.
995 5106 1501 5185 CatfomlaB
1557 5103 1965 5198 (Sépulture
2033 5103 2121 5174 de
2179 5100 2561 5197 Georges).
2621 5097 2701 5169 L.
2781 5108 2929 5168 aut.
2973 5097 3165 5189 sig.,
3229 5094 3323 5164 du
3377 5092 3579 5164 sieur

858 5205 1142 5288 Allard,
1188 5202 1576 5295 concierge
1639 5200 1736 5268 du
1800 5196 2174 5269 cimetière
2215 5191 2920 5276 Sainte-Catherine,
2970 5191 3092 5283 qui
3136 5200 3394 5260 atteste
3436 5209 3580 5280 que

858 5301 967 5371 les
1008 5309 1239 5370 restes
1280 5296 1369 5367 de
1424 5295 1747 5390 Georges
1786 5291 2155 5363 Cadoudal
2210 5300 2341 5361 ont
2362 5291 2476 5358 été
2514 5288 2905 5370 inhumés,
2960 5299 3032 5358 cl
3092 5296 3258 5355 sont
3310 5302 3580 5354 encore

859 5397 1043 5465 dans
1095 5394 1161 5462 le
1223 5389 1597 5461 cimetière
1663 5388 1843 5460 dont
1883 5388 1929 5457 il
1995 5397 2105 5458 est
2169 5383 2503 5481 gardien.
2555 5381 2791 5465 Paris,
2835 5378 2925 5452 29
2961 5379 3121 5470 juin
3163 5377 3379 5449 1814.
3427 5376 3575 5470 1p.

859 5488 1040 5562 in-4.
1099 5485 1406 5558 Curieux
1441 5483 1866 5555 document.
3395 5470 3440 5539 6
3541 5497 3580 5538 »

766 5585 934 5661 195.
1002 5576 1456 5655 CaiBIaiid
1496 5576 1916 5665 (Frédéric),
1974 5592 2350 5667 voyageur
2408 5571 2592 5641 dans
2650 5570 2716 5640 la
2772 5559 3340 5661 Haute-Egypte.
3398 5562 3502 5636 Né
3544 5571 3582 5636 à

859 5677 1153 5751 Nantes.
1195 5675 1269 5743 L.
1315 5686 1465 5744 aut.
1499 5671 1669 5767 sig.,
1707 5676 1747 5740 à
1777 5669 1859 5739 M.
1909 5663 2689 5741 Hardouin-Michelin.
2731 5661 3025 5747 Nantes,
3065 5662 3153 5731 14
3189 5658 3585 5732 décembre

859 5770 1076 5846 1828.
1141 5771 1174 5840 1
1225 5791 1302 5861 p.
1359 5768 1458 5860 pl.
1501 5765 1692 5836 in-4.
3397 5752 3440 5823 3
3547 5785 3582 5820 »

766 5869 936 5945 196.
1000 5865 1384 5939 Calmet
1432 5861 1634 5952 (Dom
1704 5856 2114 5953 Augustin),
2180 5856 2368 5927 abbé
2428 5855 2518 5923 de
2578 5852 2934 5924 Sénoncs.
2996 5851 3066 5919 L.
3126 5860 3272 5920 aut.
3324 5849 3498 5941 sig.,
3546 5855 3584 5920 à

858 5963 1065 6037 Titon
1104 5960 1207 6030 Du
1242 5958 1479 6030 Tillet.
1516 5955 1561 6019 8
1603 5960 1775 6027 août
1814 5950 2025 6022 1742.
2070 5949 2113 6021 3
2151 5973 2223 6043 p.
2266 5949 2447 6021 in-4.
2496 5948 3015 6020 Intéressante.
3350 5940 3443 6013 16
3494 5942 3585 6012 50
