4267 7242
1938 673 2376 764 -22-
835 887 1011 940 avec
1051 867 1121 939 le
1189 863 1339 938 mol
1381 863 1507 935 bon
1565 862 1655 932 île
1717 858 1785 932 la
1821 856 2019 931 main
2061 856 2159 934 du
2203 856 2309 931 roi
2377 876 2465 926 en
2529 872 2811 946 marge.
2895 853 2913 921 1
2981 873 3051 945 p.
3131 849 3337 935 in-4;
3375 886 3471 899 —
3505 848 3581 918 3“

831 961 1188 1036 mémoire
1229 980 1315 1032 en
1353 957 1605 1033 faveur
1643 954 1735 1028 de
1773 975 1907 1027 son
1939 953 2315 1046 pelit-iils.
2359 952 2403 1024 3
2441 974 2511 1042 p.
2571 948 2817 1021 in-fol.
3391 942 3437 1015 5
3539 972 3575 1004 ■»

734 1059 814 1133 21
834 1062 912 1134 o.
972 1054 1448 1134 CIioi»eul
1486 1050 1956 1145 Beaupré
1994 1042 2746 1140 (Antoine-Clériadee
2786 1044 2934 1133 de),
2978 1042 3442 1133 archevêque
3486 1034 3578 1108 de

836 1156 1241 1239 Besançon.
1274 1152 1351 1226 L.
1384 1161 1537 1225 nul.
1568 1150 1747 1244 sig.,
1778 1167 1869 1219 au
1908 1144 2049 1216 duc
2078 1145 2171 1218 de
2208 1142 2570 1219 Bouillon.
2600 1141 3002 1226 Besançon.
3036 1136 3128 1209 29
3158 1136 3323 1209 déc.
3372 1134 3572 1204 1750.

831 1250 877 1320 2
917 1274 985 1344 p.
1037 1249 1233 1319 in-4.
3391 1230 3435 1301 3
3539 1256 3577 1294 »

739 1348 902 1419 210.
959 1345 1464 1434 <'Jioni|>B’C
1509 1332 2244 1429 (Nicolas-Maurice),
2273 1330 2390 1405 fils
2417 1332 2510 1404 de
2539 1329 2850 1407 l'auteur
2871 1327 3004 1401 des
3043 1324 3580 1402 dictionnaires

836 1442 928 1512 de
994 1439 1062 1511 la
1106 1438 1332 1511 Fable
1386 1449 1462 1507 cl
1500 1435 1590 1507 de
1660 1432 1726 1502 la
1792 1428 2022 1512 Bible,
2070 1451 2162 1500 un
2230 1429 2360 1500 des
2414 1425 2846 1520 principaux
2890 1423 3318 1497 rédacteurs
3378 1421 3468 1492 de
3512 1420 3578 1492 la

834 1533 1225 1610 collection
1264 1532 1395 1606 des
1436 1526 1835 1601 mémoires
1876 1546 2003 1595 sur
2046 1522 2153 1596 les
2206 1517 2533 1607 Chinois,
2586 1543 2677 1591 en
2746 1520 2827 1588 14
2866 1517 3011 1589 vol.
3064 1518 3245 1600 in-4,
3292 1516 3566 1591 mathé¬

837 1627 1215 1707 maticien.
1275 1628 1345 1698 b.
1401 1639 1557 1699 aut.
1613 1622 1789 1718 sig.,
1827 1625 1865 1689 à
1901 1616 1991 1690 M.
2037 1618 2129 1690 de
2177 1613 2697 1691 Frémonvillc.
2739 1611 2965 1701 Paris,
3019 1615 3099 1681 14
3149 1617 3325 1686 août
3377 1612 3575 1684 1800.

835 1728 876 1798 3
913 1750 984 1820 p.
1029 1725 1132 1817 pl.
1173 1724 1352 1795 in-4.
3393 1708 3438 1775 3
3539 1736 3578 1772 »

740 1823 878 1894 217
976 1817 1378 1904 €Iioi*oib
1430 1809 1878 1903 (Alex.-El.),
1942 1807 2444 1902 compositeur
2520 1805 2612 1879 de
2654 1802 3020 1898 musique.
3092 1802 3190 1872 Né
3258 1805 3296 1873 à
3362 1805 3576 1874 Cnn?.

836 1916 917 1988 L.
954 1927 1105 1988 aut.
1148 1914 1323 2010 sig.,
1364 1935 1399 1982 i>
1454 1908 1613 1981 MM.
1662 1908 1765 1976 les
1804 1900 2447 1976 administrateurs
2502 1901 2595 1971 de
2650 1899 3023 1973 l'Athénée
3060 1897 3289 1992 royal.
3352 1897 3581 1982 Paris,

835 2012 927 2082 20
969 2017 1141 2082 août
1195 2008 1391 2080 1815.
1437 2007 1481 2075 2
1525 2024 1637 2103 gr.
1685 2026 1761 2096 p.
1829 1992 2075 2069 in-fol.
2117 1995 2315 2071 belle
2359 1998 2595 2072 lettre.
3393 1996 3439 2063 0
3539 2020 3577 2058 »

935 2106 1174 2180 Lettre
1215 2104 1702 2174 intéressante
1735 2117 1824 2168 au
1861 2092 2056 2182 sujet
2087 2093 2180 2165 du
2217 2114 2350 2165 son
2397 2111 2614 2168 cours
2641 2090 2736 2164 de
2777 2087 3058 2162 théorie
3087 2087 3474 2162 musicale.

738 2203 912 2274 218.
976 2197 1390 2280 CiiBB'ke,
1456 2197 1598 2269 duc
1668 2189 1756 2264 de
1814 2189 2044 2260 Feltre
2052 2244 2072 2270 ,
2142 2187 2510 2263 maréchal
2584 2187 2676 2259 de
2748 2186 3054 2258 France.
3144 2182 3242 2254 Né
3304 2185 3344 2257 à
3392 2184 3586 2257 Lan-

840 2295 1109 2368 tlrccics
1148 2292 1423 2385 (Nord).
1466 2291 1543 2363 L.
1588 2300 1739 2362 aut.
1776 2285 1963 2377 sig.,
1996 2306 2083 2354 au
2130 2284 2453 2377 premier
2498 2280 2789 2355 consul.
2848 2276 3253 2364 Bruxelles,
3284 2277 3379 2349 20
3444 2280 3577 2352 fri¬

839 2390 1065 2464 maire
1103 2413 1191 2461 an
1229 2412 1297 2460 v.
1353 2390 1373 2458 1
1433 2409 1501 2479 p.
1545 2387 1719 2457 in-4.
3395 2374 3439 2445 2
3489 2376 3583 2448 50

741 2487 916 2557 210.
979 2486 1380 2560 ClaiBKcI
1423 2481 1554 2555 de
1583 2483 2064 2570 IHontalM,
2107 2479 2388 2571 évêque
2427 2476 2520 2546 de
2561 2473 2926 2544 Chartres.
2967 2473 3042 2543 L.
3091 2482 3242 2542 aut.
3285 2469 3460 2565 sig.,
3489 2494 3578 2542 au

840 2580 1156 2654 vicomte
1202 2578 1294 2649 de
1338 2579 1914 2675 Montmorency.
1960 2573 2250 2652 Samedi
2288 2574 2406 2643 21.
2456 2572 2474 2640 1
2526 2593 2598 2663 p.
2640 2570 2818 2641 in-4.
3396 2566 3440 2635 3
3540 2594 3578 2630 »

742 2678 907 2747 220.
964 2676 1399 2756 Oasixel,
1444 2674 1809 2746 maréchal
1852 2677 1947 2749 de
1996 2676 2303 2746 France.
2372 2668 2449 2738 L.
2492 2679 2645 2738 aut.
2704 2664 2847 2760 sig.
2886 2660 3255 2748 Aulerive,
3318 2661 3403 2731 18
3438 2664 3581 2736 mai

849 2771 1113 2842 1841.1
1159 2793 1235 2863 p.
1285 2770 1387 2862 pl.
1423 2767 1607 2839 in-4.
3397 2756 3443 2827 2
3489 2758 3583 2830 50

741 2867 912 2938 221.
977 2867 2084 2940 ('.IcriHonf-'S'oiBBicri'e
2113 2861 2210 2950 (le
2256 2855 2618 2939 cardinal,
2653 2854 2798 2925 duc
2825 2852 2972 2943 de),
3010 2852 3474 2945 archevêque
3489 2854 3580 2924 de

840 2962 1232 3034 Toulouse.
1262 2958 1340 3032 L.
1378 2971 1522 3030 aut.
1564 2958 1740 3054 sig.,
1766 2965 1806 3031 à
1840 2959 1930 3031 M.
1966 2957 2308 3032 Moulins.
2346 2954 2436 3024 23
2464 2967 2652 3043 sept.
2696 2948 2900 3018 1800.
2940 2949 3082 3041 2p.
3122 2948 3308 3018 in-4.
3398 2948 3442 3019 3
3540 2976 3580 3012 •»

744 3056 911 3127 222.
968 3056 1357 3130 Comité
1407 3055 1533 3127 «le
1589 3058 1857 3149 nhEiiI
1919 3053 2263 3149 pnldk
2318 3048 2445 3122 de
2498 3049 2597 3121 I»
2638 3042 3269 3119 Convention
3306 3045 3585 3133 (Arrêté

841 3150 991 3240 du),
1029 3151 1243 3247 signé
1281 3148 1789 3237 Cambacérès,
1845 3148 2177 3233 Doulcet,
2239 3144 2551 3227 Taliien,
2613 3126 3001 3213 Dcfermon
3051 3150 3119 3208 et
3193 3137 3455 3224 Marée,
3493 3162 3579 3210 au

840 3248 1036 3336 sujet
1065 3247 1164 3319 du
1202 3246 1486 3340 citoyen
1529 3244 2056 3340 Becquemonl,
2086 3234 2778 3340 procureur-syndic
2813 3236 2906 3306 du
2937 3232 3226 3307 district
3259 3233 3588 3308 dePont-

844 3342 1210 3435 FEvOque.
1260 3341 1500 3417 Paris,
1546 3341 1638 3411 44
1680 3341 2086 3413 thermidor
2126 3361 2214 3410 an
2274 3356 2380 3407 ni.
2432 3333 2864 3425 Demi-page
2908 3328 3152 3401 in-fol.
3406 3330 3444 3397 4
3542 3358 3580 3396 •»

742 3439 915 3512 223.
982 3434 1371 3510 Comité
1424 3435 1551 3507 de
1635 3439 1991 3511 sneeté
2051 3432 2541 3528 générale
2611 3427 2739 3499 <1«*
2790 3428 2885 3498 Sa
2948 3422 3577 3498 Convention

839 3535 1117 3622 (Arrêté
1159 3531 1319 3622 du).
1385 3529 1605 3625 Signé
1651 3530 1969 3628 Ingrand
2011 3546 2079 3600 et
2123 3524 2455 3615 Alquicr,
2493 3541 2677 3596 avec
2721 3520 2895 3590 trois
2939 3519 3177 3613 lignes
3213 3531 3367 3591 aut.
3421 3520 3569 3614 sig.

844 3628 934 3700 de
971 3623 1524 3700 Lavicomlcrie.
1572 3624 1802 3711 Paris,
1834 3627 1926 3695 27
1966 3632 2136 3698 août
2184 3620 2400 3693 1793.
2450 3620 2468 3688 1
2524 3639 2604 3711 p.
2661 3614 2906 3688 in-fol.
2941 3611 3240 3688 Cachet.
3398 3614 3444 3679 5
3491 3592 3510 3614 '
3544 3644 3582 3680 »

938 3722 1162 3794 Ordre
1208 3720 1300 3793 de
1336 3719 1766 3793 translation
1810 3719 1980 3793 d'un
2030 3714 2454 3812 prisonnier
2492 3711 2764 3784 détenu
2796 3714 2838 3780 à
2876 3707 2944 3779 la
2990 3709 3220 3780 force.

745 3817 913 3888 224.
981 3814 1321 3892 Coiadé
1351 3805 1853 3906 (Louis-Henri
1881 3815 1969 3887 de
2005 3813 2375 3898 Bourbon,
2399 3805 2659 3904 prince
2681 3804 2837 3898 de).
2871 3803 2953 3875 N.
3003 3804 3203 3874 1002.
3241 3803 3325 3875 M.
3379 3804 3579 3876 1740.

843 3912 923 3986 L.
981 3923 1137 3986 aut.
1187 3912 1325 4008 sig.
1367 3931 1535 3981 sans
1573 3910 1771 3982 date.
1837 3913 1851 3979 I
1901 3933 1973 4005 p.
2017 3908 2125 4002 pl.
2171 3917 2247 3981 et
2277 3904 2519 3978 demie
2557 3900 2743 3973 in-4.
3395 3900 3435 3969 7
3487 3902 3581 3972 50

940 4008 988 4078 Il
1034 4005 1280 4081 désire
1320 4005 1564 4076 savoir
1596 4006 1728 4076 des
1762 4004 2144 4077 nouvelles
2184 4003 2276 4073 de
2316 3998 2382 4073 la
2418 3994 2884 4095 négociation
2914 3993 3046 4065 S...
3072 4024 3100 4054 <-
3126 3994 3208 4064 ,1c
3254 3992 3584 4069 travaille

840 4130 874 4169 «
920 4100 1012 4174 de
1048 4123 1218 4173 mon
1244 4101 1406 4174 côté
1434 4121 1616 4193 pour
1646 4101 1990 4194 parvenir
2010 4120 2098 4172 au
2134 4097 2268 4170 but
2296 4116 2436 4189 que
2464 4115 2652 4165 vous
2686 4109 2977 4180 sçavez,
3008 4098 3080 4159 et
3116 4110 3292 4161 sans
3336 4091 3582 4185 lequel

843 4200 981 4288 «je
1019 4197 1169 4270 croi
1195 4194 1393 4270 l'élat
1413 4194 1677 4289 perdu,
1703 4217 1797 4268 ne
1815 4205 2141 4289 pouvant
2173 4199 2327 4263 être
2355 4187 2617 4260 rétabli
2653 4206 2797 4281 que
2829 4203 2963 4280 par
2985 4181 3343 4259 d'habiles
3369 4207 3581 4279 gens,

839 4320 875 4359 «
911 4304 981 4364 et
1015 4313 1159 4364 non
1193 4312 1325 4385 par
1361 4293 1489 4363 des
1529 4290 2067 4366 imbéciles...»

742 4388 914 4462 225.
982 4385 1448 4462 Coassnllvi
1514 4382 1918 4477 (Hercule),
1976 4381 2340 4456 cardinal,
2404 4375 2766 4452 ministre.
2840 4375 2916 4446 L.
2974 4384 3122 4447 au!,
3186 4376 3360 4471 sig.,
3422 4380 3458 4447 à
3516 4376 3586 4448 la

836 4484 1341 4577 princesse....
1398 4481 1653 4566 Borne,
1698 4481 1781 4552 13
1814 4483 1977 4553 déc.
2026 4479 2239 4551 1820.
2302 4478 2325 4547 1
2378 4498 2453 4570 p.
2500 4471 2611 4566 pl.
2670 4472 2851 4548 in-4.
3348 4473 3393 4541 2
3492 4472 3585 4542 75

743 4579 913 4652 220.
981 4580 1465 4652 CoBi*it»Bït
1529 4574 1657 4650 «le
1721 4575 2261 4664 Itebecquc
2319 4568 2799 4660 (Benjamin),
2871 4563 3179 4659 député,
3245 4577 3583 4650 orateur,

841 4671 1264 4767 publiciste.
1313 4672 1386 4742 L.
1425 4683 1552 4741 aut
1629 4672 1808 4768 sig.,
1839 4677 1878 4743 à
1907 4670 1996 4741 M.
2035 4670 2298 4740 Misse.
2321 4668 2412 4737 27
2447 4687 2644 4736 mars
2677 4662 2878 4748 1823,
2933 4659 2953 4727 1
3011 4681 3084 4755 p.
3123 4660 3298 4731 in-4.
3399 4662 3444 4731 2
3495 4664 3586 4730 50

744 4770 916 4839 227.
984 4765 1612 4840 CeiiTCEttioBB
1654 4739 2182 4840 BBftilioaDttIc
2224 4763 2638 4854 (Passeport
2682 4756 2964 4829 délivré
3008 4776 3138 4849 par
3184 4756 3290 4825 les
3346 4758 3584 4847 prési¬

838 4864 1055 4936 dents
1098 4875 1163 4933 cl
1208 4861 1647 4935 secrétaires
1688 4860 1779 4934 de
1820 4861 1955 4955 la);
1994 4860 2141 4954 sig.
2196 4859 2485 4944 Parère,
2526 4853 2857 4925 Jcanbon
2904 4850 3291 4935 St-André,
3356 4852 3584 4924 Treil-

839 4958 1021 5033 hard
1065 4971 1139 5029 et
1187 4952 1487 5041 St-Just,
1533 4979 1621 5029 au
1667 4956 1955 5051 citoyen
2003 4956 2095 5028 du
2147 4950 2459 5036 Poncel,
2513 4969 2603 5021 en
2645 4946 2921 5043 qualité
2955 4945 3047 5017 de
3083 4947 3415 5019 courrier
3455 4948 3585 5018 des

837 5052 1384 5127 commissaires
1425 5054 1750 5146 envoyés
1787 5075 1918 5145 par
1957 5050 2024 5122 la
2069 5048 2558 5122 Convention.
2595 5044 2824 5130 Paris,
2859 5043 2906 5112 4
2937 5039 3332 5115 décembre
3377 5044 3580 5114 1792.

846 5150 866 5221 1
914 5172 996 5244 p.
1048 5147 1152 5243 pl.
1192 5146 1432 5220 in-fol.
1486 5149 1748 5221 Sceau.
3396 5138 3438 5207 7
3490 5138 3582 5206 50

742 5247 913 5315 228.
980 5243 1479 5333 {'.«MfiE«*rcl
1522 5242 1975 5335 (Alhanasè),
2018 5251 2317 5334 pasteur
2346 5236 2435 5310 de
2482 5233 2777 5333 l'Eglise
2818 5231 3185 5306 réformée
3222 5233 3313 5303 de
3354 5233 3579 5320 Paris,

839 5341 1355 5434 représentant
1385 5337 1481 5410 du
1525 5338 1797 5432 peuple
1827 5343 1867 5409 à
1901 5333 2379 5409 l’Assemblée
2411 5331 2907 5406 constituante
2947 5327 3035 5399 de
3067 5328 3279 5398 4848.
3321 5327 3395 5399 L.
3427 5340 3579 5401 aut.

833 5436 1002 5532 sig.,
1041 5441 1082 5505 à
1123 5433 1214 5505 M.
1257 5432 1422 5504 Paul
1463 5431 1798 5505 Lacroix.
1851 5433 1898 5501 2
1939 5452 2014 5523 p.
2057 5432 2162 5524 pl.
2203 5428 2388 5501 in-8.
3393 5422 3440 5491 2
3491 5424 3584 5494 50

740 5530 910 5601 220.
976 5524 1536 5604 Corvisart.
1590 5527 1916 5600 Premier
1954 5525 2292 5598 médecin
2344 5522 2434 5594 de
2470 5519 2844 5613 Napoléon
2884 5515 2910 5590 1
2918 5527 2974 5563 er
2984 5573 3002 5589 .
3042 5514 3142 5588 Né
3174 5516 3214 5590 à
3248 5515 3586 5592 Dricourt

834 5624 1307 5719 (Ardennes).
1340 5624 1421 5696 L.
1472 5632 1627 5696 aut.
1678 5624 1825 5718 sig.
1862 5620 2203 5711 6juillet.
2248 5619 2295 5689 2
2324 5640 2441 5717 gr.
2494 5637 2573 5706 p.
2628 5614 2737 5709 pl.
2780 5612 2975 5684 in-4.
3394 5615 3439 5683 6
3542 5644 3581 5682 »

929 5722 1025 5792 M.
1079 5716 1415 5814 Philippe
1465 5729 1535 5787 et
1571 5718 1671 5789 lui
1721 5727 1849 5790 ont
1889 5714 2195 5810 indiqué
2241 5735 2333 5787 au
2375 5711 2665 5783 malade
2723 5705 2935 5800 qu'ils
2997 5706 3291 5779 traitent
3343 5707 3585 5781 l'élec¬

837 5818 1102 5903 tricité,
1141 5836 1424 5887 comme
1467 5813 1558 5885 ils
1595 5813 2056 5904 prescrivent
2101 5821 2312 5895 louis,
2339 5806 2446 5880 les
2473 5808 2684 5898 jours
2721 5804 2854 5876 des
2891 5802 3234 5877 remèdes
3271 5807 3310 5875 à
3365 5801 3584 5877 l'effi¬

838 5914 1068 5986 cacité
1116 5909 1468 6004 desquels
1510 5909 1598 5981 ils
1636 5930 1728 5980 ne
1770 5916 2076 6001 croyent
2118 5927 2296 6000 pas;
2332 5902 2542 5987 mais,
2588 5901 2774 5973 dans
2810 5900 2918 5972 les
2952 5920 3072 5969 cas
3116 5898 3582 5993 désespérés,

832 6008 919 6081 ils
962 6008 1265 6081 doivent
1288 6025 1559 6080 encore
1592 6006 1865 6078 abuser
1886 6001 1995 6075 les
2032 6001 2417 6076 malades:
2460 6026 2497 6064 «
2542 5995 2745 6069 Cette
2790 6015 3173 6070 ressource
3220 6009 3331 6070 est
3382 5996 3583 6089 prise
