4267 7234
1454 758 2374 910 CATALOGUE
562 1034 706 1118 DE
794 1034 1330 1114 LETTRES
1410 1034 2354 1138 AUTOGRAPHES,
2430 1038 3258 1146 MANUSCRITS,

1277 1237 1719 1307 DOCUMENTS
1777 1241 2285 1323 HISTORIQUES,
2347 1243 2541 1327 ETC.,

978 1450 1222 1610 DE
1386 1454 1570 1614 A.
1738 1454 2850 1638 LAVERDET,

1119 1737 1183 1815 A
1247 1737 1531 1835 Paris,
1613 1761 1771 1817 rue
1841 1739 2499 1837 Saint-Lazare,
2581 1743 2709 1821 24.

1506 2133 1748 2186 Veille
1791 2133 1837 2185 à
1881 2133 2326 2189 l'amiable*

1064 2225 1219 2279 «ail
1277 2240 1423 2293 par
1479 2226 1928 2281 l'insertion
1981 2228 2186 2282 dans
2244 2228 2318 2280 le
2385 2227 2765 2298 bulletin,

711 2321 864 2376 «oit
906 2337 1005 2375 au
1028 2340 1059 2373 *
1099 2318 1489 2378 enchères
1535 2321 1987 2389 publiques*
2023 2323 2123 2378 de
2155 2322 2639 2379 Collections
2675 2339 2774 2378 ou
2813 2324 3118 2389 parties

1064 2418 1160 2470 de
1195 2416 1678 2472 Collections
1708 2417 1805 2470 de
1841 2419 2152 2471 lettres
2189 2418 2769 2486 autographe*.

1375 2518 1852 2565 Document*
1936 2510 2469 2579 historiques.

1458 2606 1988 2662 Vfnniisorits*
2017 2609 2192 2662 etc.*
2222 2610 2368 2661 etc.

590 2703 971 2756 Achat*.—
1004 2684 1446 2765 Échangé*.
1468 2730 1534 2741 —
1555 2699 2045 2769 Expertises.
2062 2730 2130 2739 —
2147 2697 2594 2756 Rédaction
2618 2702 2713 2755 de
2739 2704 3245 2769 Catalogues.

1251 3015 1353 3087 ÎC
1417 3011 1475 3087 5
1551 3047 1655 3059 —
1715 3015 2241 3091 OCTOBRE
2317 3011 2585 3087 INL»1î.

515 3321 673 3393 145.
727 3319 963 3393 Arict
999 3317 1321 3411 (P.-A.),
1375 3317 1755 3413 physicien
1813 3333 1885 3391 et
1935 3321 2303 3393 chimiste.
2359 3321 2753 3409 Sénateur,
2797 3323 3099 3415 député.
3159 3321 3255 3393 Né
3301 3327 3339 3393 à

599 3411 895 3489 Nevers.
941 3415 1019 3487 U.
1071 3425 1229 3487 aut.
1281 3413 1467 3509 sig.,
1505 3435 1591 3485 au
1639 3415 1927 3505 citoyen
1975 3413 2251 3509 Payen.
2307 3417 2327 3483 1
2373 3439 2449 3509 p.
2495 3417 2683 3489 in-4.
3151 3417 3197 3487 2
3303 3447 3335 3481 »

513 3509 639 3581 1-46
743 3509 1069 3581 Amii’é
1131 3507 1405 3599 (Frère)
1459 3507 1551 3579 de
1597 3507 2037 3593 St-Nicolas,
2097 3507 2453 3601 religieux
2525 3509 2823 3599 Carme,
2877 3515 3087 3583 versé
3151 3511 3337 3583 dans

603 3603 953 3675 l’histoire
989 3613 1059 3673 et
1103 3603 1209 3675 les
1237 3601 1663 3695 antiquités.
1713 3601 1811 3671 Né
1849 3623 1937 3671 en
1991 3601 2193 3677 1650.
2245 3605 2419 3675 Mort
2459 3609 2497 3673 à
2549 3603 2925 3691 Besançon
2969 3627 3055 3677 en
3115 3607 3323 3679 1713.

603 3699 673 3769 L.
721 3707 869 3771 aut.
913 3697 1087 3793 sig.,
1131 3701 1169 3767 à
1211 3697 1293 3767 M.
1349 3697 1437 3767 île
1479 3697 1711 3779 Serte,
1753 3697 2285 3793 gentilhomme
2329 3697 2419 3767 de
2455 3701 2523 3767 S.
2575 3703 2653 3769 A.
2705 3699 2855 3791 Mgr
2893 3699 2961 3769 le
3003 3699 3333 3771 cardinal

597 3793 687 3865 de
733 3789 1093 3875 Bouillon,
1135 3797 1171 3863 à
1213 3789 1577 3863 Tournas.
1615 3791 2021 3881 Besançon,
2071 3793 2153 3861 15
2187 3791 2453 3865 février
2487 3793 2695 3865 1704.
2755 3795 2799 3863 2
2841 3815 2909 3887 p.
2959 3807 3103 3887 pet.
3155 3793 3331 3865 in-4.

595 3885 883 3959 Cachet.
3151 3889 3197 3957 5
3297 3919 3335 3957 »

503 3981 671 4057 147.
727 3979 1287 4065 Amlrietii;,
1341 3991 1603 4055 auteur
1671 3979 2167 4075 dramatique.
2237 3979 2337 4055 Né
2391 3981 2431 4055 à
2487 3981 2949 4077 Strasbourg.
3025 3985 3103 4057 L.
3169 3997 3325 4061 aut.

595 4077 769 4173 sig.,
815 4085 853 4149 à
889 4077 979 4147 M.
1019 4073 1311 4149 Morlin.
1369 4077 1409 4147 7
1445 4075 1691 4167 juillet
1731 4073 1941 4149 1813.
1999 4079 2017 4145 1
2073 4097 2141 4169 p.
2183 4075 2281 4171 pl.
2319 4077 2511 4153 in-4.
3151 4081 3195 4149 3
3247 4079 3337 4151 50

691 4173 1009 4267 Critique
1045 4171 1137 4243 de
1173 4191 1307 4243 son
1353 4175 1575 4265 opéra
1615 4171 1895 4245 sacréd
1901 4171 2205 4259 'Ismaïl,
2237 4173 2409 4267 qu’il
2459 4171 2557 4245 lui
2597 4195 2635 4245 a
2673 4173 2945 4247 confié.

505 4269 637 4339 148
715 4265 1449 4355 Arnicntièrcs,
1485 4265 1849 4339 maréchal
1883 4265 1975 4339 de
2021 4265 2327 4341 Franco.
2359 4267 2439 4343 L.
2487 4281 2639 4347 aut.
2685 4269 2827 4365 sig.
2863 4269 3333 4357 Bourbonne,

595 4361 687 4433 20
723 4381 917 4457 sept.
975 4361 1177 4433 1773.
1221 4361 1267 4433 2
1305 4385 1377 4455 p.
1447 4375 1519 4433 et
1569 4361 1811 4435 demie
1855 4361 2045 4433 in-4.
3153 4365 3197 4433 4
3297 4393 3335 4431 »

513 4457 671 4531 149.
721 4459 1299 4533 Assemblée
1357 4455 1877 4529 nationale
1921 4459 2043 4529 tic
2097 4461 2367 4531 178*.
2425 4457 2695 4529 Extrait
2733 4459 2827 4529 du
2877 4461 3339 4551 procès-ver¬

597 4553 715 4623 bal
759 4555 849 4625 de
893 4555 959 4625 la
1011 4557 1277 4625 séance
1317 4551 1409 4621 du
1451 4551 1543 4621 22
1573 4551 1735 4643 juin
1777 4553 1987 4627 1791.
2043 4551 2527 4627 L’assemblée
2555 4553 2927 4627 nationale
2971 4577 3009 4629 a
3045 4555 3339 4627 décrété

595 4649 767 4741 qu’il
825 4669 989 4721 sera
1017 4649 1265 4721 donné
1301 4649 1429 4719 des
1469 4647 1727 4719 ordres
1769 4647 2323 4741 sur-le-champ,
2371 4649 2515 4721 soit
2555 4655 2595 4719 à
2639 4649 2705 4721 la
2741 4661 2975 4743 poste,
3019 4649 3163 4721 soit
3197 4671 3335 4721 aux

601 4743 991 4829 barrières,
1035 4765 1221 4839 pour
1253 4763 1395 4837 que
1435 4763 1801 4835 personne
1837 4765 1929 4815 ne
1963 4757 2157 4815 sorte
2199 4745 2291 4815 de
2323 4743 2389 4815 la
2433 4743 2603 4815 ville
2637 4767 2809 4815 sans
2849 4765 2993 4817 une
3033 4745 3339 4837 permis¬

597 4839 755 4911 sion
801 4861 929 4933 par
969 4841 1175 4925 écrit,
1219 4851 1363 4913 etc.
1405 4837 1623 4935 Signé
1661 4837 1989 4933 Dauchy,
2039 4837 2301 4913 Grenot
2309 4837 2327 4925 ,
2373 4837 2589 4915 Merle
2639 4843 2713 4911 et
2761 4841 3345 4913 Pintcville-Cer-

599 4955 771 5007 non.
829 4935 847 5005 I
907 4957 981 5027 p.
1033 4935 1217 5007 in-8.
1263 4931 1553 5007 Cachet.
3153 4935 3197 5005 6
3301 4963 3335 5001 »

513 5025 673 5103 150.
731 5031 1163 5105 Ateliers
1205 5027 1603 5123 publies
1643 5027 1769 5099 tle
1811 5025 2243 5103 t’.haillot
2271 5029 2375 5121 (L.
2421 5029 2533 5137 sig
2617 5029 2747 5101 des
2793 5035 3341 5123 représentants

599 5125 689 5197 de
735 5125 801 5197 la
835 5147 1225 5199 commune
1257 5139 1329 5197 et
1369 5125 1459 5195 du
1497 5123 1765 5197 comité
1801 5125 1985 5215 des),
2027 5123 2171 5221 sig.
2217 5123 2637 5209 Mencssier,
2673 5123 3047 5211 Ccllcricr,
3089 5125 3343 5199 Lasse-

597 5241 751 5313 ray,
795 5221 1249 5317 Dupcrraux,
1291 5219 1617 5293 Trudon.
1677 5219 1901 5305 Paris,
1945 5219 2023 5289 21
2075 5241 2267 5315 sepi.
2323 5219 2531 5293 1789.
2587 5221 2631 5291 3
2673 5243 2749 5313 p.
2809 5219 3051 5293 in-fol.
3153 5223 3199 5291 4
3299 5247 3335 5287 »

505 5311 1163 5393 131Atlicnas
1211 5317 1483 5407 (P.-L),
1543 5311 1913 5387 directeur
1967 5313 2059 5385 de
2113 5313 2183 5385 la
2237 5313 2567 5387 Monnaie
2633 5317 2725 5387 de
2781 5313 3091 5403 Nantes,
3145 5315 3341 5387 anti¬

599 5411 885 5503 quaire.
947 5415 1023 5489 L.
1077 5427 1231 5489 aut.
1281 5413 1427 5507 sig.
1481 5407 1781 5493 Nantes,
1817 5413 1863 5483 9
1897 5409 2187 5501 janvier
2231 5409 2507 5487 1819.1
2561 5431 2601 5503 p
2691 5411 2881 5485 in-4.
3151 5411 3195 5479 2
3297 5437 3337 5477 »

509 5503 675 5579 152.
729 5511 1249 5601 Ançcrcau
1291 5507 1383 5597 (le
1431 5503 1855 5595 maréchal),
1899 5505 2041 5577 duc
2093 5503 2185 5577 de
2245 5503 2723 5601 Casliglionc.
2773 5507 2855 5577 L.
2909 5507 3055 5603 sig.
3113 5507 3343 5597 Auge-

603 5621 773 5675 reau
785 5605 801 5689 ,
843 5605 983 5679 duc
1031 5603 1117 5679 de
1175 5603 1627 5695 Casliglionc.
1673 5599 2165 5697 Wurzbourg,
2219 5599 2285 5673 le
2345 5579 2391 5693 5
2433 5579 2711 5693 Juillet.
2771 5603 2793 5693 1
2853 5625 2929 5693 p.
2981 5601 3053 5675 et
3095 5601 3339 5673 demie

603 5695 785 5769 in-4.
3163 5695 3207 5765 2
3251 5693 3343 5763 50

521 5789 677 5865 153.
733 5797 1045 5879 Azaïs,
1091 5793 1553 5887 philosophe,
1601 5803 1863 5865 auteur
1897 5791 1991 5865 du
2035 5791 2351 5887 Système
2383 5789 2503 5865 des
2543 5791 3109 5885 compensations
3119 5845 3135 5879 ,
3183 5801 3329 5867 etc.

603 5885 701 5959 Né
733 5887 769 5959 à
797 5887 1049 5963 Sorèx>e
1079 5891 1347 5983 (Tarn).
1377 5889 1457 5961 L.
1493 5911 1565 5961 a.
1603 5911 1669 5973 s.
1709 5883 2391 5981 Sainl-Cyr,24niai
2425 5885 2633 5959 1808.
2685 5889 2715 5957 4
2753 5885 2859 5979 pl.
2903 5885 3061 5955 in-4
3169 5887 3199 5951 4
3303 5909 3341 5951 ,

701 5981 895 6055 Belle
933 5983 1173 6069 lettre,
1215 5997 1411 6057 toute
1449 5983 1749 6057 relative
1791 5989 1831 6055 à
1871 6005 2001 6057 son
2039 5981 2355 6077 Système
2395 5981 2773 6055 universel.
