1544 3051
676 111 880 164 -5-
55 206 115 243 21.
151 200 497 242 BOURBOTTE
518 200 612 253 (N.),
642 200 779 250 député
800 201 846 239 de
867 200 899 239 la
921 200 1094 240 Meurthe
1122 204 1140 239 à
1174 200 1207 240 la
1244 201 1490 245 Convention,

212 258 379 307 décapité
399 267 444 293 en
466 256 581 293 1796.

260 310 303 342 Sa
322 308 460 341 défense
478 307 600 339 devant
617 306 648 337 la
667 306 889 338 commission
905 305 1083 338 militaire.
1110 307 1200 339 Belle
1219 307 1314 347 pièce
1334 311 1404 339 aut.
1430 307 1492 348 sig.

215 360 295 384 avec
307 355 440 383 ratures
456 355 492 381 et
510 348 736 381 corrections.
753 350 794 380 32
813 356 847 388 p.
868 348 919 384 1/2
939 347 1019 379 in-f.
1044 349 1234 380 Document
1254 350 1454 390 important.

54 405 116 442 22.
151 401 340 441 BRUCE
363 399 574 452 (Jacques),
594 399 740 438 célèbre
761 410 945 448 voyageur
965 410 1035 436 aux
1056 410 1210 437 sources
1227 399 1277 437 du
1300 400 1369 438 Nil.

257 456 293 487 L.
316 458 375 485 aut
391 453 455 493 sig.
472 461 514 484 en
535 452 694 492 français.
719 450 942 492 Edimbourg,
968 452 1059 483 1790.
1083 453 1098 481 1
1125 461 1157 491 p.
1180 451 1227 492 pl.
1245 451 1295 483 in-
1311 456 1341 483 4.
1360 453 1496 485 Cachet.

54 509 114 545 23.
149 495 373 544 BRUSLÉ
394 511 431 542 et
450 503 705 548 MALLET,
733 503 1004 542 commissaires
1037 505 1208 540 nommés
1239 515 1335 552 pour
1366 504 1498 542 établir

209 559 243 597 le
262 563 360 598 culte
376 558 422 596 de
442 557 474 596 la
489 558 636 596 Raison.

257 613 371 644 Lettre
387 611 406 642 à
422 611 461 642 A.
485 611 644 647 Dumont,
660 608 769 642 écrite
790 617 850 650 par
874 607 993 641 Bruslé
1008 613 1043 640 et
1063 607 1182 649 signée
1199 608 1259 640 des
1274 608 1376 640 deux.
1400 611 1498 641 Mon-

214 653 558 693 tagne-sur-Somme,
572 656 593 684 4
609 651 763 692 pluviôse
783 660 824 683 an
848 659 888 683 u.
907 653 926 683 3
947 660 979 692 p.
1003 651 1049 691 pl.
1071 649 1142 682 in-f.

244 702 402 731 Document
422 702 624 729 extrêmement
640 701 755 729 curieux
770 707 877 729 comme
892 700 1066 729 échantillon
1081 700 1115 728 de
1131 699 1201 736 style
1214 698 1427 736 démagogique.

242 738 283 766 Ils
299 740 432 767 accusent
449 737 594 774 réception
607 737 641 764 de
659 737 770 765 l’arrêté
784 737 844 772 pris
859 744 910 768 par
933 737 969 764 A.
989 737 1116 764 Dumont
1137 743 1209 772 pour
1231 734 1258 763 la
1276 736 1441 763 conversion
1460 736 1500 764 du

208 774 355 802 ci-devant
372 773 477 810 temple
504 775 538 802 de
567 773 742 808 l’imposture
769 772 803 800 de
833 771 1179 809 Montagne-sur-Somme
1205 771 1501 808 (Saint-Valery-sur-

210 810 345 845 Somme),
362 818 398 837 en
414 808 491 837 halle
513 818 546 836 au
568 808 814 838 bleds_Nous
834 809 932 835 avions
954 808 1008 837 fait
1026 815 1200 836 commencer
1226 806 1251 834 le
1267 806 1501 843 déménagement

208 845 249 873 du
264 846 411 874 ci-devant
427 845 532 881 temple
543 855 551 878 ;
568 844 632 880 déjà
647 844 674 872 le
688 844 772 872 vieux
791 844 867 871 saint
887 844 992 878 Pierre,
1008 843 1035 872 le
1054 851 1116 880 gros
1136 844 1210 871 saint
1230 842 1408 879 Christophe,
1424 844 1501 872 saint

208 881 329 918 Georges
336 881 364 909 le
375 881 443 909 bien
452 880 557 916 monté,
571 880 598 908 le
613 880 682 907 bien
694 879 770 908 coiffé
785 880 860 907 saint
869 879 957 914 Roeh,
965 880 993 907 le
1001 879 1068 907 bien
1077 878 1264 915 accompagné
1274 880 1350 906 saint
1362 879 1500 916 Antoine,

205 916 234 944 la
248 917 315 945 bien
331 924 496 945 amoureuse
511 917 603 944 sainte
614 915 745 949 Thérèse,
759 915 786 943 le
810 923 873 951 gros
887 923 963 943 cœur
977 915 1018 943 du
1030 916 1108 943 sieur
1126 915 1217 948 Jésus,
1230 914 1378 943 ci-devant
1390 914 1500 951 Christ,

210 953 252 980 les
273 953 383 994 vierges
404 955 432 980 et
455 952 532 980 leurs
550 952 674 986 enfants,
691 956 758 986 etc.,
781 952 896 979 avaient
917 951 960 979 été
981 951 1103 987 envoyés
1125 958 1163 978 au
1182 949 1304 985 bûcher,
1322 951 1402 986 après
1424 952 1503 979 avoir

209 996 278 1026 reçu
294 990 416 1017 maintes
431 988 646 1024 croquignoles,
662 987 784 1015 maintes
795 987 890 1015 orions
907 987 958 1022 qui
972 986 1014 1015 les
1028 986 1181 1015 rendaient
1194 994 1235 1014 un
1252 994 1308 1021 peu
1325 986 1502 1015 méconnais¬

211 1017 303 1053 sables
311 1046 317 1060 ,
344 1026 360 1052 à
382 1024 488 1060 l'égard
508 1025 557 1052 des
569 1026 664 1051 autres
681 1023 834 1051 messieurs
849 1026 877 1051 et
893 1023 990 1051 dames
1005 1023 1099 1058 peints
1121 1030 1172 1049 sur
1191 1022 1277 1057 toile,
1300 1030 1350 1050 sur
1362 1022 1436 1058 bois,
1453 1031 1502 1051 sur

209 1061 322 1097 papier;
348 1060 464 1096 moulés,
485 1059 620 1096 sculptés,
641 1061 707 1094 etc.,
724 1059 797 1086 ainsi
813 1067 868 1095 que
881 1058 931 1086 des
947 1067 978 1087 os
998 1059 1124 1096 pourris,
1145 1058 1243 1093 cariés,
1266 1057 1376 1087 révérés
1394 1066 1459 1086 sous
1475 1059 1502 1087 le

210 1105 276 1124 nom
291 1096 326 1125 de
341 1096 483 1132 reliques,
505 1096 527 1123 il
550 1104 585 1123 en
601 1104 617 1123 a
641 1094 684 1122 été
699 1093 752 1121 fait
773 1103 813 1122 un
835 1094 927 1122 vilain
948 1094 1146 1123 autodafé_
1173 1094 1224 1121 Les
1239 1102 1270 1121 os
1285 1102 1340 1130 que
1356 1095 1502 1122 contenait

210 1131 287 1161 l’une
299 1132 348 1160 des
366 1132 476 1160 chasses
488 1132 595 1159 étaient
612 1129 783 1167 enveloppés
798 1131 868 1158 dans
888 1138 943 1157 une
959 1130 1082 1159 chemise
1094 1130 1130 1158 de
1143 1129 1245 1157 femme
1262 1132 1291 1157 et
1306 1130 1398 1166 parmi
1410 1137 1455 1158 ces
1471 1138 1502 1159 os

209 1168 278 1196 était
293 1176 349 1195 une
365 1167 504 1195 mâchoire
520 1167 599 1195 d’âne
615 1167 684 1194 dont
707 1166 733 1193 le
754 1166 867 1202 citoyen
885 1165 997 1202 Baillet,
1018 1166 1182 1201 chirurgien
1201 1168 1230 1193 et
1242 1165 1312 1201 juge
1333 1166 1367 1194 de
1387 1166 1452 1201 paix
1468 1167 1502 1195 de

207 1206 282 1232 cette
296 1203 378 1233 ville,
392 1207 435 1231 est
447 1206 575 1240 porteur,
586 1210 659 1239 pour
672 1201 700 1229 la
708 1205 835 1230 montrer
850 1202 866 1229 à
880 1204 943 1230 tout
955 1202 981 1231 le
994 1202 1096 1230 monde
1109 1208 1215 1230 comme
1227 1210 1267 1228 un
1283 1201 1454 1230 échantillon
1468 1203 1503 1231 de

208 1239 237 1267 la
252 1240 413 1268 vénération
430 1248 485 1275 que
503 1238 667 1267 méritaient
682 1238 716 1265 de
730 1238 860 1273 pareilles
874 1238 1068 1273 reliques....
1087 1237 1126 1265 Ils
1144 1240 1305 1265 annoncent
1318 1238 1434 1266 ensuite
1447 1246 1503 1274 que

210 1275 252 1303 les
271 1275 356 1303 bancs
371 1275 406 1303 de
421 1275 432 1302 1
442 1275 527 1311 église
542 1277 592 1302 ont
606 1274 650 1302 été
667 1276 759 1310 portes
774 1274 843 1302 dans
855 1274 881 1301 le
896 1273 1012 1310 Temple
1026 1274 1060 1302 de
1078 1273 1106 1301 la
1122 1273 1237 1301 Raison.

53 1324 118 1362 2ü.
149 1318 546 1360 BUONAPARTE
568 1317 734 1370 (Charles
749 1319 827 1368 de),
850 1321 939 1368 père
959 1320 1005 1357 de
1025 1319 1213 1366 Napoléon
1236 1321 1253 1357 I
1257 1326 1286 1341 er
1292 1347 1300 1356 .

256 1374 292 1405 L.
312 1376 381 1404 aut.
400 1371 466 1413 sig.
490 1371 625 1404 Charles
638 1371 676 1403 de
696 1372 905 1412 Buonaparte
924 1372 942 1403 h
956 1372 999 1403 M.
1014 1371 1057 1403 de
1071 1371 1308 1412 Boucheporn,
1323 1371 1501 1404 intendant

217 1415 260 1446 de
279 1414 348 1446 l’ile
361 1414 402 1446 de
422 1413 536 1447 Corse.
556 1413 589 1446 S.
608 1414 640 1446 d.
659 1418 672 1445 1
693 1423 723 1454 p.
742 1413 821 1445 in-4.
839 1413 1025 1445 Très-rare.

53 1470 119 1508 25.
151 1466 330 1505 BUSSY
354 1464 433 1503 RA
442 1464 613 1505 BUTIN
640 1465 686 1516 (le
707 1471 830 1503 comte
850 1468 973 1515 Roger
993 1465 1073 1514 de),
1098 1465 1145 1503 de
1177 1465 1198 1502 T
1205 1465 1313 1505 Acad,
1342 1466 1409 1511 fr.,
1433 1477 1502 1504 au¬

212 1528 296 1559 teur
311 1519 358 1558 de
379 1519 401 1557 Y
406 1519 575 1557 Histoire
595 1530 827 1556 amoureuse
854 1518 920 1556 des
942 1516 1099 1557 Gaules.

265 1573 302 1604 L.
330 1575 400 1603 aut.
431 1581 474 1603 au
500 1572 581 1612 père
612 1571 801 1603 Bouhours.
817 1571 936 1611 Bussy,
952 1572 993 1602 23
1011 1571 1204 1603 novembre.
1228 1574 1243 1602 1
1264 1580 1295 1612 p.
1313 1570 1363 1612 1/2
1378 1571 1458 1604 in-4.
1477 1573 1503 1604 Il

217 1618 270 1647 est
283 1615 442 1654 question
461 1613 506 1645 du
522 1613 604 1654 père
617 1612 660 1645 de
671 1613 715 1644 La
731 1612 866 1651 Chaise,
884 1612 926 1645 de
943 1613 1020 1645 Mlle
1036 1612 1079 1644 de
1100 1612 1263 1653 Scudéry,
1284 1617 1350 1645 etc.

54 1671 118 1708 26.
153 1667 226 1706 LE
255 1655 441 1706 MÊME.

259 1720 294 1751 L.
312 1724 383 1752 aut.
402 1727 445 1750 au
465 1719 584 1751 même.
602 1718 745 1755 Chaseu,
760 1721 800 1750 29
815 1719 957 1750 octobre
973 1720 1064 1750 1675.
1082 1721 1102 1749 4
1118 1727 1150 1758 p.
1170 1718 1251 1750 in-8.

248 1760 402 1795 Très-jolie
413 1760 498 1787 lettre
510 1760 544 1787 de
560 1759 742 1789 félicitations
759 1768 807 1788 sur
823 1767 870 1788 ses
885 1760 1061 1795 Remarques.

54 1810 119 1848 27.
152 1806 225 1845 LE
256 1798 446 1847 MÊME.

257 1860 293 1891 L.
313 1862 385 1891 aut.
401 1858 472 1899 sig.
490 1859 545 1895 (au
563 1859 643 1899 père
663 1859 708 1890 La
726 1858 872 1899 Chaise).
892 1858 1041 1896 Chaseu,
1064 1860 1104 1889 23
1129 1866 1221 1890 mars
1248 1859 1341 1890 1691.
1365 1862 1380 1890 1
1401 1868 1434 1899 p.
1453 1859 1500 1898 pl.

216 1901 298 1933 in-4.

245 1942 337 1970 Envoi
355 1940 423 1968 d’un
438 1940 565 1969 discours
580 1940 652 1976 qu’il
669 1940 696 1969 le
712 1942 771 1977 prie
785 1944 918 1969 remettre
937 1949 974 1968 au
990 1940 1042 1968 roi.

53 1992 115 2029 28.
151 1986 485 2027 CAVAIGIVAC
511 1988 560 2037 (J.
586 1986 664 2037 B.),
688 1987 826 2034 député
842 1988 892 2025 du
916 1990 983 2026 Lot
1003 1989 1022 2025 à
1045 1986 1077 2025 la
1098 1986 1347 2026 Convention.

262 2041 294 2072 L.
311 2044 382 2072 aut.
397 2040 461 2080 sig.
480 2048 521 2072 au
544 2040 700 2071 ministre
720 2039 858 2072 Carnot.
880 2040 989 2078 Paris,
1012 2041 1051 2071 27
1072 2039 1140 2071 mai
1159 2040 1254 2071 1815.
1272 2042 1289 2070 1
1315 2048 1348 2078 p.
1375 2039 1459 2071 in-4.

246 2081 270 2109 Il
284 2081 311 2109 le
327 2082 388 2114 prie
402 2081 437 2108 de
455 2081 567 2109 vouloir
581 2081 650 2108 bien
665 2082 692 2108 le
716 2081 858 2115 présenter
876 2082 892 2109 à
913 2080 1089 2116 l’Empereur
1105 2088 1176 2116 pour
1194 2088 1253 2108 une
1266 2079 1440 2116 préfecture,
1467 2089 1501 2108 en

211 2126 305 2152 marge
322 2124 356 2145 ae
375 2116 405 2144 la
421 2117 498 2144 main
513 2117 546 2144 de
559 2117 662 2145 Carnot
676 2117 683 2145 :
705 2117 900 2146 Recommandé
913 2125 984 2153 pour
999 2125 1050 2145 une
1065 2118 1225 2152 préfecture
1242 2116 1275 2144 de
1286 2116 1385 2144 second
1401 2117 1481 2145 ordre
1494 2139 1500 2149 ,

209 2154 233 2181 il
247 2156 288 2182 est
306 2154 428 2188 question
444 2153 476 2181 de
494 2153 608 2181 l’ancien
623 2153 825 2187 représentant.

53 2203 115 2240 29.
150 2198 489 2239 CHAROLAIS
512 2198 679 2249 (Charles
698 2199 744 2237 de
767 2199 1101 2244 Bourbon-Condé,
1120 2207 1242 2238 comte
1262 2198 1343 2250 de),
1374 2211 1497 2238 connu

214 2265 278 2303 par
298 2265 363 2291 son
384 2255 573 2291 caractère
590 2253 662 2290 dur
682 2260 718 2290 et
739 2252 854 2291 cruel.

260 2306 296 2339 L.
323 2310 393 2337 aut.
417 2305 482 2347 sig.
511 2314 552 2337 au
584 2304 757 2337 maréchal
781 2305 823 2337 de
847 2305 945 2337 Saxe.
967 2304 1073 2343 Paris,
1097 2307 1137 2337 25
1158 2306 1238 2337 août
1254 2308 1380 2338 1745.1
1400 2314 1432 2344 p.
1451 2307 1501 2343 3/4

215 2347 301 2380 in-4.
326 2347 451 2380 Cachet
475 2348 554 2379 bien
576 2346 754 2379 conservé.

56 2400 118 2439 30.
151 2398 657 2437 CHATEAUBRIAND
692 2399 753 2447 (le
784 2399 945 2436 vicomte
983 2398 1066 2447 dej,
1096 2399 1263 2438 membre
1295 2400 1341 2437 de
1371 2399 1496 2438 l’Aca¬

212 2453 335 2491 démie
355 2452 403 2491 fr.

261 2506 295 2537 L.
315 2509 385 2537 aut.
407 2504 470 2545 sig.
493 2504 610 2542 Rome,
631 2506 668 2536 31
686 2504 821 2544 janvier
837 2505 930 2536 1829.
949 2507 964 2535 1
992 2513 1027 2544 p.
1054 2504 1105 2541 3/4
1123 2504 1201 2536 in-8.
1219 2503 1305 2535 Jolie
1323 2503 1435 2536 lettre.

251 2547 390 2576 .La
407 2546 546 2581 Bretagne
568 2545 612 2572 n’a
634 2546 696 2573 rien
715 2546 730 2572 à
751 2546 850 2573 envier
871 2554 923 2574 aux
943 2547 1040 2573 autres
1062 2546 1207 2580 provinces
1228 2544 1262 2572 de
1282 2545 1405 2581 France,
1431 2554 1466 2573 on
1483 2554 1498 2572 a

212 2580 284 2609 beau
301 2582 454 2609 calomnier
470 2588 513 2608 ses
529 2581 679 2617 bruyères,
696 2581 724 2608 la
738 2583 812 2609 terre
827 2583 880 2623 qui
901 2589 917 2608 a
935 2581 1014 2618 porté
1031 2581 1219 2616 Duguesclin,
1239 2580 1361 2616 Glisson,
1379 2581 1499 2617 Jacques

214 2617 333 2651 Cartier,
352 2618 397 2645 Du
423 2616 635 2652 Guay-Trouin,
661 2618 697 2645 La
715 2617 934 2653 Motte-Piquet,
958 2617 1004 2645 Du
1023 2616 1157 2652 Couédic,
1178 2617 1298 2652 Georges
1313 2616 1457 2644 Cadoudal
1471 2622 1500 2645 et

215 2652 327 2681 Moreau
346 2654 418 2680 n’est
434 2661 482 2689 pas
496 2652 656 2682 stérile....

56 2699 117 2737 31.
153 2696 224 2735 LE
260 2697 445 2737 MEME.

265 2754 301 2782 1°
329 2753 349 2782 2
374 2750 495 2782 lettres
518 2754 587 2782 aut.
620 2750 685 2791 sig.
711 2750 749 2783 de
775 2750 833 2784 Ch.
855 2751 872 2781 à
894 2749 935 2781 M.
959 2750 1120 2784 Beuchot.
1145 2753 1235 2783 1809.
1254 2754 1274 2783 2
1288 2760 1322 2791 p.
1340 2749 1389 2789 1/2
1411 2751 1444 2782 in
1466 2755 1495 2782 4.

222 2792 391 2824 Demande
408 2793 451 2824 de
462 2792 575 2824 divers
590 2800 737 2833 voyages
749 2801 791 2824 en
814 2792 932 2825 Grèce.

260 2834 299 2865 2°
315 2835 392 2868 Not.
411 2838 481 2867 aut.
504 2834 673 2867 Demande
696 2834 738 2867 de
761 2834 875 2867 divers
891 2841 1062 2874 ouvrages
1091 2843 1148 2867 sur
1168 2834 1370 2868 Jérusalem.
1393 2836 1444 2877 3/4
1457 2836 1498 2868 de

224 2886 255 2917 p.
280 2874 359 2908 in-f.
