1565 3161
678 95 874 134 - 4-
48 178 86 214 9.
121 171 362 211 BAUDOT
399 174 670 225 (Marc-Ant.),
701 175 839 226 député
871 176 918 214 de
952 177 1255 215 Saône-et-Loire
1286 180 1304 215 à
1335 178 1365 216 la
1397 184 1497 219 Con¬

50 227 216 267 vention.

258 279 294 310 L.
316 283 386 312 aut.
407 279 472 321 sig.
495 289 559 313 aux
575 281 730 314 éditeurs
747 281 789 313 de
814 283 845 313 la
862 281 1018 314 nouvelle
1035 282 1240 323 Biographie
1267 283 1329 316 des
1349 286 1497 319 hommes

216 320 361 353 vivants.
381 322 497 363 Liège,
513 325 532 354 2
545 323 662 363 juillet
681 325 774 356 1820.
796 327 814 355 3
834 333 866 364 p.
885 324 975 356 in-4.

243 361 321 389 Belle
340 362 425 391 lettre
447 364 515 391 dans
540 364 665 400 laquelle
688 364 710 391 il
729 364 823 392 relève
844 364 885 392 les
900 373 1014 392 erreurs
1030 366 1188 401 commises,
1203 374 1254 402 par
1274 366 1399 396 l’auteur
1416 368 1450 396 de
1471 378 1500 397 sa

207 397 387 434 biographie,
404 402 433 427 et
448 399 571 436 indique
589 401 632 428 les
647 400 851 436 changements
864 401 880 428 à
893 400 976 428 faire.

49 447 114 485 10.
146 443 550 484 BEAUVILLIER
576 446 681 497 (Paul
700 447 775 485 duc
795 446 875 497 de),
899 459 1138 496 gouverneur
1154 448 1205 486 du
1225 449 1299 487 duc
1319 450 1365 488 de
1388 453 1501 490 Bour¬

207 509 345 547 gogne,
369 499 551 544 ministre,
574 507 648 541 etc.

255 552 290 583 L.
307 556 377 583 aut.
394 552 458 592 sig.
477 553 495 583 à
517 551 670 594 l’évêque
683 552 805 585 d’Alet.
833 556 924 587 1699.
950 555 970 585 3
985 561 1019 594 p.
1037 554 1129 585 in-4.

47 607 109 644 11.
144 591 464 643 BÉRANGER
489 604 547 656 (P.
574 608 608 645 J.
635 604 714 656 de),
739 608 846 654 poëte
866 613 903 644 et
923 605 1172 645 chansonnier
1192 608 1349 647 célèbre.

256 658 289 689 L.
308 660 378 689 aut.
401 657 466 698 sig.
487 658 505 690 à
520 658 677 690 Amault.
698 658 805 697 Paris,
828 661 867 690 25
888 658 1129 692 vendémiaire.
1153 663 1173 692 2
1194 670 1224 700 p.
1251 664 1300 695 1/2
1317 662 1396 693 in-4.

239 698 317 726 Belle
333 702 362 726 et
383 699 571 727 intéressante
594 699 679 727 lettre
696 699 766 727 dans
786 700 911 735 laquelle
930 700 952 727 il
970 699 1014 727 lui
1036 700 1090 728 fait
1102 704 1170 742 part
1187 702 1259 737 qu’il
1278 711 1293 730 a
1309 703 1460 732 recherché
1476 705 1504 732 la

203 735 362 770 protection
377 734 413 762 de
432 735 471 763 M.
489 736 598 764 Lucien
615 736 905 771 Bonaparte.Il
920 739 1027 764 connut
1046 736 1190 764 differents
1203 739 1289 766 essais
1301 738 1335 766 de
1355 747 1400 766 ma
1416 739 1503 768 faible

204 778 302 802 muse,
320 773 401 798 entre
416 774 510 799 autres
528 780 569 798 un
585 774 683 807 poème
699 772 738 799 du
754 772 857 807 Déluge
874 774 903 800 et
917 780 958 799 un
973 772 1012 800 du
1031 772 1264 802 Rétablissement
1282 775 1317 802 du
1335 775 1414 803 Culte
1421 797 1499 805 .

203 806 230 833 Il
260 806 428 843 m’engagea
453 808 470 835 à
499 807 645 844 beaucoup
671 807 830 840 travailler,
850 810 878 835 et
906 815 1012 835 comme
1034 808 1064 844 je
1082 809 1138 836 n’ai
1154 817 1294 845 personne
1309 818 1380 846 pour
1397 811 1504 847 diriger

201 851 248 869 ma
268 842 414 878 jeunesse,
442 850 487 870 me
512 845 616 880 promit
642 844 691 871 des
719 843 839 871 conseils
854 851 910 880 que
930 844 1052 872 dès-lors
1076 852 1120 872 ses
1137 853 1259 880 voyages
1283 845 1504 883 l'empêchèrent

202 878 237 905 de
251 886 296 906 me
312 879 431 906 donner.
447 879 475 906 A
487 887 539 907 son
554 882 651 907 retour
666 880 682 906 à
699 880 796 916 Paris,
810 879 830 907 il
846 888 864 916 y
883 888 899 907 a
920 880 961 907 sis
978 880 1061 915 mois,
1076 880 1105 915 je
1127 880 1170 907 lui
1190 881 1277 909 remis
1299 890 1340 909 un
1356 885 1454 919 poème
1468 884 1505 911 de

202 913 230 941 la
246 914 318 942 Mort
333 914 365 942 de
386 916 478 943 Néron
483 936 489 949 ,
502 915 571 943 dont
588 916 617 951 je
632 915 676 943 lui
690 915 789 943 devais
805 915 831 943 le
847 916 940 951 sujet,
961 915 982 943 il
998 923 1042 943 me
1058 916 1151 943 donna
1169 916 1219 944 des
1242 926 1375 954 marques
1397 919 1432 946 de
1454 928 1504 947 son

202 952 429 982 contentement,
447 951 614 987 m’engagea
633 951 668 979 de
684 960 816 979 nouveau
830 952 846 978 à
860 952 905 978 lui
923 951 996 979 faire
1014 952 1149 987 parvenir
1166 960 1226 979 mes
1239 961 1389 991 ouvrages,
1410 958 1438 983 et
1454 963 1506 991 par

201 985 335 1013 malheur
354 986 488 1024 s’éloigna
504 988 765 1016 encore.J’ai
778 988 875 1015 besoin
890 987 998 1015 d'avoir
1012 996 1054 1014 un
1073 987 1159 1023 guide
1175 988 1274 1017 éclairé
1291 994 1377 1018 avant
1400 991 1434 1018 de
1460 1000 1505 1019 me

200 1021 298 1049 lancer
314 1021 382 1049 dans
405 1023 434 1050 la
456 1023 576 1051 carrière
600 1023 648 1051 des
668 1023 779 1058 lettres,
802 1031 872 1050 vous
892 1024 951 1051 êtes
969 1024 1151 1051 intimement
1172 1024 1209 1051 lié
1228 1032 1294 1053 avec
1316 1027 1355 1053 51.
1375 1027 1501 1062 Lucien,

201 1057 272 1092 j’ose
288 1066 359 1085 vous
374 1060 452 1094 prier
471 1059 507 1087 de
526 1059 600 1087 m’en
616 1059 716 1095 servir,
734 1060 750 1086 à
764 1062 809 1087 cet
826 1059 892 1087 effet
908 1059 938 1095 je
955 1058 1033 1094 joins
1051 1060 1067 1086 à
1083 1059 1108 1086 la
1125 1060 1255 1095 présente
1271 1061 1299 1089 le
1318 1063 1391 1098 petit
1407 1065 1504 1098 poème

201 1093 237 1121 de
253 1094 354 1129 Néron,
372 1098 401 1122 et
420 1103 478 1122 une
495 1094 546 1122 ode
571 1103 628 1130 que
642 1095 693 1130 j’ai
711 1095 834 1130 envoyée
851 1095 873 1121 il
900 1103 918 1131 y
938 1103 953 1121 a
973 1094 1114 1131 quelques
1131 1096 1211 1126 mois,
1239 1097 1253 1124 à
1273 1097 1346 1125 celui
1363 1106 1435 1134 pour
1453 1099 1502 1134 qui

200 1129 251 1164 j’ai
272 1137 362 1167 conçu
378 1129 406 1157 la
421 1131 487 1166 plus
503 1131 569 1158 vive
582 1130 947 1160 reconnaissance.Il
965 1132 1062 1167 ajoute
1082 1130 1152 1166 qu’il
1167 1140 1184 1159 a
1199 1132 1336 1168 dédaigné
1350 1134 1378 1161 la
1389 1134 1452 1162 voie
1469 1134 1504 1163 de

202 1165 370 1194 l’adulation
393 1174 466 1202 pour
488 1166 595 1194 réussir
621 1166 723 1202 auprès
742 1166 777 1194 de
796 1166 834 1193 M.
852 1166 976 1200 Lucien,
993 1170 1021 1194 et
1040 1167 1112 1203 qu’il
1132 1171 1202 1195 veut
1224 1176 1258 1196 en
1276 1169 1337 1204 agir
1355 1170 1389 1198 de
1413 1170 1504 1198 même

202 1209 271 1228 avec
285 1201 471 1231 lui.De
488 1203 556 1238 quoi
567 1212 612 1230 me
627 1202 798 1230 serviraient
814 1202 955 1230 d’ailleurs
970 1201 1011 1230 les
1027 1202 1121 1239 éloges
1137 1211 1193 1238 que
1206 1203 1237 1239 je
1252 1207 1382 1240 pourrais
1397 1206 1505 1234 donner

201 1237 218 1264 à
242 1236 366 1265 l’auteur
388 1238 423 1266 de
447 1239 577 1267 Marius?
599 1239 727 1274 Lorsque
747 1239 775 1265 la
795 1238 861 1265 voix
880 1239 919 1266 du
934 1238 1032 1275 public
1054 1239 1121 1267 s’est
1145 1239 1198 1266 fait
1217 1241 1353 1269 entendre
1368 1250 1403 1269 en
1416 1242 1506 1279 pareil

200 1280 264 1308 cas,
293 1273 365 1301 celle
393 1274 442 1302 des
468 1274 653 1310 particuliers
679 1283 715 1302 ne
741 1277 809 1310 peut
827 1282 882 1310 que
907 1274 1030 1310 paraître
1058 1275 1124 1303 bien
1152 1275 1239 1303 faible
1266 1280 1295 1304 et
1321 1277 1412 1306 même
1439 1278 1504 1306 bien

203 1316 416 1345 ennuyeuse...

44 1356 106 1395 12.
142 1354 215 1392 LE
247 1345 437 1393 MÊME.

251 1406 290 1438 L.
317 1411 387 1438 aut.
409 1408 473 1447 sig.
491 1406 543 1440 3/4
561 1406 605 1440 de
623 1416 656 1448 p.
670 1408 753 1440 in-8.

44 1453 105 1490 13.
142 1448 443 1488 BERGASSE
468 1451 512 1502 (N
537 1449 567 1502 ),
591 1459 721 1489 avocat
741 1457 778 1489 et
798 1450 1007 1499 publiciste.

251 1503 286 1534 L.
312 1507 383 1535 aut.
412 1502 478 1544 sig.
507 1512 575 1535 aux
600 1507 742 1535 auteurs
762 1503 806 1536 de
827 1503 859 1536 la
891 1503 1096 1545 Biographie
1128 1504 1188 1537 des
1211 1506 1500 1546 contemporains.

207 1544 318 1583 Paris,
342 1546 437 1584 1823,
455 1549 470 1577 1
486 1553 519 1585 p.
538 1544 589 1584 1/2
608 1544 696 1578 in-8.

237 1585 316 1614 Belle
336 1585 421 1614 lettre
436 1586 507 1614 dans
527 1585 652 1621 laquelle
671 1586 694 1613 il
712 1586 815 1614 défend
839 1586 1074 1623 énergiquement
1099 1588 1203 1616 Claude
1225 1589 1326 1623 Lucet,
1343 1588 1445 1616 homme
1470 1589 1502 1617 de

203 1622 310 1655 lettres,
330 1623 365 1650 né
380 1624 396 1650 à
412 1622 632 1651 Pont-de-Vesle
642 1643 649 1658 ,
670 1625 768 1650 contre
791 1622 833 1650 les
853 1625 984 1659 attaques
999 1623 1123 1660 dirigées
1140 1627 1236 1652 contre
1252 1624 1296 1651 lui
1313 1624 1381 1652 dans
1395 1625 1422 1652 la
1437 1625 1502 1653 Bio¬

202 1658 330 1693 graphie.

43 1694 342 1735 1BERRY
367 1694 790 1747 (Charles-Ferdinand,
822 1696 896 1734 duc
929 1695 1009 1746 de),
1044 1696 1102 1735 fils
1131 1696 1178 1735 de
1203 1700 1359 1742 France,
1384 1709 1501 1736 assas¬

200 1751 280 1787 siné
300 1760 366 1798 par
387 1748 526 1787 Louvel
547 1761 593 1787 en
616 1751 732 1787 1820.

248 1802 284 1834 L.
304 1805 373 1834 aut.
399 1802 465 1843 sig.
494 1803 626 1840 Hanau,
647 1804 684 1833 Il
703 1809 795 1833 mars
815 1804 908 1834 1793.
930 1805 945 1833 1
966 1812 1000 1842 p.
1021 1802 1111 1834 in-4.
1131 1802 1223 1835 Belle
1240 1803 1353 1836 lettre.

240 1864 283 1872 ...
299 1842 332 1870 Je
352 1842 409 1870 n’ai
426 1851 465 1879 pu
477 1843 541 1879 plus
560 1843 602 1871 tôt
620 1842 759 1878 répondre
773 1843 788 1869 à
803 1842 831 1869 la
846 1842 930 1870 lettre
947 1851 1004 1878 que
1018 1852 1089 1871 vous
1105 1844 1211 1872 m’avez
1227 1844 1313 1872 écrite
1326 1853 1376 1872 sur
1389 1845 1415 1872 la
1428 1847 1501 1872 mort

201 1878 236 1906 de
255 1881 337 1906 notre
350 1878 498 1906 infortuné
514 1886 682 1914 monarque,
698 1886 769 1905 vous
780 1886 824 1905 me
840 1878 927 1906 disiez
946 1879 1018 1915 qu’il
1033 1888 1069 1907 ne
1084 1879 1177 1907 fallait
1195 1880 1261 1916 plus
1277 1880 1337 1908 être
1349 1889 1389 1908 un
1403 1881 1501 1916 prince

199 1914 350 1949 médiocre,
368 1921 425 1941 non
443 1914 504 1942 cela
520 1922 556 1941 ne
578 1922 651 1942 nous
671 1917 714 1942 est
732 1914 799 1950 plus
814 1915 920 1949 permis
935 1918 964 1942 et
982 1915 1041 1950 j’en
1058 1916 1114 1943 sais
1130 1918 1194 1952 trop
1220 1916 1247 1943 la
1269 1916 1360 1944 vérité
1376 1925 1449 1953 pour
1464 1924 1500 1944 ne

199 1958 249 1986 pas
265 1949 365 1978 tâcher
379 1950 395 1977 à
413 1950 583 1986 m’acquérir
600 1952 696 1978 toutes
711 1949 753 1978 les
766 1953 868 1978 vertus
887 1950 938 1987 qui
949 1951 1013 1979 font
1026 1960 1067 1978 un
1086 1952 1175 1988 grand
1196 1952 1376 1988 prince.

43 1998 108 2036 15.
140 1984 502 2044 BERTEZÈNE,
526 1996 665 2046 député
684 1996 735 2034 du
757 1997 858 2035 Gard
878 1999 896 2035 à
919 1996 951 2035 la
974 1999 1219 2038 Convention.

248 2048 445 2081 Réfutation
469 2053 539 2081 aut.
562 2051 627 2091 sig.
650 2048 693 2081 de
709 2049 855 2081 l’article
872 2050 931 2090 qui
953 2050 983 2082 le
1001 2059 1174 2083 concerne
1199 2051 1285 2083 dans
1304 2050 1335 2083 la
1359 2052 1498 2092 Biogra¬

209 2090 289 2131 phie
307 2092 367 2122 des
382 2091 673 2131 contemporains,
694 2095 832 2132 portant
848 2092 1144 2133 principalement
1163 2102 1223 2125 sur
1243 2102 1304 2125 son
1318 2098 1395 2126 vote
1416 2095 1499 2126 dans

209 2132 240 2164 le
260 2133 380 2173 procès
394 2133 437 2166 de
458 2133 560 2165 Louis
575 2133 659 2165 XVI.
678 2137 693 2165 1
711 2143 742 2175 p.
763 2133 812 2174 pl.
829 2134 914 2166 in-4.

43 2177 106 2215 16.
138 2174 634 2215 BIBLIOGRAPHES.
662 2177 753 2214 Huit
771 2177 897 2215 lettres
916 2182 994 2216 aut.
1018 2177 1084 2226 sig.

247 2229 425 2261 Barbier.
449 2233 463 2261 1
485 2238 519 2270 p.
536 2229 622 2261 in-8.
642 2230 684 2261 —
703 2230 885 2269 Beuchot,
911 2232 1005 2263 1826.
1023 2232 1042 2261 2
1058 2239 1091 2272 p.
1106 2229 1190 2262 in-4.
1209 2231 1250 2263 —
1268 2231 1404 2263 Camus.
1421 2234 1435 2262 1
1464 2240 1495 2271 p.

209 2269 299 2303 in-8.
316 2273 356 2303 —
371 2273 535 2309 Debure,
555 2271 674 2312 l’aîné,
689 2275 814 2305 1795.1
834 2281 868 2312 p.
889 2272 971 2304 in-4.
992 2273 1033 2304 —
1052 2273 1121 2305 Des
1142 2272 1309 2312 Aulnay,
1325 2275 1450 2305 1787.1
1466 2282 1495 2313 p.

206 2312 257 2351 1/2
286 2312 358 2345 in-4
363 2313 585 2346 .—Gaudin
616 2313 783 2354 (l’abbé).
816 2313 918 2354 Lyon.
953 2316 1047 2346 1779.
1079 2318 1100 2347 4
1128 2324 1161 2355 p.
1186 2315 1258 2346 in-4
1261 2316 1496 2347 .—Tersan

208 2355 218 2393 (
223 2353 333 2387 l’abbé
361 2354 427 2396 de).
449 2358 465 2386 1
503 2365 535 2397 p.
570 2355 732 2387 in-12.—
754 2356 919 2387 Morelli
940 2355 1091 2396 (l’abbé).
1122 2356 1172 2388 En
1205 2356 1340 2389 Italien.
1361 2356 1494 2394 Venise,

209 2397 303 2429 1808.
323 2398 343 2428 2
364 2406 397 2436 p.
416 2397 494 2429 in-4.

42 2439 106 2478 17.
141 2437 499 2478 BONAPARTE
523 2438 704 2492 (Joseph),
728 2440 785 2478 roi
803 2440 1024 2490 d’Espagne.

254 2492 290 2524 L.
323 2497 394 2525 aut.
423 2493 487 2534 sig.
514 2502 556 2525 au
584 2493 691 2525 baron
713 2492 754 2525 de
773 2493 942 2526 Meneval.
965 2494 1232 2534 Pointe-Bruge,
1256 2496 1295 2525 16
1311 2492 1494 2525 décembre

211 2535 304 2568 1830.
323 2537 340 2566 1
361 2544 394 2575 p.
418 2535 498 2567 in-4.

44 2577 109 2615 18.
141 2575 499 2616 BONAPARTE
524 2577 724 2627 (Jérôme),
748 2576 1134 2627 roù-de-AVestphalie.

251 2630 286 2662 L.
308 2634 379 2662 aut.
396 2630 461 2672 sig.
482 2632 653 2671 Stutgart,
675 2631 716 2661 28
735 2630 921 2662 novembre
933 2632 1026 2663 1835.
1048 2634 1064 2662 1
1088 2640 1121 2671 p.
1142 2630 1237 2662 in-8.

46 2678 106 2716 19.
142 2675 504 2717 BONAPARTE
527 2677 743 2731 (Caroline),
771 2678 875 2717 reine
895 2680 942 2717 de
964 2679 1112 2728 Naples.

255 2731 292 2762 L.
306 2735 377 2763 aut.
400 2731 464 2772 sig.
479 2741 523 2764 au
539 2733 646 2766 baron
659 2731 701 2763 de
716 2731 881 2764 Meneval.
895 2734 915 2764 4
925 2732 1060 2772 janvier
1076 2732 1168 2764 1838.
1188 2735 1202 2763 1
1218 2740 1249 2772 p.
1268 2730 1313 2771 pl.
1336 2731 1423 2761 in-8'
1439 2729 1490 2761 Jo¬

211 2771 257 2804 lie
275 2772 388 2808 lettre.

45 2816 106 2856 20.
141 2815 381 2854 BOULAY
402 2815 448 2854 de
468 2816 499 2854 la
522 2815 693 2856 Meurthe
712 2816 760 2868 (le
779 2817 933 2866 comte),
957 2816 1095 2865 député
1114 2822 1150 2854 et
1169 2815 1386 2853 littérateur.

252 2868 294 2901 Sa
313 2868 514 2910 biographie
529 2874 599 2903 aut.
622 2877 704 2902 avec
720 2872 856 2902 ratures
871 2873 908 2902 et
922 2868 1145 2903 corrections.
1164 2870 1204 2900 12
1224 2877 1256 2908 p.
1279 2866 1325 2907 pl.
1343 2866 1429 2898 in-4.
