1523 3029
666 87 856 137 -8-
33 182 93 219 57.
129 177 360 216 FLEURY
395 177 452 230 (A.
488 181 551 224 H.,
588 179 751 218 cardinal
783 180 861 231 de),
885 180 1107 229 précepteur
1125 180 1172 218 de
1190 182 1301 220 Louis
1326 184 1409 227 XV,
1433 181 1481 220 de

191 231 334 271 l’Acad.
356 231 402 271 fr.

237 295 387 328 Tableau
401 296 443 327 de
459 294 634 328 l’Histoire
647 296 826 328 ancienne.
845 296 1035 328 Manuscrit
1053 299 1122 327 aut.
1144 295 1186 327 de
1204 297 1244 328 80
1258 306 1290 337 p.
1311 302 1379 336 pet.
1398 298 1478 331 in-8.

197 337 244 378 pi.
266 337 334 369 rel.
356 345 485 378 maroq.
506 346 604 378 roug.
621 341 663 369 tr.
681 338 753 371 dor.
775 346 843 369 aux
859 346 967 369 armes
983 337 1027 369 du
1044 337 1211 378 Dauphin.

33 392 93 428 58.
128 388 407 438 FOUQUET
429 387 623 441 (Nicolas),
649 389 911 427 surintendant
932 389 998 427 des
1021 389 1196 430 finances.

240 453 273 482 4°
292 450 378 483 Jolie
398 449 421 481 1.
440 456 510 483 aut.
535 451 554 483 à
579 450 658 482 Mlle
675 474 747 483 ....
767 452 861 483 1661.
879 452 900 481 2
920 459 951 489 p.
967 452 1076 483 in-12.

236 495 273 523 2°
290 492 584 525 Reconnaissance
601 496 672 524 aut.
691 491 756 532 sig.
780 494 942 531 1661.1/2
965 501 997 533 p.
1016 493 1099 525 in-4.

32 547 95 584 59.
128 543 734 593 FOUQUIER-TINVILLE
760 544 818 593 (A.
845 543 930 595 Q.),
955 552 1173 583 accusateur
1195 543 1322 593 public
1341 556 1387 582 au
1410 544 1484 583 tri¬

189 599 301 637 bunal
322 597 654 643 révolutionnaire,
677 598 846 648 décapité
866 610 911 635 en
932 597 1006 636 l’an
1030 608 1090 638 m.

237 661 273 691 L.
289 665 359 693 aut.
383 660 448 701 sig.
464 661 654 697 Fouquier
681 669 728 692 de
754 660 936 692 Tinville
960 661 978 692 à
999 669 1060 693 son
1079 660 1181 692 frère.
1210 659 1320 698 Paris,
1337 661 1369 692 le
1383 662 1403 692 8
1423 668 1483 693 oc¬

199 701 297 734 tobre
313 706 407 735 1777.
426 707 441 734 1
466 712 498 744 p.
516 703 602 735 in-4.
622 702 762 735 Cachet.

32 755 96 792 60.
129 752 443 792 GALLONDE
465 753 546 806 (Ph.
575 753 681 802 Ch.),
708 753 830 792 habile
855 752 1094 803 calligraphe,
1119 754 1165 791 né
1185 755 1204 790 à
1224 752 1255 790 la
1279 754 1386 791 Père.

235 815 352 848 Prière
366 820 436 848 aut.
455 816 519 856 sig.
535 824 594 848 sur
607 814 686 854 vél.,
705 814 887 856 présentée
901 815 920 847 à
935 814 1087 848 Madame
1104 814 1238 851 Louise,
1257 821 1336 846 avec
1351 813 1487 846 dessins

193 858 212 889 à
233 857 264 889 la
289 858 416 898 plume.
431 861 524 890 1765.
542 858 631 890 Jolie
650 858 759 898 petite
777 857 888 898 pièce.

33 914 93 950 61.
128 899 463 950 GÉNÉRAUX.
498 913 563 950 Dix
584 912 712 950 lettres
732 918 811 950 aut.
836 911 903 961 sig.

236 974 441 1012 Bertrand
463 973 675 1015 (maréchal).
690 977 706 1005 1
726 983 761 1014 p.
778 974 856 1005 in-4.
875 973 916 1004 —
934 973 1132 1005 Düvivier.
1150 974 1243 1004 1841.
1262 974 1278 1012 1
1298 980 1330 1012 p.
1348 971 1432 1002 in-4.
1448 988 1487 993 —

196 1016 315 1048 Haxo.
338 1021 351 1049 1
368 1026 399 1057 p.
421 1018 502 1049 in-8.
523 1018 564 1049 —
581 1018 697 1049 Hugo.
714 1019 730 1048 1
753 1026 785 1057 p.
803 1016 888 1048 in-4.
907 1016 948 1047 —
967 1016 1097 1047 Robin.
1119 1017 1139 1046 2
1160 1024 1193 1055 p.
1215 1014 1266 1053 1/2
1286 1012 1373 1051 in-f.,
1393 1016 1461 1045 etc.

31 1072 94 1109 62.
128 1068 389 1108 GRESSET
411 1071 462 1120 (J.
488 1071 567 1120 B.),
590 1072 712 1119 poète,
736 1070 784 1107 de
804 1069 951 1107 l’Acad.
979 1069 1028 1109 fr.

234 1123 350 1163 Projet
368 1122 410 1155 de
429 1122 452 1154 1.
481 1127 552 1154 aut.
573 1131 616 1154 au
632 1123 683 1154 roi
703 1122 745 1154 de
766 1122 902 1161 Prusse,
921 1129 980 1153 sur
996 1130 1041 1152 un
1060 1119 1150 1162 petit
1164 1118 1263 1152 carré
1282 1119 1324 1152 de
1348 1119 1482 1160 papier.

196 1164 308 1205 lOlig.

228 1215 383 1245 .Les
398 1215 544 1251 lumières,
568 1214 609 1242 les
637 1215 758 1242 conseils
772 1214 841 1242 dont
855 1214 892 1242 Y.
910 1214 950 1241 M.
965 1221 980 1240 a
996 1213 1063 1241 bien
1085 1212 1175 1241 voulu
1191 1212 1351 1240 m’honorer
1365 1211 1434 1239 dans
1458 1220 1488 1239 sa

189 1251 273 1279 lettre
288 1259 336 1278 sur
351 1260 397 1278 ma
412 1251 537 1280 comédie
550 1251 589 1279 du
601 1250 736 1284 Méchant,
756 1250 844 1279 m’ont
860 1249 947 1286 guidé
962 1249 1032 1277 dans
1048 1249 1075 1276 le
1091 1248 1172 1276 choix
1189 1251 1217 1276 et
1235 1248 1306 1275 dans
1316 1246 1487 1276 l’exécution

190 1287 225 1315 de
241 1295 272 1315 ce
293 1288 398 1315 nouvel
422 1295 558 1323 ouvrage,
579 1287 608 1322 je
628 1286 677 1313 l’ai
693 1287 879 1315 entièrement
899 1286 1031 1315 consacré
1047 1286 1063 1312 à
1077 1284 1150 1312 faire
1166 1285 1235 1319 rire,
1255 1285 1278 1312 si
1298 1292 1334 1311 on
1352 1284 1407 1312 sait
1434 1285 1489 1311 rire

190 1330 377 1352 encore.

33 1380 96 1417 63.
131 1377 203 1416 LE
232 1368 418 1414 MÊME.

239 1429 321 1461 Huit
340 1437 420 1461 vers
433 1432 505 1460 aut.
522 1436 603 1461 avec
616 1433 754 1462 ratures
769 1434 804 1462 et
821 1429 1048 1462 corrections.

32 1485 95 1523 6A.
131 1480 398 1521 GRIGNAN
423 1481 477 1531 (M
481 1489 520 1504 me
536 1481 617 1532 de),
636 1482 709 1521 fille
729 1482 776 1521 de
800 1485 836 1521 M
840 1490 881 1505 me
903 1482 950 1520 de
970 1482 1143 1531 Sévigné.

240 1540 414 1573 Brouillon
431 1540 473 1572 de
491 1546 646 1582 comptes
670 1545 754 1579 aut.,
777 1542 870 1581 1693,
888 1544 910 1573 4
930 1550 963 1582 p.
982 1541 1063 1572 in-4.

31 1601 92 1639 65.
127 1597 406 1638 GUFFROY
429 1598 488 1649 (A.
506 1602 550 1638 B.
574 1598 649 1650 J.),
672 1599 894 1649 journaliste
914 1607 950 1637 et
969 1599 1107 1649 député
1128 1598 1179 1636 du
1201 1596 1488 1636 Pas-de-Calais

189 1653 210 1691 à
228 1652 262 1691 la
277 1652 523 1691 Convention.

237 1712 275 1743 L.
293 1715 363 1742 aut.
384 1710 448 1751 sig.
468 1712 486 1743 à
499 1712 537 1744 A.
556 1711 715 1751 Dumont,
730 1715 750 1744 3
764 1712 906 1744 octobre
920 1714 1046 1749 1793,1
1065 1721 1099 1753 p.
1118 1712 1202 1744 in-4.
1221 1710 1306 1743 Tête
1318 1710 1419 1751 impr.

227 1783 269 1790 ...
296 1760 376 1788 Voici
390 1768 446 1788 une
461 1760 538 1796 pièce
554 1760 588 1788 do
604 1761 695 1797 gibier
708 1769 782 1797 pour
794 1764 843 1789 ton
863 1761 1051 1797 patriotisme,
1068 1761 1214 1798 peut-être
1229 1760 1341 1788 est-elle
1358 1759 1488 1795 inglobé»

188 1796 258 1824 dans
274 1799 323 1825 ton
334 1796 413 1832 large
426 1796 495 1832 filet,
511 1797 536 1824 si
551 1797 605 1825 elle
620 1805 655 1825 ne
668 1797 733 1825 l’est
744 1805 805 1833 pas,
819 1800 948 1833 capture,
960 1797 1066 1826 Guerre
1084 1799 1100 1825 à
1112 1800 1186 1825 mort
1202 1805 1254 1824 aux
1271 1796 1449 1825 scélérats...

31 1845 91 1883 66.
128 1842 315 1880 HENRI
338 1842 423 1888 III,
447 1844 503 1882 roi
523 1843 570 1881 de
592 1847 748 1884 France.

236 1898 274 1927 1°
290 1896 326 1927 L.
347 1895 411 1936 sig.
437 1904 480 1927 au
500 1895 671 1928 maréchal
694 1896 736 1928 de
753 1895 939 1936 Matignon,
953 1898 994 1928 18
1006 1896 1147 1928 octobre
1160 1897 1255 1934 1581,
1275 1898 1295 1927 2
1309 1904 1342 1935 p.
1366 1896 1418 1934 1/2
1432 1895 1479 1927 in¬

193 1936 267 1976 fol.,
287 1937 491 1977 contre-sig.
514 1937 556 1969 de
577 1937 756 1978 Neufville,
776 1947 856 1970 avec
872 1940 912 1970 16
934 1938 993 1978 lig.
1005 1942 1075 1970 aut.
1094 1938 1136 1970 de
1156 1946 1195 1970 ce
1215 1937 1363 1969 dernier.

222 1984 315 2012 Lettre
332 1983 450 2012 relative
466 1993 520 2012 aux
533 1983 680 2013 différents
696 1984 828 2021 négociés
844 1987 872 2013 et
887 1985 901 2012 à
914 1984 1008 2020 régler
1020 1992 1086 2013 avec
1101 1984 1128 2013 le
1141 1985 1185 2013 roi
1200 1985 1235 2013 de
1250 1984 1385 2012 Navarre.

233 2030 267 2059 2“
288 2030 324 2062 L.
349 2029 414 2070 sig.
430 2038 473 2062 au
488 2030 660 2062 maréchal
682 2030 870 2071 Matignon,
895 2030 1001 2069 Blois,
1013 2032 1111 2069 1577,
1131 2031 1183 2065 1/2
1200 2040 1232 2070 p.
1249 2029 1361 2062 in-fol.

29 2084 92 2122 67.
126 2080 287 2120 HUET
311 2080 494 2132 (Daniel),
517 2083 660 2132 évêque
679 2081 950 2127 d’Avranches,
973 2081 1021 2120 de
1040 2082 1184 2122 l’Acad.
1207 2082 1254 2120 fr.

236 2135 270 2166 L.
291 2138 360 2166 aut.
381 2135 445 2174 sig.
469 2135 488 2166 à
502 2135 632 2176 Aunay,
650 2135 681 2167 le
695 2137 736 2167 28
750 2135 949 2176 septembre
964 2137 1060 2175 1684,
1078 2139 1092 2167 1
1116 2144 1147 2175 p.
1168 2135 1231 2174 8/4.
1248 2134 1331 2167 in-8.

30 2189 95 2229 68.
126 2175 305 2224 ISORÉ
330 2186 543 2236 (Jacques),
567 2187 707 2236 député
727 2187 773 2225 de
793 2187 908 2227 l’Oise
928 2190 946 2225 à
970 2187 1002 2225 la
1021 2187 1269 2226 Convention.

236 2238 273 2271 L.
297 2243 368 2271 aut.
386 2239 451 2280 sig.
474 2240 492 2271 à
505 2240 542 2272 A.
566 2240 725 2278 Dumont,
747 2241 863 2280 Arras,
884 2244 903 2273 5
914 2239 1068 2272 frimaire
1085 2248 1126 2272 an
1143 2247 1184 2280 n,
1202 2242 1217 2271 1
1237 2248 1271 2279 p.
1288 2238 1339 2277 1/2
1350 2238 1430 2270 in-4.

221 2288 247 2316 Il
261 2288 288 2316 le
299 2290 360 2324 prie
376 2289 411 2317 de
424 2290 546 2326 prendre
559 2298 596 2318 en
610 2291 820 2319 considération
834 2299 863 2318 ce
877 2299 933 2327 que
949 2291 1010 2318 fera
1022 2290 1049 2318 le
1062 2291 1173 2326 citoyen
1189 2290 1336 2326 Matherel,
1354 2290 1441 2317 maire
1454 2290 1488 2317 de

186 2324 331 2354 Cassel...
349 2325 424 2353 C’est
443 2326 518 2354 celui
532 2328 583 2362 qui
596 2329 654 2354 met
669 2328 684 2354 à
704 2326 732 2354 la
746 2328 840 2355 raison
856 2327 897 2355 les
914 2328 1049 2355 environs
1068 2326 1264 2355 d’Hazebrouk
1281 2329 1308 2354 et
1327 2326 1372 2367 qui
1390 2334 1406 2353 a
1425 2326 1489 2360 déjà

185 2362 239 2396 fait
253 2361 380 2389 marcher
395 2363 422 2389 lu
438 2363 582 2396 guillotine
597 2370 646 2390 sur
660 2363 802 2398 plusieurs
817 2363 1173 2391 contre-révolutionnaires
1180 2384 1222 2391 ...
1248 2362 1280 2390 Je
1298 2370 1357 2389 suis
1380 2369 1488 2389 comme

189 2398 228 2425 toi
245 2396 380 2424 vis-à-vis
402 2397 453 2425 des
473 2398 805 2427 anti-révolutionnaires
822 2410 830 2427 :
848 2398 878 2434 je
893 2407 928 2427 ne
948 2406 1022 2426 veux
1041 2406 1092 2434 pas
1108 2398 1180 2436 qu’il
1197 2406 1233 2425 en
1250 2397 1373 2433 échappe
1395 2406 1487 2427 un...

188 2433 303 2461 Bientôt
315 2433 406 2460 Douai
422 2434 530 2462 vaudra
541 2434 583 2462 les
600 2435 683 2462 villes
703 2435 821 2463 d’Arras
842 2438 870 2462 et
891 2434 927 2462 de
942 2434 1024 2470 Lille,
1041 2433 1137 2470 quand
1151 2433 1357 2470 quelques-uns
1369 2433 1403 2460 de
1419 2441 1488 2461 ceux

187 2470 239 2505 qui
251 2468 406 2497 désiraient
421 2469 551 2506 Cobourg
564 2472 667 2497 auront
680 2470 747 2505 joué
763 2472 779 2498 à
800 2471 877 2498 main
896 2470 1013 2503 chaude,
1029 2470 1072 2498 les
1086 2471 1226 2498 inconnus
1239 2471 1400 2497 rentreront
1418 2469 1487 2496 dans

186 2505 265 2533 leurs
281 2506 399 2533 terriers
412 2505 529 2542 jusqu’à
542 2514 572 2534 ce
590 2514 645 2541 que
661 2506 724 2534 leur
734 2509 800 2534 tour
812 2507 916 2543 arrive,
930 2509 958 2535 et
970 2506 997 2534 la
1013 2506 1082 2534 ville
1097 2506 1244 2534 marchera
1258 2513 1296 2533 au
1314 2514 1364 2541 pas
1381 2513 1487 2533 comme

185 2540 224 2569 l’a
235 2541 343 2577 promis
356 2541 383 2568 le
399 2541 698 2571 sans-culotisme_

30 2588 91 2626 69.
127 2585 199 2625 LE
231 2576 422 2626 MÊME.

235 2639 341 2673 Notes
375 2645 445 2674 aut.
471 2648 557 2681 pour
592 2648 628 2672 sa
659 2639 877 2680 Biographie,
904 2643 924 2672 4
948 2650 978 2681 p.
1013 2640 1060 2681 pl.
1089 2639 1200 2672 in-fol.
1229 2647 1310 2672 avec
1331 2643 1426 2670 notes
1443 2646 1485 2671 en

197 2689 327 2722 marge.

221 2730 380 2760 Document
394 2731 512 2759 curieux
527 2739 562 2759 en
577 2731 602 2758 le
615 2730 805 2767 rapprochant
820 2730 854 2758 de
870 2730 898 2758 la
916 2730 999 2759 lettre
1012 2732 1064 2767 qui
1076 2730 1204 2767 précède.

32 2779 95 2817 70.
129 2767 458 2816 JOSÉPHINE
481 2777 915 2824 BEAU11ARNAIS,
936 2778 1179 2827 impératrice
1204 2778 1269 2816 des
1295 2776 1478 2823 Français.

238 2831 263 2863 L
293 2835 364 2864 aut.
394 2831 458 2871 sig.
488 2840 530 2863 au
554 2831 659 2863 baron
678 2830 904 2870 deMeneval,
927 2831 1147 2872 Plombières,
1170 2832 1209 2863 28
1222 2831 1305 2871 juin,
1325 2828 1377 2862 3/4
1392 2828 1434 2861 de
1451 2836 1481 2869 p.

198 2872 279 2904 in-4.
298 2871 421 2914 Papier
440 2874 457 2905 à
475 2876 682 2915 entourages
701 2871 851 2914 gaufrés.
