1861 2850
644 413 1200 458 CATALOGUE

743 556 821 582 D'UNE
836 555 918 581 BELLE
934 556 1096 583 COLLECTION

905 657 935 674 DE

444 755 796 809 LETTRES
830 756 1398 815 AUTOGRAPHES

383 1091 392 1121 1
406 1117 412 1123 .
441 1091 601 1132 ARAM
623 1090 791 1132 (Adolphe),
816 1091 932 1123 célèbre
956 1094 1155 1130 compositeur
1180 1095 1216 1126 de
1243 1096 1390 1137 musique,
1406 1106 1463 1128 au¬

421 1136 485 1163 teur
499 1132 536 1163 du
553 1132 671 1163 Châlet.

459 1184 483 1209 1°
500 1181 600 1210 Billot
617 1183 683 1210 aut.
701 1181 772 1218 sig’.,
794 1184 803 1210 1
823 1190 852 1219 p.
871 1181 967 1211 in-32.
994 1198 1029 1203 —
1053 1184 1082 1213 2°
1108 1184 1282 1221 L’Orpheline
1300 1185 1333 1213 de
1350 1186 1459 1223 sillage,

417 1226 567 1246 romance
591 1220 657 1246 aut.
684 1218 756 1254 sig-.,
775 1218 900 1255 paroles
919 1220 951 1247 et
968 1219 1130 1256 musique,
1147 1223 1164 1248 0
1179 1223 1258 1258 sept.
1290 1224 1365 1259 1845,
1388 1225 1405 1253 2
1431 1232 1460 1261 p.

416 1253 503 1290 in-f.,
520 1253 651 1291 oblong.

375 1304 408 1336 2.
437 1304 796 1348 AEMELOVEEM
825 1305 1050 1348 (Théod.-Jaus.
1078 1307 1171 1350 Vau),
1197 1314 1302 1342 savant
1329 1310 1458 1343 médecin

416 1345 593 1384 hollandais,
616 1347 787 1381 traducteur
802 1349 1015 1392 d’Hippocrate
1032 1354 1062 1382 et
1077 1350 1113 1382 de
1130 1351 1223 1382 Celse.

451 1397 486 1424 45
513 1396 568 1427 lot.
596 1399 662 1427 aut.
690 1398 762 1439 sig.,
790 1408 828 1427 en
854 1398 946 1433 latin,
975 1399 992 1427 h
1016 1399 1117 1429 Henri
1144 1400 1212 1429 Van
1234 1401 1425 1441 Sypesteyn,
1442 1403 1457 1430 à

414 1431 537 1471 Doorn;
562 1434 776 1464 Harderwick
797 1435 1003 1472 (Hollande),
1029 1437 1193 1471 1093-1711,
1216 1445 1351 1465 environ
1373 1441 1408 1467 80
1428 1447 1457 1475 p.

416 1468 494 1504 in-4,
512 1469 651 1500 cachets.

470 1516 683 1548 Correspondance
694 1516 817 1547 littéraire,
829 1516 1034 1549 bibliographique
1044 1518 1065 1541 et
1076 1517 1223 1549 scientifique
1234 1518 1280 1543 fort
1294 1517 1458 1545 intéressante.

373 1559 406 1592 3.
435 1560 701 1600 ARAOEER
720 1559 862 1603 (Sophie),
887 1562 997 1593 actrice
1019 1561 1055 1593 de
1085 1562 1211 1604 l’Opéra,
1240 1562 1320 1595 aussi
1340 1563 1457 1596 célèbre

414 1610 468 1643 par
483 1611 535 1633 son
550 1601 642 1642 esprit
655 1610 712 1642 que
727 1610 779 1643 par
796 1613 851 1635 son
865 1603 968 1635 talent.

448 1650 482 1679 L.
501 1660 541 1686 a.,
559 1650 618 1688 sig.
637 1652 734 1688 Sojrirfe
749 1652 812 1689 At\,
830 1654 848 1681 à
863 1661 898 1682 sa
914 1653 1007 1682 chère
1026 1654 1143 1683 amie...
1155 1664 1162 1690 ;
1179 1654 1283 1690 Paris,
1304 1656 1312 1683 1
1318 1659 1341 1673 er
1357 1655 1454 1686 fruct.

410 1695 450 1715 an
467 1689 495 1722 9,
513 1689 530 1716 4
546 1695 574 1725 p.
593 1688 635 1726 pl.
654 1688 733 1718 in-4.

465 1734 547 1768 Epilrc
558 1737 608 1761 tout
618 1737 631 1761 h
645 1736 666 1761 la
680 1735 723 1761 fois
737 1735 804 1762 triste
814 1738 837 1762 et
846 1736 961 1769 plaisante
970 1743 1012 1761 sur
1023 1743 1065 1761 son
1079 1737 1126 1763 état
1139 1738 1167 1762 de
1178 1736 1294 1766 maladie,
1306 1737 1344 1769 qui
1356 1737 1377 1763 la
1393 1738 1456 1764 force

434 1766 447 1792 Il
462 1770 539 1795 rester
554 1776 601 1794 sur
617 1775 664 1794 sou
681 1767 721 1793 cul
733 1775 828 1794 comme
839 1776 873 1794 un
884 1771 965 1793 vieux
978 1776 1058 1801 singe.
1076 1771 1100 1795 Si
1112 1770 1156 1795 elle
1171 1773 1230 1800 sort,
1249 1769 1307 1795 c’est
1323 1777 1382 1802 pour
1398 1771 1456 1796 faire

434 1801 566 1832 quatorze
582 1801 660 1827 lieues
674 1808 705 1825 en
721 1800 819 1832 quinze
829 1801 914 1833 jours.
931 1802 993 1826 Tout
1015 1807 1044 1826 au
1065 1802 1118 1834 plus
1133 1803 1246 1834 peut-elle
1262 1809 1287 1827 se
1309 1803 1396 1829 traîner
1410 1810 1454 1827 aux

431 1832 560 1864 Tuileries,
571 1835 595 1858 et
604 1834 640 1865 s'y
651 1840 749 1865 camper
759 1839 802 1859 sur
812 1840 859 1859 une
870 1833 950 1859 chaise
963 1840 1024 1865 pour
1036 1840 1051 1865 y
1062 1835 1176 1866 regarder
1188 1836 1223 1859 les
1232 1837 1345 1866 passants
1359 1838 1382 1860 et
1394 1836 1456 1860 s'en¬

431 1871 507 1896 nuyer
520 1866 549 1891 de
564 1872 608 1890 son
619 1866 716 1891 oisiveté
739 1875 749 1886 «
767 1866 826 1897 Qu’y
842 1866 901 1891 faire
908 1865 919 1890 ?
931 1865 1022 1891 dit-elle
1030 1876 1035 1895 ;
1050 1867 1145 1892 souffrir
1162 1868 1185 1892 et
1198 1866 1249 1898 puis
1265 1867 1355 1893 mourir
1365 1867 1403 1894 !...
1420 1868 1453 1892 La

431 1896 492 1922 belle
506 1898 620 1923 chute!...
639 1908 649 1920 »

368 1942 400 1974 4.
430 1942 896 1985 AERRA-EECOMTE
921 1943 1180 1985 (H.-L.-V.-J.-B
1199 1944 1220 1986 ),
1259 1946 1319 1974 très
1356 1943 1452 1975 habile

408 1981 596 2015 dessinateur
611 1983 808 2025 lithographe.

445 2030 480 2058 L.
499 2041 526 2060 a.
545 2041 569 2060 s.
587 2032 605 2060 à
619 2032 775 2067 Potrelle,
793 2032 966 2062 marchand
984 2032 1183 2069 d’estampes,
1198 2033 1275 2066 1824,
1296 2034 1304 2060 1
1325 2040 1353 2069 p.
1371 2030 1450 2062 in-8.

409 2067 493 2095 Avec
511 2076 573 2095 une
591 2068 697 2097 notice
715 2068 801 2105 biog.
819 2067 998 2104 imprimée.

366 2119 398 2150 5.
429 2116 685 2157 RARRIER
706 2117 832 2158 (A.-A.),
855 2121 962 2148 savant
977 2115 1194 2158 bibliographe,
1218 2119 1256 2150 né
1273 2121 1292 2149 à
1312 2118 1452 2151 Couloir.-

406 2158 507 2192 miers.

442 2208 477 2237 L.
495 2216 522 2237 a.
540 2216 580 2245 s.;
598 2205 701 2242 Paris,
718 2207 748 2236 21
768 2205 830 2236 fév.
849 2208 927 2241 1807,
948 2209 955 2235 1
975 2215 1005 2243 p.
1025 2209 1066 2243 1/2
1082 2208 1160 2238 in-4.

462 2254 567 2280 Relative
580 2254 593 2279 à
609 2253 651 2278 son
668 2253 848 2279 Dictionnaire
858 2254 902 2277 des
919 2253 1074 2284 Anonymes.

366 2303 399 2335 6.
427 2303 492 2333 EE
535 2289 699 2334 MÊME.
744 2307 761 2334 4
787 2305 807 2335 1.
835 2313 863 2334 a.
890 2313 914 2334 s.
938 2301 959 2333 à
983 2304 1158 2342 Amanton;
1180 2305 1284 2343 Paris,
1319 2309 1448 2345 1808-22,

405 2347 421 2372 7
439 2352 467 2380 p.
486 2343 564 2373 in-4.

462 2390 581 2415 Relatives
597 2391 610 2414 à
625 2391 668 2415 son
685 2390 866 2416 Dictionnaire
878 2389 923 2415 des
938 2395 1080 2421 anonymes
1092 2392 1115 2416 et
1129 2390 1143 2415 à
1158 2389 1184 2414 sa
1201 2389 1375 2424 Bibliothèque
1388 2392 1450 2418 d’un

427 2421 528 2447 homme
541 2423 573 2447 de
586 2424 655 2454 goût.
