1818 2838
879 373 914 404 -
943 373 961 404 8
990 388 1026 395 -

491 441 526 470 L.
543 450 571 470 a.
588 449 625 476 s.,
642 448 680 468 en
697 438 855 479 français,
872 440 890 467 à
905 439 947 468 M.
965 438 1073 472 Yvan,
1091 437 1110 465 à
1124 438 1311 474 Bruxelles;
1329 438 1443 475 Turin,
1460 441 1496 468 25

451 478 514 508 mai
535 480 612 512 1852,
629 479 646 505 2
661 483 690 514 p.
707 476 751 514 pl.
769 476 845 505 in-4.

507 524 653 551 Belleletlre,
667 525 729 548 tonte
740 523 858 554 politique.
869 532 879 543 «
894 522 957 547 Chez
970 528 1040 547 nous,
1053 519 1123 550 dit-il,
1135 520 1168 546 les
1179 521 1273 546 affaires
1285 523 1342 547 vont
1354 528 1420 547 assez
1432 521 1494 552 lue»,

474 557 535 584 mais
545 564 587 582 sur
597 559 674 581 toutes
684 562 727 580 nos
738 547 864 581 frontières
874 555 957 587 s'agite,
970 556 990 579 la
1002 554 1150 578 réaction...
1170 553 1193 578 Si
1205 554 1226 579 le
1235 554 1355 580 ministère
1369 557 1404 579 est
1415 554 1493 583 faible,

474 591 495 615 le
511 590 544 614 roi
561 592 594 614 est
612 589 694 618 ferme,
706 590 728 612 et
738 595 777 613 ses
794 588 884 613 bonnes
895 587 1022 612 intentions
1034 588 1088 610 sont
1102 591 1206 610 connues
1219 587 1248 611 de
1262 590 1313 612 tout
1330 589 1351 612 le
1366 588 1459 612 monde.
1482 597 1492 608 »

408 641 461 672 40.
490 638 815 678 BROSSETTE
837 637 982 678 (Claude),
1000 640 1116 671 avocat,
1139 635 1197 666 ami
1213 641 1242 667 et
1255 641 1494 669 commentateur

450 681 487 712 de
504 680 634 712 Boileau.

492 731 525 758 L.
543 739 570 757 a.
589 738 612 757 s.
630 728 648 756 à
664 729 705 756 M.
728 727 902 761 Clautrier,
929 726 1103 755 secrétaire
1128 726 1170 755 du
1197 726 1494 765 contrôleur-géné¬

450 766 513 801 ral;
530 766 631 802 Lyon,
651 766 683 793 19
698 763 776 792 août
794 764 872 798 1714,
889 765 905 792 2
922 772 950 801 p.
969 762 1043 798 in-4,
1056 762 1118 800 joli
1137 763 1259 792 cachet.

506 811 568 836 llclc
581 811 648 836 lettre
661 810 757 835 relative
773 811 784 834 îi
799 810 819 835 la
834 810 933 835 sédition
953 810 992 841 qui
1009 816 1021 834 a
1038 816 1066 835 eu
1079 809 1124 835 lien
1141 809 1154 834 à
1171 810 1236 841 l.yon
1249 816 1277 835 au
1293 812 1493 835 commencement

472 845 501 870 de
512 844 572 876 juin,
590 845 602 868 li
619 844 639 869 la
657 843 800 868 nomination
815 843 844 868 de
859 843 936 868 l'abbé
951 844 980 867 de
995 842 1098 872 Villeroy
1111 842 1124 866 il
1140 842 1313 873 l’archevêché,
1332 846 1352 867 et
1369 849 1399 867 au
1413 842 1493 873 séjour

471 878 501 903 de
512 880 532 903 la
549 877 612 902 reine
623 877 652 902 de
668 876 770 907 Pologne
782 876 842 901 dans
855 878 915 900 cette
925 875 988 900 ville.

408 928 460 960 41.
489 929 553 958 EE
590 916 753 958 MÊME.
789 929 824 958 L.
842 938 870 957 a.
887 937 911 957 s.
929 928 948 956 à
963 927 1058 957 Fabri
1076 929 1109 956 et
1124 927 1273 963 Barillot,
1298 928 1448 960 libraires
1475 931 1493 960 à

449 968 591 1005 Genève;
608 966 710 1005 Lyon,
726 968 756 996 31
772 965 863 1004 jauv.
884 966 960 1000 1724,
977 966 994 994 3
1009 973 1039 1004 p.
1056 965 1099 1003 pl.
1117 965 1192 1002 in-4,
1210 965 1331 996 cachet.

502 1015 563 1040 Très
577 1015 731 1040 intéressante
746 1014 820 1046 épilrc
833 1013 930 1039 relative
944 1013 956 1037 à
971 1012 1074 1038 l’édition
1086 1013 1114 1037 do
1133 1013 1170 1037 La
1190 1013 1318 1038 Fontaine
1329 1020 1374 1045 que
1389 1014 1493 1039 donnent

470 1055 510 1073 ces
525 1047 643 1078 libraires,
659 1051 681 1072 et
697 1047 911 1078 particulièrement
923 1046 935 1070 à
953 1045 1011 1071 celle
1026 1045 1055 1070 de
1069 1044 1177 1069 Boileau
1192 1045 1262 1075 qu'ils
1274 1046 1380 1076 publient
1397 1047 1420 1070 et
1432 1046 1492 1071 dans

471 1080 570 1110 laquelle
588 1079 707 1103 Hrossctle
721 1079 832 1104 voudrait
846 1078 916 1108 qu'ils
931 1077 1034 1102 insèrent
1046 1083 1091 1101 une
1101 1076 1202 1108 réponse
1214 1076 1268 1101 faite
1284 1083 1327 1107 par
1344 1078 1365 1101 le
1378 1077 1492 1108 satirique

471 1112 483 1135 à
499 1112 541 1136 des
555 1113 662 1141 attaques
677 1111 705 1135 de
723 1110 818 1134 Leclerc
832 1112 854 1133 et
867 1110 896 1133 de
909 1109 979 1132 lluet.

405 1161 461 1191 42.
488 1161 552 1190 EE
585 1149 748 1190 MÊME.
788 1164 814 1190 1°
827 1161 923 1198 Copie
933 1161 984 1197 (du
998 1160 1110 1198 temps)
1122 1160 1215 1189 d’une
1229 1160 1326 1190 lettre
1342 1162 1489 1192 adressée

447 1208 505 1238 par
529 1198 574 1228 lui
601 1198 619 1227 à
645 1198 778 1228 Boileau
796 1199 825 1228 le
845 1199 877 1227 10
893 1206 976 1227 mars
997 1199 1074 1233 1099,
1092 1206 1149 1226 sur
1165 1197 1197 1226 la
1212 1196 1348 1234 légende
1370 1199 1408 1227 de
1433 1208 1490 1229 son

446 1236 586 1272 portrait
603 1234 700 1273 gravé
717 1245 775 1273 par
790 1235 920 1265 Brevet.
937 1251 972 1256 —
986 1237 1016 1264 2°
1032 1234 1067 1263 L.
1085 1243 1113 1263 a.
1130 1243 1154 1263 s.
1173 1233 1210 1263 de
1227 1235 1309 1263 Fabri
1324 1237 1349 1263 et
1364 1237 1487 1268 Barillot,

445 1272 596 1302 libraires
622 1272 640 1300 à
665 1272 803 1307 Genève,
827 1272 845 1299 à
865 1272 1040 1305 Brossette,
1058 1279 1114 1299 sur
1128 1270 1343 1308 l’impression
1360 1271 1401 1300 du
1419 1272 1491 1301 Boi¬

446 1309 518 1338 leau
543 1317 619 1337 avec
644 1316 693 1337 ses
719 1307 978 1342 commentaires,
995 1308 1028 1335 et
1044 1306 1145 1343 copie,
1163 1315 1220 1343 par
1235 1316 1309 1342 eux,
1327 1308 1421 1338 d’une
1438 1318 1491 1338 cu¬

445 1345 552 1374 rieuse
578 1345 675 1374 lettre
702 1344 740 1373 de
766 1344 845 1373 J.-B.
868 1344 1034 1373 Rousseau
1052 1351 1108 1372 sur
1124 1343 1152 1372 le
1172 1343 1272 1372 même
1289 1344 1390 1381 sujet,
1411 1348 1488 1381 1715,

444 1385 461 1412 5
478 1391 507 1420 p.
526 1381 600 1411 in-4.

403 1438 454 1470 43.
486 1439 761 1475 BUGE.llin,
779 1436 926 1469 maréchal
944 1436 980 1468 de
995 1435 1117 1468 France.

487 1489 513 1516 1°
539 1487 574 1516 L.
601 1496 638 1521 s.,
667 1487 684 1515 à
709 1487 877 1516 l’occasion
902 1487 940 1515 de
964 1495 1020 1515 son
1047 1484 1208 1514 élévation
1227 1485 1244 1513 à
1260 1485 1290 1514 la
1307 1485 1433 1524 dignité
1450 1488 1488 1517 de

444 1523 622 1559 maréchal;
636 1523 746 1560 Alger,
758 1525 793 1551 22
805 1522 882 1551 août
896 1523 973 1558 1843,
990 1524 999 1550 1
1019 1531 1047 1559 p.
1066 1522 1209 1551 in-4.—2°
1221 1522 1316 1552 Pièce
1329 1526 1395 1553 aut.
1413 1524 1438 1554 si
1444 1533 1486 1562 g.,

443 1568 565 1588 comme
577 1561 726 1587 ex-colonel
740 1560 777 1586 du
795 1559 838 1586 14°
854 1559 887 1586 de
902 1560 983 1593 liijne,
1004 1560 1082 1594 1831,
1103 1560 1112 1587 1
1132 1568 1161 1596 p.
1180 1558 1257 1588 in-4.

405 1613 457 1645 44.
487 1611 717 1652 CAMPAI
746 1611 787 1652 (M
792 1617 823 1630 me
824 1610 845 1652 ),
866 1610 985 1642 lectrice
1006 1611 1043 1642 de
1059 1612 1358 1650 Marie-Antoinelte,
1382 1618 1489 1646 auteur

440 1653 476 1686 de
493 1653 655 1685 Mémoires
670 1662 721 1684 sur
734 1657 811 1684 cette
829 1651 990 1693 princesse.

483 1704 517 1734 L.
544 1713 572 1734 a.
599 1713 623 1734 s.
651 1712 691 1733 au
719 1702 821 1740 grand
846 1701 1031 1731 chancelier
1046 1701 1085 1731 de
1103 1702 1133 1731 la
1148 1703 1272 1742 Légion
1292 1704 1486 1742 d’honneur;

442 1742 582 1777 Ecouen,
602 1743 612 1771 1
617 1746 640 1760 er
656 1749 706 1770 av.
727 1742 804 1776 1811,
821 1741 838 1769 4
854 1748 883 1778 p.
900 1738 943 1778 pl.
961 1738 1031 1768 in-f.
1049 1740 1121 1768 Belle
1131 1742 1215 1777 pièce.

496 1790 543 1815 Sur
567 1790 601 1816 les
620 1795 728 1815 mesures
751 1789 764 1813 ù
788 1787 890 1820 prendte
910 1793 970 1819 pour
994 1786 1071 1812 mieux
1097 1787 1185 1814 fermer
1208 1787 1229 1814 la
1252 1788 1343 1814 maison
1366 1789 1488 1822 impériale

464 1823 593 1851 d’Kcouen,
609 1823 640 1848 où
655 1829 685 1848 un
700 1822 768 1847 chien
787 1820 874 1853 enragé
891 1827 904 1845 a
924 1819 979 1845 failli
1002 1820 1112 1852 pénétrer
1128 1823 1150 1846 cl
1166 1827 1250 1847 causer
1264 1822 1406 1848 d’horribles
1425 1823 1487 1848 acci¬

464 1856 541 1881 dents.

399 1906 452 1939 45.
481 1904 845 1946 CAWCEEEIERI
877 1904 963 1946 (Fr.),
991 1910 1098 1937 savant
1122 1904 1329 1947 bibliographe
1350 1905 1486 1947 piémou-

441 1947 510 1984 tais,
529 1946 681 1987 président
693 1946 730 1977 de
749 1945 953 1988 l’imprimerie
967 1945 1005 1977 de
1020 1947 1052 1977 la
1070 1947 1288 1986 Propagande.

480 1997 514 2025 L.
532 2005 560 2025 a.
577 2005 614 2030 s.,
632 2005 671 2024 en
688 1995 814 2031 italien,
832 1996 850 2023 à
866 1995 908 2024 M.
926 1996 1062 2031 Marcel;
1079 1996 1192 2029 Rome,
1213 1997 1290 2029 1809,
1311 1997 1319 2023 1
1340 2003 1369 2032 p.
1387 1994 1461 2024 in-4.

496 2042 601 2068 Relative
615 2042 629 2066 à
645 2043 666 2066 la
680 2044 743 2066 mort
756 2042 787 2066 du
801 2044 885 2066 savant
902 2041 981 2071 Zeoga
996 2043 1018 2065 et
1033 2046 1080 2064 aux
1098 2046 1216 2070 ouvrages
1231 2039 1287 2070 qu'il
1301 2040 1381 2066 laisse.

398 2093 452 2125 46.
479 2089 883 2130 CHAIGARIIER
901 2089 940 2130 (le
964 2088 1109 2130 général),
1134 2089 1347 2122 commandant
1363 2101 1400 2123 en
1418 2091 1488 2124 chef

437 2133 474 2165 de
491 2133 611 2165 l’armée
627 2131 662 2162 de
682 2130 775 2162 Paris.

479 2183 513 2213 L.
532 2192 559 2212 a.
577 2191 613 2219 s.;
632 2179 832 2218 (Bruxelles),
852 2181 884 2209 15
894 2178 985 2218 janv.
1006 2182 1083 2218 1852,
1100 2182 1117 2210 2
1132 2189 1162 2219 p.
1180 2180 1255 2211 in-8.

396 2238 450 2269 47.
477 2237 746 2269 CHARROI
771 2238 839 2268 ME
863 2237 935 2268 EA
957 2238 1267 2277 ROCHETTE,
1283 2238 1441 2273 helléniste
1454 2244 1484 2270 et

439 2278 643 2320 bibliographe
658 2279 767 2311 érudit.

477 2328 494 2355 4
510 2326 531 2355 1.
549 2335 577 2356 a.
594 2337 619 2357 s.
638 2329 656 2357 à
670 2329 842 2362 Amanton,
862 2329 988 2363 1810-12,
1009 2330 1041 2357 10
1056 2337 1085 2365 p.
1104 2328 1168 2358 in-8
1184 2337 1225 2357 ou
1243 2329 1317 2358 in-4.

492 2373 650 2399 Intéressante
667 2373 873 2404 correspondance
888 2373 985 2399 relative
1001 2375 1014 2399 à
1029 2374 1110 2400 divers
1124 2375 1198 2407 sujets
1211 2375 1352 2402 d'érudition
1367 2378 1390 2401 et
1403 2376 1432 2402 de
1446 2376 1481 2401 bi¬

459 2405 613 2436 bliographie.
