1818 2838
865 339 1024 392 -4-
402 428 434 458 7.
463 423 646 455 BASAI!
664 420 799 463 (P.-Fr.),
828 428 957 460 graveur
983 423 1013 450 et
1034 416 1150 449 célèbre
1172 419 1277 458 expert
1306 414 1485 456 d'estampes

441 466 481 498 du
498 471 585 498 xviii*
600 462 699 496 siècle.

477 516 574 545 Pièce
590 515 657 543 aut.
673 512 747 550 sig.,
766 512 845 546 1786,
864 512 907 548 1/2
922 519 952 548 p.
970 509 1050 539 in-4.

495 561 633 588 Estimation
647 561 676 586 de
691 558 771 584 divers
785 557 942 589 portefeuilles
955 557 1099 586 d'estampes
1114 554 1213 585 gravées
1228 560 1271 586 par
1285 553 1394 584 Suruguc
1405 553 1427 576 et
1442 558 1485 576 au¬

463 599 522 624 tres,
534 596 557 620 et
567 594 596 619 de
612 592 705 618 dessins
720 590 749 615 de
760 591 892 616 Desfossés.

398 645 433 676 8.
459 636 715 672 BAUSSET
735 635 780 676 (le
801 634 935 666 cardinal
960 632 1023 673 de),
1047 630 1162 672 évêque
1187 630 1311 669 d’Alais,
1341 629 1485 662 historien

440 682 477 714 de
490 681 613 713 Bossuet
628 683 657 710 et
674 677 712 709 de
727 676 868 710 Fénelon,
883 676 920 706 de
936 671 1047 705 l’Acad.
1065 672 1157 703 franc.

476 731 511 760 L.
529 739 557 758 a.
574 738 598 757 8.
617 729 635 756 à
650 726 752 756 l’abbé
769 725 806 754 de
823 723 999 758 Madières;
1016 721 1178 757 Maffliers,
1198 722 1276 755 1821,
1297 722 1306 748 1
1322 729 1350 757 p.
1369 720 1447 748 in-8.

496 774 602 802 Relative
612 774 625 798 ii
637 771 766 809 l'épitaphe
775 777 803 796 en
814 769 910 794 marbre
920 768 988 794 blanc
1000 770 1028 794 de
1045 768 1074 793 M.
1087 768 1116 794 de
1131 768 1235 797 Jarentc,
1249 767 1339 798 évêque
1350 765 1485 796 d’Orléans,

464 816 510 841 que
523 810 543 834 le
558 807 663 832 cardinal
673 811 686 829 a
700 804 740 829 fait
753 804 832 836 placer
847 805 906 828 dans
924 802 946 827 la
962 802 1098 828 cathédrale
1112 801 1141 827 de
1154 803 1214 826 cette
1229 800 1291 825 ville.

397 859 432 892 9.
459 854 638 886 BAYLE
653 850 790 895 (Pierre),
809 850 924 882 illustre
940 847 1071 880 écrivain
1088 846 1274 889 philosophe.

481 906 516 936 L.
538 906 605 935 aut.
627 904 645 932 à
664 903 707 932 M.
729 900 917 933 Valhebert,
939 894 1199 932 bibliothécaire,
1221 896 1295 925 chez
1317 893 1419 925 l’abbé
1436 893 1488 922 Bi¬

441 951 542 980 gnon;
559 943 594 968 26
609 939 689 976 sept.
709 940 787 972 1697,
808 938 816 964 1
836 945 865 973 p.
884 935 960 964 in-4.
978 933 1027 963 Un
1045 941 1106 971 peu
1124 931 1280 970 fatiguée.

494 986 621 1014 Nouvelles
640 984 775 1014 littéraires,
791 981 902 1008 relatives
916 980 931 1006 b
945 980 1079 1012 Marsolicr,
1092 979 1210 1012 Gregorio
1229 978 1287 1010 Loti,
1301 977 1428 1007 Travenol,
1442 977 1485 1002 Le¬

462 1021 534 1050 clerc,
550 1021 594 1045 etc.

402 1066 452 1097 10.
480 1049 704 1095 BÉJABT
728 1058 983 1101 (Armande-Cres
996 1055 1177 1096 -Cl.-Elis.),
1216 1055 1332 1086 célèbre
1362 1054 1482 1089 actrice,

439 1105 547 1136 femme
564 1103 602 1135 de
615 1102 749 1134 Molière.

476 1154 564 1185 Quit.
582 1152 655 1188 sig.,
673 1158 729 1178 sur
744 1148 842 1182 vélin,
863 1148 940 1181 1678,
958 1145 1035 1174 in-8.
1052 1145 1137 1173 Avec
1155 1152 1197 1172 un
1215 1143 1363 1181 portrait.

495 1199 559 1229 Reçu
577 1196 637 1221 dans
655 1195 731 1226 lequel
745 1197 781 1220 est
796 1192 904 1225 qualifiée
922 1201 932 1213 «
950 1198 1026 1217 veuve
1040 1191 1069 1216 de
1086 1191 1149 1216 J.-U.
1169 1190 1295 1221 Duquel!»,
1312 1190 1375 1215 sieur
1392 1189 1421 1214 de
1437 1190 1487 1214 Mo¬

461 1231 529 1260 lière,
541 1229 604 1255 valet
614 1229 643 1254 de
657 1228 770 1254 chambre
786 1227 816 1253 de
831 1227 863 1251 Sa
879 1225 985 1257 Majesté.
1004 1235 1015 1247 °

398 1282 452 1317 11.
482 1279 811 1311 ltELLAMGER
828 1275 934 1318 (Bip.),
951 1274 1069 1307 célèbre
1086 1274 1202 1315 peintre
1218 1273 1254 1305 de
1267 1271 1416 1304 batailles.

474 1330 510 1359 L.
528 1339 556 1359 a.
573 1337 598 1358 s.
616 1329 634 1357 à
649 1327 742 1364 Alph.
760 1325 900 1361 Giroux;
917 1325 1042 1358 Rouen,
1063 1325 1141 1358 1833,
1162 1325 1171 1351 1
1191 1331 1220 1360 p.
1242 1324 1282 1358 1/2
1298 1322 1376 1352 in-8.

497 1376 602 1402 Relative
618 1376 630 1400 b
647 1381 677 1400 un
692 1374 720 1399 de
737 1381 776 1399 ses
791 1372 910 1398 tableaux.

400 1428 452 1461 12.
481 1414 782 1459 BÉBAMGEB
807 1422 928 1466 (P.-J.),
954 1426 1040 1453 notre
1071 1418 1167 1460 grand
1200 1417 1402 1450 chansonnier
1432 1426 1487 1449 na¬

441 1469 546 1501 tional.

478 1520 513 1549 L.
531 1528 559 1548 a.
576 1527 600 1546 s.
618 1518 646 1555 (à
665 1516 791 1546 Madicr
807 1514 844 1542 de
861 1512 1053 1549 Montjeau);
1076 1509 1351 1547 Sainte-Pélagie,
1367 1511 1402 1540 23
1422 1509 1484 1539 fév.

444 1558 522 1590 1822,
534 1558 551 1583 4
567 1563 596 1591 p.
615 1554 657 1590 pl.
675 1552 754 1580 in-4.

497 1601 578 1632 Epitrc
598 1600 628 1624 du
650 1599 703 1635 plus
719 1596 795 1629 grand
815 1595 907 1621 intérêt.
923 1607 954 1612 —
967 1594 1002 1619 La
1014 1593 1125 1624 captivité
1138 1599 1150 1617 a
1167 1599 1228 1623 pour
1242 1591 1274 1617 lui
1286 1591 1331 1616 des
1345 1597 1486 1623 compensa¬

465 1633 526 1658 tions
538 1640 544 1658 :
561 1631 577 1656 il
591 1633 666 1662 reçoit
680 1630 709 1655 de
722 1633 775 1655 tous
790 1628 864 1658 côtés,
881 1629 910 1653 de
923 1633 981 1658 gens
995 1625 1052 1658 qu’il
1067 1631 1096 1650 ne
1108 1624 1203 1650 connaît
1216 1631 1258 1656 pas
1269 1625 1346 1649 même
1361 1625 1390 1650 de
1408 1630 1487 1655 noms,

464 1666 495 1691 du
508 1666 554 1694 vin,
571 1665 601 1690 du
613 1664 696 1696 gibier,
711 1663 742 1689 du
753 1663 849 1696 poisson
858 1672 863 1691 ;
878 1661 912 1687 les
919 1666 974 1685 vers
985 1662 1008 1685 et
1018 1659 1051 1684 les
1063 1658 1181 1683 chansons
1192 1658 1302 1689 pleuve»!
1314 1658 1386 1683 aussi.
1401 1657 1417 1682 Il
1427 1657 1488 1684 n’est

465 1706 509 1731 pas
522 1705 580 1724 sans
594 1697 730 1729 inquiétude
742 1703 785 1721 sur
798 1696 833 1720 les
845 1693 980 1727 poursuites
994 1691 1066 1724 qu’on
1081 1691 1112 1716 lui
1132 1691 1220 1717 intente
1234 1692 1246 1715 !i
1263 1696 1352 1723 propos
1364 1691 1393 1715 de
1407 1690 1428 1714 la
1443 1697 1488 1721 pu¬

465 1723 574 1757 blication
589 1731 618 1756 de
633 1737 676 1756 son
693 1730 784 1762 procès.
804 1728 820 1753 Il
833 1735 861 1753 en
877 1726 955 1753 aurait
971 1732 1030 1758 pour
1044 1724 1105 1750 deux
1122 1730 1179 1753 ans,
1200 1726 1224 1749 et
1237 1728 1329 1748 comme
1347 1723 1380 1748 les
1394 1722 1488 1753 prison¬

465 1766 529 1790 niers
549 1770 578 1790 ne
602 1765 704 1795 peuvent
725 1761 830 1788 recevoir
846 1767 892 1792 que
907 1761 957 1786 leur
974 1760 1067 1786 femme,
1081 1760 1104 1782 et
1118 1757 1174 1788 qu’il
1192 1759 1228 1781 est
1243 1754 1387 1786 célibataire,
1404 1762 1434 1780 on
1456 1756 1487 1780 lui

464 1797 576 1822 conseille
591 1797 620 1822 de
635 1804 661 1822 se
677 1802 772 1821 marier.
794 1803 804 1815 »
820 1794 915 1824 Voyez,
928 1791 1003 1820 dit-il,
1017 1793 1094 1816 toutes
1109 1789 1144 1814 les
1160 1789 1335 1820 conséquences
1349 1789 1419 1814 d'une
1434 1795 1489 1813 con¬

465 1829 611 1854 damnation.
633 1839 643 1850 »
660 1829 678 1854 Il
689 1835 716 1852 se
731 1826 828 1852 console
839 1832 870 1850 un
886 1830 931 1855 peu
943 1830 972 1847 en
988 1823 1074 1847 faisant
1087 1821 1130 1846 des
1141 1820 1271 1851 chansons,
1282 1820 1322 1850 qui
1332 1821 1446 1846 circulent
1458 1828 1488 1845 au

466 1862 562 1887 dehors.
586 1860 635 1885 Vue
654 1860 696 1885 des
715 1858 837 1884 dernières
855 1863 868 1880 a
888 1855 925 1880 été
940 1855 1021 1885 copiée
1037 1854 1050 1877 à
1064 1853 1202 1882 l’audience,
1220 1852 1321 1884 pendant
1336 1860 1379 1878 son
1394 1854 1487 1890 procès,

464 1895 549 1925 jusque
570 1899 612 1917 sur
634 1893 655 1917 le
676 1892 764 1915 bureau
780 1890 822 1915 des
834 1889 913 1919 juges,
929 1893 958 1911 au
971 1892 1014 1911 nez
1029 1885 1058 1911 de
1074 1885 1227 1916 Marchangy.
1250 1886 1295 1910 Des
1314 1886 1366 1910 avis
1380 1877 1489 1911 sinistres

465 1930 505 1952 ont
522 1925 559 1951 été
577 1925 668 1949 donnés
679 1924 692 1947 ti
709 1921 810 1947 Manuel.
829 1930 840 1942 »
856 1921 883 1945 Je
898 1919 997 1945 tremble
1012 1918 1134 1949 toujours,
1150 1918 1219 1947 dit-il,
1231 1917 1303 1949 qu'un
1317 1924 1379 1949 coup
1392 1918 1420 1942 de
1436 1917 1488 1948 poi¬

467 1959 542 1990 gnard
554 1957 608 1982 n'en
621 1956 688 1993 prive
702 1954 725 1979 la
741 1953 824 1985 patrie.
843 1963 853 1974 »
869 1951 958 1978 Détails
968 1958 1010 1976 sur
1020 1950 1074 1976 M"*
1090 1950 1188 1979 Bérard,
1202 1951 1240 1981 qui
1255 1949 1319 1975 vient
1329 1949 1352 1974 le
1363 1949 1452 1980 visiter,
1466 1952 1488 1973 et

466 1998 508 2016 sur
523 1987 771 2017 Cauchois-Lemaire,
783 1985 822 2018 qui
838 1988 873 2010 est
889 1986 948 2010 dans
959 1984 980 2009 la
993 1985 1069 2008 même
1079 1982 1160 2014 prison
1176 1988 1221 2012 que
1238 1982 1277 2005 lui.

401 2040 455 2074 13.
483 2033 1087 2072 BEBBIAT-SAINT-PBIX
1134 2029 1300 2072 (Jacques),
1335 2030 1489 2072 juriscon¬

443 2081 520 2114 sulte
532 2085 562 2113 et
574 2080 683 2115 érudit,
700 2082 938 2110 commentateur
950 2075 987 2107 de
1002 2073 1134 2110 Boileau,
1149 2071 1187 2103 de
1201 2071 1311 2104 i’Acad.
1330 2074 1381 2105 des
1394 2071 1486 2108 Insc.,

442 2124 480 2155 né
497 2124 515 2155 à
532 2120 691 2155 Grenoble.

479 2180 497 2206 3
521 2177 577 2206 let.
603 2176 671 2205 aut.
697 2173 759 2211 sig.
785 2181 826 2202 au
852 2171 1044 2210 bibliophile
1069 2167 1208 2206 Bérard;
1233 2168 1338 2204 Paris,
1357 2171 1488 2205 1827-28,

443 2216 460 2243 4
476 2222 504 2252 p.
523 2213 601 2243 in-8.

498 2266 587 2290 Toutes
603 2262 715 2288 relatives
726 2267 773 2286 aux
785 2260 885 2286 éditions
900 2260 1011 2293 princcps
1027 2259 1056 2284 de
1074 2257 1182 2289 Boileau,
1200 2260 1223 2284 et
1243 2257 1458 2289 particulièrement
1476 2257 1488 2282 à

466 2298 537 2322 celles
550 2296 679 2322 attribuées
689 2300 736 2318 aux
749 2293 863 2319 Elzévirs.

400 2347 455 2380 14.
483 2342 1026 2378 BILEiAUD-VABEIlIÜE,
1082 2339 1331 2377 conventionnel,
1372 2338 1490 2371 célèbre

444 2386 576 2419 membre
589 2385 628 2417 du
642 2383 758 2418 Comité
774 2383 811 2415 de
826 2383 905 2416 salut
925 2382 1036 2424 public.
