1818 2838
855 364 1015 402 -6-
609 433 659 453 Sans
674 433 740 459 peine,
753 434 765 454 à
779 432 797 451 la
810 432 882 453 liaison
894 433 1024 461 asservissent
1034 433 1052 453 la
1065 433 1129 458 Rime,

607 461 632 480 Kt
648 467 720 481 mesme
733 467 757 480 en
775 459 853 481 imitant
870 461 958 487 toujours
972 461 1071 486 original.

606 489 650 512 J’ay
660 491 714 511 seeù,
726 489 777 508 dans
789 493 831 508 mes
844 489 922 511 escrits,
934 489 996 512 docte,
1011 489 1090 513 enjoué,
1102 488 1197 514 sublime,

605 516 731 537 Rassembler
740 522 763 535 eu
780 515 819 535 moi
832 516 898 540 Perse,
910 517 986 536 Horace
1000 522 1019 537 cl
1033 517 1130 536 Juvenul.

390 557 445 589 21.
473 559 536 589 LD
568 558 731 589 MEME.
767 560 803 590 L.
819 570 847 591 a.
865 571 891 592 s.
908 571 949 591 au
966 569 1084 597 morne;
1111 561 1215 599 Paris,
1248 566 1274 592 11
1305 564 1371 593 doc.
1398 567 1475 601 1710,

430 601 447 636 2
459 607 487 636 p.
506 598 581 627 in-S.
597 599 665 626 Jolie
678 600 761 634 pièce.

483 644 587 671 Tableau
599 644 644 669 fort
658 644 724 669 triste,
740 644 769 669 de
783 650 826 669 sou
841 646 888 670 étal
898 645 927 669 de
937 643 1005 669 sauté
1018 651 1023 667 :
1037 644 1050 667 il
1062 650 1090 668 ne
1102 644 1198 669 marche
1210 645 1262 675 plus
1274 646 1410 678 qu'appuyé
1424 655 1470 672 aux

450 675 508 701 bras
521 677 550 701 de
564 682 603 700 ses
618 677 701 705 valets,
718 678 741 700 et
755 677 812 701 aller
827 677 882 701 d'un
899 677 955 700 bout
966 677 980 699 à
996 674 1081 700 l’autre
1093 676 1122 700 de
1137 682 1163 700 sa
1178 677 1292 702 chambre
1312 681 1348 702 est
1365 685 1426 710 pour
1443 680 1474 704 lui

451 714 481 733 un
494 713 583 739 voyage
597 708 647 733 très
662 709 723 739 long.
736 709 784 732 Son
795 708 869 738 esprit
885 708 945 732 n'est
959 707 1022 738 point
1038 707 1142 732 diminué
1155 715 1160 733 :
1176 708 1192 732 il
1210 709 1316 734 travaille
1327 711 1340 734 U
1355 717 1400 735 une
1415 718 1474 735 nou¬

450 740 509 764 velle
522 740 607 765 édition
622 740 650 765 de
663 747 702 765 ses
714 746 816 766 œuvres,
830 741 868 769 qui
882 745 936 763 sera
951 739 1178 765 considérablement
1190 740 1337 772 augmentée,
1353 743 1476 768 l’eut-élre

449 771 470 796 le
485 772 523 795 vin
540 772 568 795 d'
584 771 700 796 Condrieu
717 771 768 800 (vin
785 771 853 795 blanc
868 770 950 796 estimé
964 771 1023 797 dans
1045 772 1065 796 le
1088 772 1220 804 Lyonnais)
1235 773 1264 797 lui
1279 772 1438 804 réjouira-t-il
1455 776 1475 800 le

448 809 521 832 cœur,
536 803 574 833 qui
588 805 624 827 est
635 809 660 827 ce
673 802 729 834 qu’il
745 810 759 827 a
772 803 800 827 de
813 803 866 835 plus
876 804 976 829 malade.
991 804 1019 835 (11
1036 808 1130 830 mourut
1140 806 1177 830 six
1192 806 1253 831 mois
1268 806 1358 838 après.)

386 848 438 880 22.
468 850 533 879 LD
567 849 730 882 MEME.
767 853 878 883 Lettre
889 854 928 882 de
939 854 1074 883 Boileau
1086 854 1105 882 à
1115 854 1248 890 Racine,
1267 855 1368 884 écrite
1381 857 1474 894 (pour

425 889 598 926 Brossette)
615 889 653 918 do
671 890 701 919 la
718 890 803 919 main
821 891 859 919 de
875 891 893 920 J
898 890 955 919 .-B.
968 890 1102 924 Racine,
1116 898 1191 918 avec
1204 891 1259 920 des
1272 892 1471 922 corrections

425 928 457 955 et
475 935 517 954 un
536 927 778 964 post-scriptum
791 926 829 955 de
841 927 895 955 dix
909 926 1013 963 lignes
1025 928 1091 955 aut.
1106 925 1144 955 de
1157 926 1307 964 Boileau;
1321 929 1469 965 Auteuil,

429 964 460 991 19
476 962 550 998 mai,
568 965 585 999 2
602 964 629 999 p.
651 962 693 996 1/2
710 962 784 991 in-4.

480 1010 562 1041 Epilrc
578 1009 695 1039 curieuse,
712 1009 771 1035 dans
787 1009 885 1041 laquelle
900 1009 914 1034 il
933 1009 998 1040 parle
1017 1010 1045 1035 de
1058 1011 1080 1036 la
1097 1011 1195 1037 maladie
1215 1012 1244 1037 de
1267 1012 1396 1045 Furelière,
1423 1014 1474 1045 qui,

447 1044 547 1073 croyant
556 1042 655 1073 mourir,
671 1042 758 1067 voulait
769 1048 873 1074 envoyer
883 1042 964 1073 quérir
975 1045 1028 1068 tous
1038 1044 1074 1068 les
1084 1044 1205 1070 membres
1215 1045 1244 1069 de
1253 1044 1269 1068 T
1272 1041 1401 1071 Académie
1410 1052 1465 1076 pmu

449 1076 499 1099 leur
515 1074 573 1097 faire
588 1074 686 1099 amende,
701 1075 830 1100 honorable
844 1076 873 1099 de
888 1075 931 1099 son
951 1075 1067 1100 Fadum.
1086 1076 1116 1100 Le
1133 1076 1313 1106 post-scriptum
1328 1083 1354 1101 se
1370 1078 1469 1103 termine

448 1111 491 1135 par
506 1111 550 1129 mie
566 1105 710 1136 épigramme
722 1109 804 1131 contre,
819 1108 852 1131 les
867 1113 926 1130 eaux
949 1107 978 1130 de
1002 1106 1151 1136 ISourbonne,
1173 1107 1310 1137 auxquelles
1332 1107 1345 1131 il
1362 1109 1424 1134 avait
1441 1116 1469 1134 eu

446 1138 579 1161 vainement
593 1143 689 1162 recours
702 1144 763 1167 pour
778 1143 823 1161 mie
836 1137 936 1161 maladie
951 1137 981 1161 du
995 1137 1089 1167 larynx.

384 1180 437 1212 23.
466 1181 531 1211 LE
555 1181 718 1212 MEME.
749 1186 878 1222 F.pitaphn
892 1186 925 1213 de
939 1186 1048 1219 llarine,
1067 1185 1155 1223 pièce
1173 1189 1252 1223 aut.,
1269 1190 1276 1216 1
1294 1196 1323 1225 p.
1338 1187 1411 1218 in-1.

480 1230 609 1262 Hommage
624 1232 737 1257 touchant
752 1231 824 1257 rendu
840 1233 854 1257 à
867 1232 888 1257 la
903 1232 1015 1259 mémoire
1027 1233 1082 1258 d'un
1106 1233 1152 1258 ami
1172 1240 1216 1266 par
1236 1242 1265 1260 un
1289 1235 1345 1260 ami.
1370 1237 1388 1260 A
1409 1238 1469 1262 celte

446 1264 510 1295 pièce
524 1266 560 1288 est
567 1263 641 1294 jointe
654 1265 675 1289 la
690 1264 807 1295 première
821 1265 940 1290 rédaction
951 1265 979 1290 de
991 1265 1094 1295 lioileau,
1106 1266 1178 1291 écrite
1190 1274 1233 1298 par
1243 1268 1329 1298 l'abbé,
1339 1274 1382 1293 son
1395 1269 1408 1293 h
1417 1271 1467 1300 ère,

447 1296 507 1319 mais
517 1295 624 1325 corrigée
640 1302 683 1327 par
697 1296 726 1320 lui
740 1306 745 1319 :
763 1296 819 1321 elles
831 1297 916 1321 offrent
926 1298 967 1321 des
981 1298 1102 1322 variantes
1113 1298 1236 1324 sensibles.

381 1339 436 1372 24.
465 1340 528 1370 LE
562 1341 725 1373 5I1Î.HE.
761 1347 808 1373 Les
838 1348 920 1374 Héros
944 1346 977 1374 de
1000 1355 1107 1380 roman,
1136 1349 1315 1379 manuscrit
1340 1352 1467 1388 autog.,

423 1382 458 1410 23
474 1389 503 1418 p.
523 1380 596 1409 in-1.

478 1427 622 1453 Intéressant
634 1429 771 1459 manuscrit,
788 1436 845 1455 avec
860 1431 936 1455 lotîtes
949 1429 983 1455 les
997 1429 1142 1456 corrections
1162 1431 1190 1457 de
1208 1432 1311 1462 Beileau,
1328 1432 1388 1459 mais
1408 1434 1467 1459 mal¬

445 1459 626 1486 heureusement
636 1461 761 1494 incomplet
773 1462 802 1487 de
815 1464 929 1494 quelques
940 1469 1012 1494 pages
1025 1463 1038 1487 ü
1052 1463 1073 1487 la
1091 1463 1131 1488 lin.

381 1505 435 1538 25.
463 1506 527 1538 LE
553 1496 714 1540 MÊME.
740 1511 835 1540 Pièce
852 1513 931 1548 aut.,
947 1513 993 1547 3/4
1008 1513 1045 1542 de
1064 1522 1092 1552 p.
1111 1512 1185 1543 in-4.

477 1557 604 1587 Fragment
611 1556 641 1582 de
649 1558 670 1582 la
680 1558 774 1588 préface
784 1564 843 1588 pour
855 1558 959 1583 l'édition
970 1558 998 1582 de
1009 1560 1048 1585 scs
1059 1560 1187 1589 OEuvrts,
1201 1561 1229 1586 de
1242 1562 1310 1587 1713.
1323 1562 1339 1587 Il
1351 1569 1467 1595 repousse

444 1587 466 1611 la
480 1588 596 1618 paternité
607 1587 637 1612 de
648 1589 768 1620 plusieurs
779 1589 866 1615 satires
880 1590 951 1620 qu'on
965 1590 997 1614 lui
1011 1592 1128 1622 attribue;
1145 1594 1204 1619 mais
1219 1594 1234 1618 il
1249 1601 1325 1620 avoue
1337 1601 1383 1626 que
1396 1597 1427 1621 lui
1442 1599 1466 1622 et

444 1618 532 1645 Racine
547 1621 600 1644 sont
616 1626 675 1650 pour
689 1621 789 1651 quelque
804 1622 875 1645 chose
887 1622 947 1646 dans
959 1622 980 1646 la
998 1622 1109 1648 Parodie
1124 1624 1159 1649 du
1178 1625 1234 1656 Cid,
1254 1627 1346 1657 publiée
1363 1634 1406 1660 par
1421 1629 1465 1653 Fu¬

445 1651 537 1677 relière.

380 1696 435 1730 26.
463 1699 527 1729 LE
559 1698 722 1731 MEME.
762 1703 852 1732 Deux
873 1702 978 1741 pièces
999 1702 1037 1732 de
1058 1712 1130 1734 vers
1147 1708 1225 1742 aut.,
1243 1716 1319 1737 avec
1338 1712 1464 1740 ratures

421 1740 454 1768 et
470 1738 679 1776 corrections,
700 1742 707 1768 1
729 1748 757 1777 p.
776 1739 850 1769 in-1.

474 1782 587 1815 Quatrain
600 1782 629 1808 de
644 1782 801 1815 Charpentier
814 1786 838 1809 et
850 1783 929 1809 dixain
942 1783 969 1809 de
986 1783 1078 1808 Boileau
1090 1789 1132 1808 sur
1147 1790 1173 1809 ce
1186 1788 1236 1811 mol
1249 1786 1277 1813 de
1292 1787 1445 1820 VAnloloqie
1455 1797 1463 1815 :

444 1824 454 1836 »
473 1816 521 1847 Ego
534 1816 628 1846 quidem
643 1816 775 1846 cnntabam,
789 1816 906 1842 scribebat
920 1823 975 1842 vero
988 1816 1057 1842 divus
1072 1816 1195 1844 Humérus.
1206 1830 1215 1841 »
1232 1820 1263 1846 Le
1277 1821 1355 1846 dixain
1367 1822 1395 1847 de
1409 1823 1463 1847 Boi¬

443 1847 493 1873 leau
508 1848 557 1873 finit
570 1854 614 1880 par
628 1855 654 1874 ce
669 1855 725 1874 vers
737 1856 744 1875 :

701 1890 724 1911 Je
736 1891 834 1916 chanlois,
851 1891 939 1911 Homère
950 1891 1051 1912 escrivoit.

378 1930 431 1961 27.
459 1932 524 1962 LE
557 1932 719 1964 MEME.
759 1936 849 1965 Deux
871 1936 976 1974 pièces
997 1937 1034 1967 de
1056 1947 1128 1967 vers
1144 1940 1224 1975 aut.,
1241 1949 1318 1969 avec
1334 1943 1463 1971 ratures

417 1973 450 2000 et
465 1971 674 2007 corrections,
694 1974 703 2000 1
723 1980 752 2009 p.
771 1972 846 2002 in-4.

472 2013 580 2045 Enigme
599 2013 651 2044 (sur
675 2014 696 2038 la
720 2014 788 2045 puce)
811 2018 833 2040 et
854 2022 913 2040 vers
935 2022 1004 2046 pour
1025 2018 1115 2039 mettre
1136 2022 1172 2039 au
1189 2016 1235 2040 bas
1252 2016 1287 2043 du
1299 2019 1416 2048 portrait
1432 2019 1462 2044 de

439 2044 471 2069 M.
488 2045 592 2070 Hacine.
607 2046 653 2071 Ces
665 2046 773 2071 derniers
786 2053 840 2072 vers
855 2054 881 2072 se
895 2048 1020 2072 terminent
1035 2053 1079 2077 par
1096 2048 1116 2070 le
1130 2046 1223 2072 fameux
1240 2048 1259 2072 II
1271 2052 1313 2073 sut

647 2086 758 2112 Surpasser
772 2087 871 2113 Euripide
886 2091 903 2107 cl
920 2086 1013 2106 balancer
1023 2086 1133 2107 Corneille.

372 2124 426 2156 28.
456 2126 520 2157 LE
556 2127 720 2158 MEME.
757 2131 849 2159 Deux
873 2131 979 2172 pièces
1004 2132 1042 2160 de
1068 2140 1141 2161 vers
1167 2135 1288 2172 autog.,
1316 2144 1392 2165 avec
1413 2146 1462 2167 ra¬

414 2167 504 2195 tures
521 2169 553 2196 et
569 2166 779 2202 corrections,
800 2168 809 2194 1
830 2176 859 2206 p.
879 2169 954 2197 irt-1.

468 2209 573 2234 Relative
588 2210 599 2233 il
617 2208 638 2234 la
653 2208 752 2241 légende
766 2209 824 2236 mise
840 2216 883 2244 par
899 2211 929 2235 M.
948 2211 978 2236 Le
993 2210 1091 2238 Verrier
1107 2219 1135 2237 au
1147 2212 1191 2239 lias
1204 2214 1233 2239 du
1251 2215 1350 2247 portrait
1364 2216 1392 2248 i|e
1407 2216 1460 2241 Hui¬

433 2240 485 2266 lent
504 2242 576 2272 gravé
597 2247 640 2273 par
654 2243 748 2268 Brevet.
765 2242 861 2269 Boileau
875 2246 988 2276 rapporte
1004 2245 1024 2271 le
1037 2248 1100 2271 texte
1115 2246 1144 2271 de
1159 2249 1219 2273 cette
1232 2247 1328 2278 légende
1340 2249 1369 2274 où
1385 2256 1414 2274 on
1430 2250 1460 2274 lui

434 2272 475 2298 fait
488 2274 546 2298 faire
558 2280 601 2299 sou
615 2274 681 2306 éloge
694 2275 823 2305 lui-même,
835 2279 858 2302 et
870 2283 884 2308 y
895 2277 973 2307 ajoute
984 2283 1010 2301 sa
1027 2279 1128 2308 réponse
1141 2285 1169 2303 en
1182 2280 1234 2305 huit
1246 2286 1312 2305 vers.

369 2315 423 2347 29.
451 2317 517 2347 LE
550 2320 712 2353 MEME.
751 2324 848 2354 Pièce
865 2325 903 2354 de
918 2333 993 2354 vers
1009 2326 1047 2355 de
1059 2327 1204 2363 Boileau,
1218 2336 1295 2358 avec
1307 2338 1370 2359 une
1383 2333 1458 2361 note

408 2357 487 2391 aut.,
508 2359 517 2386 1
537 2365 565 2394 p.
584 2359 648 2389 in-8
664 2361 794 2397 oblong.

464 2398 633 2431 Epigramme
650 2401 680 2427 de
695 2400 731 2427 M.
746 2401 776 2425 de
791 2401 799 2410 *
821 2401 969 2434 (Gourvillc).
992 2403 1086 2430 Boileau
1103 2411 1114 2431 a
1137 2406 1218 2434 raturé
1235 2408 1256 2434 le
1269 2414 1334 2440 nom,
1348 2409 1408 2435 mais
1419 2410 1432 2434 il
1445 2416 1456 2433 a
