1887 2850
843 382 999 424 -7-
447 454 491 479 mis
507 455 535 481 de
554 462 580 480 sa
601 455 661 480 main
682 456 741 480 cette
761 455 814 479 note
829 460 857 479 en
873 455 956 485 regard
970 462 975 479 :
992 464 1003 476 «
1021 457 1086 482 Celte
1102 458 1166 489 pièce
1180 459 1241 485 n’est
1257 459 1333 485 bonne
1345 466 1391 491 que
1404 466 1464 492 pour

446 493 504 512 ceux
521 488 559 519 qui
576 490 615 513 ont
630 494 705 513 connu
722 486 933 519 particulièrement
946 487 1004 512 celui
1016 488 1071 514 dont
1081 496 1111 514 on
1126 491 1200 521 parle.
1216 502 1226 513 »

383 533 436 566 30.
465 534 529 565 EE
564 535 726 567 MEME.
763 537 858 567 Pièce
875 536 912 564 de
930 545 1001 565 vers
1018 540 1096 573 aut.,
1119 548 1195 568 avec
1216 541 1315 571 fortes
1337 543 1464 571 ratures

423 576 457 604 et
472 575 680 611 corrections,
701 577 709 603 1
730 583 760 613 p.
777 574 841 603 in-8
858 573 987 611 oblong.

480 630 490 641 «
507 620 656 653 Rpigramme
670 628 712 646 sur
726 621 747 645 le
761 621 829 645 buste
843 620 871 644 de
890 619 985 644 marbre
1000 625 1045 650 que
1062 619 1093 645 M.
1116 621 1244 651 Girardon,
1261 622 1370 649 l'illustre
1384 625 1464 656 sculp¬

446 653 508 682 teur,
522 660 534 677 a
546 654 600 678 faict
615 655 643 678 de
658 654 712 678 moi.
729 663 739 675 »

383 697 436 729 31.
466 699 529 729 EE
566 700 728 730 MEME.
765 701 859 730 Pièce
876 702 955 736 aut.,
972 709 1048 729 avec
1064 701 1272 731 nombreuses
1289 704 1417 733 ratures
1433 707 1467 735 et

423 738 631 774 corrections,
648 742 664 767 7
681 747 709 775 p.
728 738 802 767 in-4.

477 784 575 810 Préface
587 786 616 810 de
630 792 656 809 sa
672 785 713 810 XII
717 789 726 800 e
742 783 827 812 Satire,
845 781 893 807 sur
908 781 914 806 l
927 782 1088 815 Equivoque,
1106 784 1169 815 pièce
1184 784 1230 809 fort
1249 784 1405 812 intéressante
1422 792 1465 818 par

445 816 587 846 elle-même,
604 819 626 843 et
641 823 684 849 par
697 817 732 841 les
747 814 907 845 corrections,
921 820 960 846 qui
975 818 1093 840 montrent
1103 822 1161 841 avec
1172 817 1224 847 quel
1239 817 1290 843 soin
1307 818 1401 843 Boileau
1415 820 1464 843 tra¬

443 849 533 874 vaillait
549 856 587 875 ses
598 856 723 880 ouvrages.

381 893 434 927 32.
463 895 528 926 EE
562 896 724 929 MEME.
763 899 914 937 Reproches'
922 898 955 927 de
970 898 1117 935 Chapelain
1127 899 1145 926 à
1154 899 1273 933 Boileau,
1284 901 1358 936 poète
1367 901 1385 928 à
1394 900 1466 929 deux

422 938 592 970 tranchants,
610 938 749 972 dialogue,
768 936 857 973 copie
876 936 917 965 du
934 937 1052 972 temps,
1070 937 1249 973 provenant
1265 935 1320 965 des
1337 936 1465 975 papiers

422 972 459 1000 de
477 973 653 1008 Brossette,
669 976 686 1001 6
703 981 731 1010 p.
750 972 824 1001 in-4.

381 1022 434 1054 33.
466 1023 704 1053 ROIEEAIJ
733 1022 894 1064 (Jacques),
920 1022 1042 1054 docteur
1064 1022 1101 1054 de
1121 1022 1282 1059 Sorbonne,
1307 1028 1414 1056 auteur
1430 1024 1467 1056 de

421 1063 439 1095 Y
444 1064 582 1094 Histoire
598 1064 646 1094 des
662 1064 867 1103 Flagellants,
889 1063 967 1095 frère
983 1063 1022 1094 du
1038 1064 1132 1104 grand
1148 1063 1302 1105 satirique.

456 1113 492 1143 L.
510 1123 537 1143 a.
554 1122 578 1143 s.
596 1114 624 1150 (à
639 1113 759 1142 l’abbée
776 1112 955 1151 d’Estrées),
972 1115 988 1142 2
1004 1122 1033 1151 p.
1052 1113 1126 1143 in-8.
1142 1114 1210 1142 Jolie
1222 1115 1305 1150 pièce.

476 1160 582 1185 Relative
596 1168 625 1186 au
639 1167 697 1192 rang
710 1168 755 1192 que
769 1161 860 1192 l'usage
873 1161 967 1192 assigne
987 1167 1032 1186 aux
1054 1159 1184 1186 chevaliers
1199 1160 1227 1186 de
1240 1160 1328 1186 l'ordre
1342 1160 1371 1185 du
1388 1160 1466 1186 Saint-

445 1192 525 1223 Esprit
538 1193 597 1217 dans
611 1194 644 1218 les
659 1193 700 1218 lits
715 1193 744 1218 de
756 1193 848 1223 justice.

378 1236 433 1268 34.
462 1238 661 1269 ROISTE
683 1237 819 1279 (Pierre),
839 1237 1058 1279 lexicographe,
1085 1243 1190 1270 auteur
1212 1239 1284 1270 d’un
1317 1239 1465 1270 Diction¬

421 1278 510 1309 naire
525 1277 641 1311 estimé.

456 1329 474 1356 2
490 1326 510 1356 1.
528 1335 555 1357 a.
574 1336 610 1363 s.,
630 1330 707 1364 1818,
725 1331 741 1358 2
758 1338 787 1367 p.
808 1331 849 1366 1/2
866 1329 940 1358 in-8.

380 1378 432 1411 38.
462 1378 803 1412 ROIIAPARTE
821 1380 963 1421 (Lucien),
983 1379 1058 1412 frère
1075 1380 1111 1412 de
1131 1380 1282 1421 Napoléon
1299 1380 1312 1412 I
1314 1387 1337 1401 er
1341 1406 1346 1411 .

456 1424 490 1454 L.
509 1434 533 1455 s.
552 1434 591 1454 au
611 1425 740 1463 citoyen
757 1425 924 1462 Bouillon;
942 1424 1051 1461 Paris,
1068 1427 1103 1454 23
1120 1425 1217 1454 fruct.
1235 1434 1275 1453 an
1291 1428 1323 1460 8,
1345 1428 1352 1454 I
1374 1435 1402 1463 p.
1423 1429 1466 1462 1/2

420 1460 495 1491 in-4.

476 1504 491 1528 Il
514 1505 535 1528 le
557 1503 671 1530 remercie
690 1504 720 1529 de
740 1503 832 1528 vouloir
847 1502 899 1527 bien
911 1502 1001 1529 confier
1011 1502 1046 1527 les
1058 1508 1137 1528 armes
1149 1502 1179 1527 du
1195 1503 1269 1533 grand
1282 1503 1393 1529 Turcnne
1408 1506 1428 1528 et
1445 1505 1466 1529 le

442 1535 521 1561 boulet
533 1535 573 1567 qui
587 1536 617 1560 l’a
640 1535 733 1567 frappé,
750 1541 809 1567 pour
825 1535 846 1559 la
867 1535 999 1560 cérémonie
1013 1535 1042 1560 de
1063 1534 1084 1559 la
1103 1534 1242 1560 translation
1259 1535 1289 1560 de
1308 1542 1334 1559 sa
1350 1536 1466 1567 dépouille

444 1569 549 1593 mortelle
563 1574 609 1593 aux
622 1567 746 1594 Invalides-

380 1613 431 1645 36.
461 1614 736 1645 ROIJIEEOA
761 1612 1375 1656 (Jacques-Léopold-Charles-Godefroy,
1408 1614 1465 1646 duc

418 1654 477 1695 de),
493 1654 613 1686 dernier
630 1654 734 1696 prince
749 1654 905 1686 souverain
923 1654 959 1687 de
976 1655 1085 1693 Sedan,
1105 1656 1143 1686 né
1162 1655 1189 1687 le
1205 1655 1243 1686 12
1265 1656 1347 1698 janv.
1371 1656 1462 1695 1746,

419 1700 495 1727 mort
514 1696 539 1727 le
552 1696 590 1728 18
605 1696 684 1737 pluv.
705 1705 743 1727 an
758 1697 807 1728 10.

464 1743 489 1769 1°
501 1741 635 1778 Papiers
649 1740 775 1769 relatifs
788 1741 805 1769 à
816 1740 982 1781 l’échange
999 1741 1037 1770 de
1049 1742 1155 1771 Sedan
1173 1752 1248 1772 avec
1266 1743 1362 1772 Louis
1378 1742 1463 1778 XIV,

419 1778 437 1806 à
453 1778 484 1807 la
499 1776 707 1808 confiscation
721 1777 776 1806 des
788 1777 891 1808 droits
904 1779 958 1808 des
970 1778 1122 1808 Bouillon
1137 1789 1194 1817 par
1206 1780 1237 1810 la
1250 1780 1461 1814 Convention,

417 1816 450 1845 et
466 1824 529 1844 aux
545 1814 806 1845 revendications
828 1815 883 1845 des
905 1816 1064 1845 membres
1080 1817 1118 1846 de
1136 1820 1220 1847 cette
1237 1817 1376 1854 famille;
1395 1817 1464 1845 dos¬

419 1852 485 1882 sier
501 1852 712 1888 intéressant,
730 1852 849 1883 offrant
864 1853 895 1882 la
909 1853 1046 1883 matière
1063 1853 1137 1883 d’un
1156 1854 1222 1883 fort
1237 1854 1367 1883 volume
1390 1853 1460 1882 in-f.

417 1906 452 1911 —
467 1892 497 1918 2°
513 1888 693 1919 Manuscrit
710 1891 819 1927 autog.
837 1890 879 1919 du
896 1890 1023 1929 prince,
1048 1890 1151 1920 divisé
1176 1900 1215 1919 en
1237 1890 1362 1919 cahiers
1380 1889 1461 1924 in-f.,

418 1928 451 1955 et
467 1926 608 1955 formant
624 1926 655 1954 la
672 1925 807 1955 matière
824 1927 991 1956 d’environ
1007 1929 1024 1956 3
1039 1927 1195 1956 volumes.

472 1969 505 1992 Ce
518 1968 655 1998 manuscrit,
672 1967 786 1992 distribué
797 1974 841 1999 par
854 1968 941 2000 chapiti
948 1975 982 1996 es,
1000 1970 1036 1993 est
1046 1969 1125 1995 relatif
1140 1975 1185 1992 aux
1203 1973 1292 1992 mœurs
1304 1967 1335 1991 du
1351 1967 1429 1997 temps
1440 1969 1464 1991 et

441 2006 487 2024 aux
498 2000 605 2025 femmes.
622 1999 686 2024 Voici
698 1999 871 2030 quelques-uns
886 2001 927 2025 des
941 2002 1007 2025 titres
1018 2000 1022 2024 :
1039 2000 1091 2024 Sur
1108 2000 1142 2024 les
1151 1999 1228 2030 jolies
1239 1998 1335 2028 figures
1347 1997 1391 2022 des
1401 1998 1462 2028 fem¬

442 2039 492 2056 mes
504 2033 527 2055 et
542 2038 589 2056 sur
605 2031 639 2056 les
654 2030 770 2056 laideurs
788 2032 818 2055 de
837 2031 910 2056 celles
925 2032 970 2056 des
985 2030 1209 2061 hommes;—Sur
1225 2028 1247 2052 le
1267 2029 1426 2059 coquinisme
1440 2032 1462 2054 et

443 2063 578 2087 l’Iionnclte
595 2063 702 2087 homme.
715 2063 752 2088 Un
767 2063 809 2087 des
824 2063 943 2093 chapitres
958 2064 994 2087 est
1008 2061 1097 2086 intitulé
1110 2061 1274 2091 Description
1284 2060 1315 2084 de
1329 2060 1463 2092 Navarre,

442 2100 488 2118 une
500 2093 529 2118 de
544 2100 583 2118 ses
594 2094 738 2123 résidences,
754 2095 810 2124 près
827 2093 957 2119 d’Evreux.

377 2139 430 2170 37.
458 2137 1130 2173 BOLRSA1JET-MAE1IERBE,
1161 2136 1315 2168 comédien
1341 2141 1370 2168 et
1389 2147 1463 2170 con¬

418 2178 601 2214 ventionnel,
625 2187 663 2209 un
681 2177 732 2208 des
747 2177 976 2209 thermidoriens
987 2177 1061 2209 dont
1073 2177 1101 2207 la
1114 2177 1232 2210 fortune
1247 2178 1350 2221 rapide
1365 2179 1463 2212 excita

418 2222 445 2254 le
462 2220 526 2261 plus
544 2219 580 2251 de
597 2218 749 2250 scandale.

457 2266 492 2295 L.
511 2275 537 2295 a.
556 2274 591 2302 s.;
610 2264 750 2300 Rennes,
770 2265 802 2293 12
819 2263 917 2300 frim.,
936 2266 953 2294 3
969 2272 997 2302 p.
1017 2264 1091 2293 in-4.

377 2318 430 2351 38.
459 2318 525 2349 EE
547 2304 711 2349 MÊME.
737 2321 754 2349 3
770 2319 791 2350 1.
808 2328 836 2349 a.
855 2328 891 2356 s.,
908 2328 948 2349 an
964 2321 990 2355 3,
1007 2320 1024 2348 3
1040 2327 1068 2357 p.
1087 2318 1158 2349 in-f.
1176 2320 1209 2349 et
1223 2321 1241 2349 4
1256 2328 1285 2358 p.
1303 2321 1378 2352 in-4.

378 2372 429 2404 39.
459 2371 778 2402 RROFFERI©
807 2369 877 2412 (A.),
907 2369 1017 2413 député
1039 2374 1069 2403 et
1095 2369 1258 2411 historien,
1281 2371 1309 2405 le
1337 2372 1405 2405 chef
1423 2374 1463 2405 du

418 2412 496 2453 parti
512 2410 735 2452 démocratique
757 2421 794 2443 en
815 2412 958 2444 Piémont.
