1811 2838
857 895 978 930 AVIS

416 1040 456 1082 Le
467 1041 534 1082 jour
549 1042 585 1073 de
601 1042 628 1074 la
645 1047 732 1074 veille
749 1042 768 1074 il
788 1053 807 1084 y
822 1052 894 1074 aura
909 1044 1076 1086 exposition
1092 1045 1129 1075 de
1146 1046 1164 1075 2
1182 1047 1200 1075 k
1215 1045 1234 1075 4
1250 1044 1364 1077 heures.

416 1106 461 1138 Ou
486 1116 557 1139 aura
584 1108 648 1140 huit
668 1109 751 1149 jours
776 1119 851 1150 pour
873 1110 900 1140 la
921 1110 1106 1141 vérification
1123 1110 1176 1141 des
1193 1109 1306 1150 pièces;
1325 1112 1410 1152 passé
1427 1121 1461 1143 ce

374 1173 468 1211 délai,
490 1183 607 1205 aucune
622 1173 816 1205 réclamation
834 1182 872 1205 ne
886 1182 951 1206 sera
966 1174 1089 1207 admise.

414 1243 461 1275 On
476 1252 617 1285 percevra
629 1244 700 1286 cinq
716 1244 860 1277 centimes
876 1254 930 1287 par
943 1245 1024 1278 franc
1040 1256 1077 1278 eu
1093 1256 1143 1278 sus
1159 1246 1212 1279 des
1226 1245 1456 1288 adjudications.

414 1311 453 1343 M.
485 1311 617 1344 Gabiurl
642 1312 822 1350 Charavay,
852 1313 962 1358 chargé
991 1315 1028 1346 de
1055 1316 1082 1346 la
1116 1321 1220 1354 vente,
1250 1318 1392 1361 remplira
1417 1317 1459 1351 les

373 1380 581 1414 commissions
600 1381 690 1423 qu’on
712 1381 824 1413 voudra
838 1381 906 1413 bien
925 1382 965 1414 lui
984 1382 1103 1414 confier.
