1873 2851
837 373 998 418 -5-
451 450 486 481 L.
504 460 527 480 s.
546 459 586 480 au
603 449 769 488 président
784 448 823 477 de
840 448 871 477 la
886 446 1008 476 section
1025 444 1067 473 du
1084 444 1145 474 Roi
1162 444 1199 473 de
1216 443 1329 479 Sicile;
1348 443 1451 478 Paris,

418 490 450 517 14
466 488 543 517 août
561 489 638 522 1792,
653 488 700 521 3/4
715 486 753 515 de
770 493 799 524 p.
816 485 895 518 in-4,
911 482 978 512 tète
994 481 1033 510 de
1049 481 1147 510 lettre
1163 481 1202 509 de
1218 480 1251 509 la
1265 481 1452 515 Commune,

415 525 537 554 cachet.

471 571 540 596 Pièce
553 570 693 601 historique.
718 582 749 586 —
775 567 791 592 II
809 566 898 591 l’invite
912 565 925 589 à
944 565 1001 589 faire
1014 563 1129 595 procéder
1140 563 1200 588 dans
1215 563 1235 587 le
1248 563 1303 593 jour
1316 564 1329 588 à
1341 563 1456 589 l'élection

438 604 480 629 des
497 602 615 628 membres
625 608 671 632 que
685 599 734 624 doit
748 598 838 624 fournir
851 599 910 621 cette
924 597 1012 621 section
1027 597 1040 620 à
1055 596 1075 620 la
1090 602 1147 620 cour
1162 595 1277 622 martiale,
1291 594 1399 621 décrétée
1414 602 1458 626 par

438 634 592 661 l’Assemblée
607 632 731 657 nationale.
750 640 759 651 »
779 630 811 655 l.e
822 629 915 661 peuple,
927 628 999 657 dit-il,
1015 627 1093 653 attend
1106 629 1165 651 cette
1180 626 1323 652 institution:
1342 627 1355 652 il
1371 628 1391 652 lu
1403 630 1458 652 veut

438 669 553 698 prompte.
569 675 579 686 »
598 665 629 689 Le
638 662 726 688 conseil
741 662 769 686 de
785 661 806 685 la
821 662 952 686 Commune
968 667 980 685 a
999 660 1046 690 pris
1059 665 1144 684 envois
1156 659 1177 683 le
1190 658 1274 690 peuple
1287 658 1458 690 rengagement

438 704 483 729 que
499 705 525 722 ce
540 696 641 721 tribunal
652 695 725 720 serait
738 692 808 718 établi
824 694 906 717 avunt
917 692 1019 717 minuit.
1036 692 1080 722 (Ce
1090 690 1193 715 tribunal
1203 696 1232 714 ne
1242 691 1276 715 fut
1286 691 1401 715 constitué
1412 697 1458 720 que

437 730 459 755 le
476 730 514 758 17;
531 729 552 753 la
569 728 659 752 lenteur
675 726 703 751 de
716 732 754 751 ses
770 724 922 757 opérations
933 727 969 750 est
981 731 1025 750 une
1035 725 1076 750 des
1090 721 1231 756 principales
1241 728 1325 746 causes
1336 722 1457 753 assignées

437 767 483 787 aux
499 760 607 786 terribles
620 757 733 791 journées
748 757 776 783 de
789 756 944 788 septembre.)

378 808 425 840 15.
456 808 520 839 EE
554 798 716 839 MÊME.
754 806 849 837 Pièce
875 805 948 843 sig.,
970 805 1030 843 sig.
1048 805 1134 834 aussi
1152 804 1189 835 de
1206 804 1454 837 Collot-d’Herbois,

414 852 518 883 Prieur,
535 849 654 882 Thuriot,
667 848 699 876 R.
712 844 819 879 Lindet,
832 845 905 880 etc.;
919 842 1022 878 Paris,
1034 844 1068 871 22
1079 841 1196 872 tlierm.
1209 849 1248 870 an
1260 843 1287 876 2,
1300 842 1317 869 2
1328 849 1357 878 p.
1371 840 1455 876 in-f.,

413 887 481 917 tète
497 886 574 924 imp.
591 885 634 914 du
651 885 738 914 Com.
754 883 793 912 de
809 881 866 912 sal.
884 880 1004 920 public.

468 934 554 959 Arrêté
577 933 607 957 du
630 931 721 957 Comité
739 931 768 956 de
791 930 853 955 salut
870 929 948 962 public
963 928 1066 954 donnant
1082 932 1111 952 au
1127 924 1288 958 représentant
1306 923 1403 950 Frécinc
1424 923 1458 949 les

437 966 550 998 pouvoirs
565 965 599 989 les
613 964 665 995 plus
680 963 778 988 étendus
793 969 853 993 pour
867 961 983 989 recueillir
1000 967 1027 985 en
1043 960 1152 992 Belgique
1168 959 1202 985 les
1218 958 1386 986 subsistances,
1403 957 1459 982 che¬

437 1003 510 1026 vaux,
521 997 626 1022 métaux,
638 994 749 1020 matières
764 995 956 1019 manufacturées
969 996 993 1019 et
1007 996 1060 1017 tous
1075 994 1109 1017 les
1122 992 1197 1022 objets
1211 990 1367 1022 susceptibles
1384 989 1459 1015 d’être

439 1030 553 1060 importés
568 1034 596 1053 en
613 1028 705 1052 France
720 1032 780 1057 pour
792 1025 813 1049 le
825 1025 917 1050 service
929 1026 958 1049 de
972 1025 993 1048 la
1006 1024 1161 1054 République.

373 1075 426 1106 16.
457 1072 617 1113 RIXIO
633 1070 706 1113 (A.),
724 1078 892 1111 agronome,
909 1068 1045 1099 ministre
1060 1075 1097 1098 en
1114 1067 1203 1098 1848.

452 1123 485 1153 L.
503 1132 531 1152 a.
549 1132 586 1158 s.,
606 1124 684 1156 1857,
705 1123 713 1149 1
733 1129 763 1158 p.
782 1119 855 1148 in-8.

373 1175 426 1207 17.
456 1166 1054 1207 ROIEEAE-RESPREAUX
1076 1163 1229 1207 (Nicolas),
1252 1163 1279 1195 le
1298 1163 1391 1205 grand
1408 1172 1456 1194 sa¬

419 1215 537 1256 tirique.

449 1260 484 1290 L.
511 1269 538 1289 a.
565 1267 590 1288 s.
613 1258 631 1286 à
646 1256 826 1291 Brossette;
844 1253 948 1290 Paris,
964 1254 1000 1283 25
1015 1260 1099 1281 mars
1118 1252 1195 1287 1699,
1212 1252 1229 1279 3
1246 1258 1274 1288 p.
1293 1250 1370 1279 in-8.
1388 1251 1459 1279 Belle

412 1299 497 1334 pièce.

471 1339 487 1364 Il
504 1345 517 1364 a
530 1337 597 1364 tardé
612 1337 641 1363 de
653 1336 686 1363 lui
702 1335 818 1369 répondre
832 1335 845 1360 il
859 1341 930 1360 cause
944 1334 973 1360 de
983 1333 1004 1359 la
1017 1331 1117 1358 maladie
1128 1331 1157 1356 de
1168 1330 1264 1362 Racine,
1276 1330 1314 1362 qui
1326 1332 1362 1355 est
1372 1337 1401 1355 en
1414 1329 1460 1355 fort

438 1372 512 1402 grand
524 1371 621 1403 danger'.
635 1369 734 1401 (Racine
744 1370 840 1395 mourut
851 1375 881 1393 un
895 1367 955 1393 mois
965 1364 1057 1399 après.)
1073 1377 1103 1383 —
1115 1364 1202 1389 Détails
1212 1370 1254 1388 sur
1267 1370 1297 1388 un
1310 1363 1367 1387 livre
1378 1365 1439 1388 contr
1446 1371 1459 1387 e

438 1404 534 1429 Boileau
549 1411 594 1435 que
607 1404 671 1429 vient
684 1403 714 1427 de
729 1401 822 1433 publier
836 1401 985 1425 Bonnccorsc
1001 1398 1040 1428 (un
1057 1397 1125 1429 poète
1137 1397 1230 1421 victime
1252 1396 1281 1421 de
1300 1395 1322 1420 la
1338 1402 1410 1420 verve
1428 1395 1458 1419 du

438 1437 572 1467 satirique).
587 1436 603 1461 11
615 1436 635 1460 le
647 1438 731 1461 trouve
746 1434 798 1459 bien
814 1433 880 1458 hardi
895 1432 1024 1462 d’envoyer
1040 1436 1069 1454 un
1081 1429 1100 1454 si
1116 1428 1223 1453 mauvais
1232 1434 1338 1456 ouvrage
1353 1428 1367 1452 à
1383 1428 1457 1458 Lyon,

438 1470 468 1495 où
483 1469 529 1493 l’on
542 1467 652 1498 obligeait
665 1469 712 1492 autr
719 1466 777 1491 efois
790 1466 824 1490 les
835 1464 957 1489 méchants
971 1461 1089 1488 écrivains
1099 1461 1113 1485 U
1130 1459 1215 1485 effacer
1232 1460 1382 1484 eux-mêmes
1393 1460 1458 1484 leurs

439 1501 511 1527 écrits
522 1506 579 1526 avec
591 1491 613 1524 la
628 1501 720 1531 langue.
739 1512 770 1516 —
785 1497 801 1521 Il
818 1495 887 1522 refait
899 1496 957 1520 ainsi
970 1495 991 1520 la
1007 1494 1104 1526 légende
1117 1498 1163 1523 que
1176 1492 1296 1517 Brossette
1307 1494 1361 1516 veut
1374 1494 1458 1516 mettre

439 1540 468 1558 au
484 1533 527 1558 bas
541 1533 570 1557 de
585 1539 628 1557 son
644 1530 753 1564 portrait,
765 1531 788 1554 et
798 1535 857 1553 nous
869 1530 971 1557 montre,
985 1533 1028 1559 par
1043 1533 1082 1551 ces
1099 1531 1161 1552 vers,
1174 1530 1220 1555 que
1231 1531 1258 1549 sa
1273 1523 1342 1548 haine
1354 1524 1384 1547 de
1394 1523 1458 1548 Cha¬

439 1565 516 1598 pelain
531 1564 587 1590 était
597 1571 623 1589 sa
637 1562 765 1596 principale
778 1560 958 1594 préoccupation
972 1570 978 1584 :

645 1606 674 1626 Ne
685 1603 782 1624 cherchez
792 1605 893 1623 comment
902 1601 998 1628 s’appello

645 1632 768 1654 L’escrivain
782 1630 837 1656 peint
846 1631 897 1650 dans
908 1636 930 1649 ce
937 1629 1013 1649 tableau
1027 1634 1032 1649 :

566 1661 582 1682 A
592 1661 637 1681 l’air
649 1662 699 1681 dont
713 1660 727 1680 il
739 1658 823 1685 regarde
834 1661 853 1678 et
864 1661 941 1678 montre
954 1657 973 1677 la
984 1655 1073 1679 Pucellc,

645 1688 685 1714 Qui
700 1694 726 1707 ne
736 1686 891 1707 reconnoiftroit
901 1686 916 1704 V

374 1733 428 1765 18.
457 1733 522 1763 EE
554 1719 717 1762 MÊME.
751 1732 787 1761 L.
805 1739 833 1759 a.
850 1739 874 1758 s.
905 1738 946 1758 au
964 1727 1083 1765 même;
1109 1727 1213 1761 Paris,
1236 1728 1268 1755 10
1288 1733 1360 1755 nov.
1380 1726 1458 1760 1699,

416 1776 433 1803 2
449 1782 477 1812 p.
497 1773 561 1811 pet.
580 1770 654 1800 in-f.
671 1770 743 1799 Belle
754 1769 837 1805 pièce.

472 1816 504 1840 La
520 1815 582 1840 mort
596 1814 624 1839 de
640 1812 728 1838 Racine
740 1811 772 1836 lui
788 1817 801 1835 a
823 1807 894 1834 laissé
908 1813 939 1832 un
953 1805 1091 1839 prodigieux
1107 1805 1266 1830 accablement
1288 1803 1417 1830 d’affaires.
1442 1803 1458 1828 Il

440 1848 555 1875 remercie
575 1847 695 1872 Brossette
712 1845 741 1870 de
760 1842 844 1870 l'envoi
858 1840 889 1867 du
903 1839 1064 1870 Télémaque,
1079 1837 1136 1870 qu'il
1148 1838 1212 1863 vient
1221 1837 1251 1862 de
1263 1837 1307 1863 lire
1321 1843 1378 1862 avec
1391 1837 1463 1861 beau¬

441 1888 501 1912 coup
515 1879 633 1906 d’avidité.
648 1879 665 1904 11
675 1876 829 1904 souhaiterait
844 1880 889 1906 que
903 1873 934 1898 M.
954 1873 982 1898 de
996 1870 1107 1896 Cambrai
1120 1873 1159 1895 eut
1174 1870 1248 1895 rendu
1264 1876 1306 1895 son
1322 1869 1414 1895 Mentor
1429 1876 1460 1894 un

442 1920 484 1944 peu
501 1914 577 1938 moins
592 1912 749 1943 prédicateur.
768 1908 878 1934 Homère,
895 1905 933 1936 qui
954 1906 990 1930 est
1004 1906 1054 1928 tout
1071 1903 1157 1932 action,
1172 1905 1208 1928 est
1228 1903 1279 1934 plus
1294 1902 1419 1927 instructif.
1436 1902 1460 1927 Si

441 1947 488 1972 l’on
511 1951 622 1976 compare
637 1946 675 1969 cet
690 1948 795 1972 ouvrage
805 1938 851 1966 aux
864 1937 1005 1966 Maximes,
1021 1936 1052 1960 M.
1065 1936 1095 1961 de
1108 1935 1221 1960 Cambrai
1242 1935 1320 1966 paraît
1338 1934 1461 1964 beaucoup

442 1978 549 2003 meilleur
560 1976 628 2009 poète
639 1981 684 2007 que
694 1973 836 2004 théologien.
846 1985 877 1990 —
884 1970 951 1997 Celte,
961 1970 1030 1995 lettre
1040 1971 1165 1993 contenant
1176 1967 1296 2000 plusieurs
1308 1967 1461 1995 corrections,

442 2010 536 2035 Boileau
551 2010 601 2034 s’en
616 2013 712 2036 excuse,
726 2012 754 2031 en
767 2005 888 2031 déclarant
902 2003 959 2034 qu’il
974 2001 1047 2028 serait
1060 2001 1108 2026 fort
1121 1999 1272 2025 embarrassé
1287 1999 1315 2024 de
1326 1999 1347 2023 la
1363 1997 1459 2023 récrire.

379 2056 431 2087 19.
460 2055 525 2085 EE
558 2042 720 2084 MÊME.
756 2055 791 2084 L.
817 2062 844 2082 a.
870 2062 895 2082 s.
919 2061 959 2080 au
987 2051 1105 2085 même;
1131 2047 1235 2082 Paris,
1256 2050 1273 2076 8
1288 2047 1365 2075 août
1383 2048 1460 2079 1701,

418 2097 435 2123 2
450 2103 479 2132 p.
498 2094 561 2130 pet.
581 2092 658 2121 in-4.
676 2093 744 2120 Jolie
756 2092 840 2127 pièce.

473 2134 580 2160 Relative
592 2133 607 2156 à
618 2132 641 2157 la
656 2132 797 2163 publication
808 2131 837 2155 de
852 2129 890 2155 ses
903 2129 1021 2154 OEuvres
1038 2134 1081 2164 par
1101 2126 1123 2151 le
1134 2126 1230 2150 libraire
1246 2123 1368 2149 Robustcl.
1391 2122 1408 2148 Il
1421 2128 1436 2153 y
1449 2128 1461 2146 a

443 2173 488 2193 une
509 2166 596 2191 édition
609 2170 637 2189 en
655 2164 729 2195 grand
743 2166 766 2187 et
780 2168 825 2187 une
843 2161 929 2186 édition
951 2167 979 2185 eu
1002 2162 1066 2190 petit.
1084 2158 1118 2183 On
1135 2165 1147 2181 a
1164 2156 1262 2181 d’abord
1280 2154 1357 2180 débité
1374 2155 1394 2179 la
1410 2161 1464 2185 pre¬

442 2199 524 2227 mière,
541 2197 580 2229 qui
595 2198 631 2222 est
645 2202 675 2221 au
690 2194 766 2220 moins
781 2193 802 2218 la
817 2192 988 2223 quarantième,
1001 2193 1024 2215 cl
1039 2190 1077 2220 qui
1090 2188 1218 2215 deviendra
1231 2188 1277 2212 fort
1287 2192 1349 2212 rare.
1363 2201 1394 2205 —
1406 2187 1423 2212 Il
1434 2193 1463 2211 ne

441 2232 486 2258 sait
498 2231 517 2256 si
529 2231 562 2256 les
575 2228 633 2254 trois
644 2228 740 2260 pistoles
751 2232 797 2257 que
809 2224 929 2249 Brossette
939 2230 952 2247 a
964 2222 1036 2247 mises
1047 2227 1107 2252 pour
1117 2220 1147 2245 lui
1160 2221 1173 2244 à
1184 2220 1206 2245 la
1218 2220 1301 2245 loterie
1313 2225 1343 2244 ne
1356 2222 1407 2245 sont
1420 2225 1463 2251 pas

441 2265 502 2292 trois
517 2263 578 2289 louis
587 2262 648 2287 d'or.

378 2313 432 2346 20.
461 2312 525 2343 EE
561 2297 725 2342 MÊME.
759 2308 794 2339 L.
821 2317 849 2337 a.
876 2314 900 2336 s.
928 2314 968 2334 au
990 2302 1108 2339 même;
1125 2301 1230 2337 Paris,
1245 2304 1263 2332 9
1274 2302 1364 2341 janv.
1385 2305 1463 2339 1705,

417 2357 436 2383 2
444 2362 481 2393 j).
498 2352 577 2386 in-8,
594 2352 682 2379 trace
698 2347 737 2377 de
753 2345 877 2376 cachet.

475 2393 582 2419 Relative
595 2393 610 2418 b
623 2398 668 2417 son
681 2390 782 2422 polirait
800 2387 874 2420 gravé
887 2387 941 2419 (par
954 2375 1063 2416 brevet),
1086 2389 1132 2417 que
1151 2381 1229 2409 désire
1249 2382 1378 2409 Brossette.
1399 2381 1415 2407 Il
1436 2387 1466 2406 en

443 2426 522 2452 donne
538 2425 560 2450 la
574 2424 681 2455 légende,
699 2422 728 2447 où
741 2428 771 2447 on
787 2421 817 2446 lui
834 2420 892 2445 faire
906 2418 956 2444 dire
971 2423 1011 2443 ces
1022 2417 1106 2443 choses
1120 2415 1177 2447 qu'il
1191 2414 1230 2440 n'a
1243 2415 1329 2448 jamais
1345 2413 1445 2447 pensées
1460 2424 1464 2437 :
