1884 2836
954 231 997 268 -
1025 231 1048 268 2
1077 251 1122 260 -

315 329 487 368 brillante
508 329 570 379 qui
594 330 654 367 n’a
673 341 736 379 pas
753 329 842 368 duré
861 330 979 367 moins
995 329 1039 367 de
1058 329 1151 368 deux
1172 330 1311 368 heures.
1351 331 1399 369 Le
1422 332 1611 370 ministère
1638 331 1760 381 public

312 391 333 416 a
352 379 530 429 répliqué.
554 379 602 416 M.
620 378 767 417 Chasles
785 390 807 417 a
820 380 877 417 été
893 378 1039 428 rappelé
1054 391 1143 429 pour
1156 380 1330 430 quelques
1343 381 1595 431 explications.
1613 381 1761 419 Comme

314 429 335 465 il
365 430 496 477 parlait
526 428 589 467 des
610 429 699 466 trois
726 435 825 467 cents
852 428 1047 478 premières
1079 428 1203 468 lettres
1228 430 1272 468 de
1296 430 1435 469 Galilée
1463 442 1535 480 que
1563 432 1677 469 Lucas
1711 431 1759 468 lui

312 479 409 517 avait
442 478 571 517 livrées
596 477 757 522 d’abord,
797 479 828 516 le
863 479 1050 528 président
1079 490 1100 515 a
1125 478 1178 516 dit
1206 491 1250 517 en
1273 487 1420 529 passant
1441 493 1446 517 :
1487 480 1653 519 «Celait
1679 478 1761 530 déjà

313 527 499 578 beaucoup
526 534 604 577 trop
633 541 667 576 »,
688 539 729 565 ce
751 528 810 577 qui
835 538 856 565 a
875 529 993 566 excité
1020 539 1090 566 une
1110 527 1256 567 hilarité
1276 530 1445 578 générale
1464 529 1554 568 dans
1591 531 1623 568 la
1653 530 1755 568 salle.

313 579 429 626 Après
446 588 516 615 une
535 582 659 615 courte
677 578 840 627 réplique
858 577 904 615 du
927 577 1132 622 défenseur,
1164 578 1194 616 le
1213 576 1388 616 Tribunal
1414 580 1500 617 s’est
1527 581 1639 618 retiré
1668 579 1760 618 dans

314 626 348 664 la
367 626 537 665 chambre
557 626 620 665 des
637 626 910 670 délibérations,
948 628 1032 665 d’où
1068 628 1088 664 il
1118 639 1138 664 a
1162 630 1331 681 rapporté
1361 640 1408 666 un
1430 628 1567 667 verdict
1585 629 1759 667 condam¬

313 682 400 714 nant
418 676 664 715 Vrain-Lucas
682 678 703 714 à
722 677 815 715 deux
833 688 900 714 ans
916 676 1299 726 d’emprisonnement,
1323 677 1393 716 500
1425 677 1466 716 fr.
1506 678 1695 718 d'amende
1724 684 1760 717 et

311 736 383 763 aux
401 725 550 774 dépens.

360 775 466 814 Voilà
489 775 638 814 l'affaire
656 776 745 814 dans
764 781 864 813 toute
882 786 923 813 sa
941 776 1157 814 sécheresse.
1208 776 1234 814 Il
1266 776 1406 815 n’entre
1433 788 1496 825 pas
1529 776 1622 816 dans
1657 784 1759 817 notre

310 824 418 863 cadre
437 825 517 864 d’en
541 825 671 864 rendre
693 837 742 864 un
761 831 901 874 compte
918 826 1088 874 régulier,
1111 826 1278 874 complet,
1307 827 1473 864 donnant
1495 827 1545 865 les
1567 827 1650 865 faits
1669 828 1759 866 dans

311 874 442 913 l’ordre
457 877 503 913 où
522 874 566 913 ils
581 886 620 913 se
638 880 721 913 sont
739 875 907 913 déroulés
925 874 1058 913 devant
1081 875 1111 913 le
1125 874 1314 914 Tribunal.
1358 875 1384 913 Il
1407 887 1499 915 nous
1520 877 1657 915 semble
1678 879 1759 926 plus

311 924 499 962 instructif
514 924 558 963 de
575 925 741 974 rappeler
763 925 814 963 les
834 924 959 963 choses
980 925 1031 963 les
1047 925 1129 973 plus
1151 925 1423 968 intéressantes,
1446 937 1489 963 en
1505 933 1688 975 groupant
1708 927 1759 965 les

306 973 441 1012 détails
469 974 662 1024 éparpillés
688 974 778 1011 dans
812 974 843 1012 le
868 980 1016 1023 rapport
1035 974 1099 1012 des
1117 981 1276 1024 experts,
1302 974 1619 1025 l’interrogatoire,
1645 976 1678 1014 le
1697 977 1757 1014 ré¬

307 1023 501 1072 quisitoire
517 1030 552 1062 et
573 1024 606 1062 la
626 1024 832 1073 plaidoirie.

358 1084 491 1123 Notice
515 1095 578 1123 sur
603 1083 733 1122 Lucas.
756 1105 799 1111 —
826 1083 854 1121 Il
878 1088 933 1121 est
952 1080 1019 1133 âgé
1041 1083 1084 1121 de
1103 1084 1149 1122 52
1169 1095 1247 1122 ans.
1275 1083 1347 1122 Fils
1369 1084 1455 1122 d’un
1483 1085 1685 1141 journalier
1712 1087 1757 1125 de

307 1134 511 1183 Lanneray,
526 1136 608 1183 près
624 1134 668 1172 de
690 1133 941 1176 Châteaudun,
966 1133 989 1169 il
1007 1144 1051 1171 ne
1065 1139 1165 1181 reçut
1179 1134 1314 1182 qu’une
1331 1134 1548 1173 instruction
1568 1135 1751 1184 primaire,

305 1183 473 1221 travailla
491 1183 576 1221 chez
597 1195 645 1221 un
666 1185 779 1221 avoué
810 1188 847 1221 et
865 1193 910 1220 au
927 1181 1037 1232 greffe
1055 1182 1117 1221 des
1137 1182 1386 1233 hypothèques
1410 1184 1454 1222 de
1482 1190 1578 1222 cette
1597 1185 1695 1224 ville.
1724 1185 1753 1223 Il

304 1233 478 1271 montrait
502 1233 686 1283 beaucoup
718 1233 761 1270 de
788 1233 876 1282 goût
908 1243 996 1281 pour
1034 1232 1180 1280 l’étude,
1203 1238 1238 1271 et
1270 1234 1489 1282 fréquentait
1525 1233 1755 1272 assidûment

303 1283 337 1320 la
369 1282 617 1332 bibliothèque
649 1282 836 1332 publique.
862 1281 961 1320 Venu
983 1283 1003 1318 à
1023 1281 1124 1320 Paris
1144 1293 1188 1320 en
1212 1282 1322 1330 1852,
1359 1283 1382 1320 il
1413 1283 1541 1333 brigua
1556 1295 1602 1321 un
1622 1284 1753 1332 emploi

302 1334 323 1369 à
343 1332 377 1369 la
395 1332 646 1380 Bibliothèque
667 1332 853 1381 impériale
870 1344 878 1378 ;
913 1331 1004 1368 mais
1027 1331 1049 1368 il
1081 1331 1133 1369 fut
1161 1334 1346 1380 repoussé,
1371 1332 1466 1370 faute
1491 1333 1579 1371 d’un
1598 1333 1756 1383 diplôme

302 1381 347 1420 de
362 1381 552 1419 bachelier.
576 1382 647 1419 Son
664 1381 861 1430 ignorance
879 1380 925 1417 du
943 1380 1033 1418 latin
1053 1380 1100 1418 lui
1122 1380 1160 1418 fit
1173 1382 1376 1430 également
1395 1382 1532 1421 refuser
1551 1394 1597 1420 un
1622 1383 1752 1432 emploi

300 1431 392 1469 dans
410 1443 480 1469 une
501 1430 663 1469 librairie
685 1430 864 1469 ancienne
884 1430 1118 1479 importante.
1147 1446 1162 1464 «
1185 1434 1213 1468 A
1234 1443 1273 1469 ce
1297 1438 1471 1475 moment,
1490 1432 1591 1471 lit-on
1611 1432 1702 1469 dans
1724 1435 1757 1470 le

300 1481 543 1530 réquisitoire,
565 1492 614 1519 un
635 1480 866 1518 malheureux
889 1478 1019 1516 hasard
1039 1479 1084 1516 l’a
1104 1480 1171 1517 mis
1190 1491 1234 1517 en
1255 1488 1402 1531 rapport
1421 1492 1508 1519 avec
1524 1483 1555 1520 le
1572 1481 1755 1520 directeur

300 1529 387 1568 d’un
421 1530 564 1568 cabinet
588 1529 853 1585 généalogique
884 1529 971 1566 d'un
1008 1528 1110 1566 triste
1157 1540 1294 1571 renom,
1339 1530 1370 1567 le
1398 1530 1545 1569 cabinet
1572 1531 1753 1575 Letellier,

300 1579 430 1617 ancien
451 1578 597 1618 cabinet
618 1579 795 1618 Courtois.
828 1578 924 1616 C’est
948 1578 994 1621 là,
1016 1577 1273 1626 évidemment,
1303 1590 1373 1628 que
1399 1579 1514 1617 Lucas
1538 1579 1623 1618 s’est
1644 1581 1756 1628 perdu

301 1634 338 1666 et
359 1629 447 1678 qu’il
471 1635 526 1667 est
546 1629 685 1667 devenu
717 1640 758 1666 ce
786 1627 874 1678 qu’il
908 1632 962 1664 est
986 1627 1242 1666 actuellement
1275 1643 1289 1661 ^
1332 1627 1428 1666 C’est
1449 1628 1481 1666 là
1498 1640 1543 1666 en
1566 1628 1648 1667 effet
1667 1629 1755 1678 qu’il

301 1677 467 1728 fabriqua
503 1678 553 1716 les
585 1678 678 1716 deux
704 1680 826 1716 lettres
845 1676 889 1715 de
921 1676 1130 1725 Montaigne
1156 1676 1244 1714 dont
1270 1677 1291 1714 il
1327 1688 1408 1715 sera
1430 1678 1528 1727 parlé
1551 1678 1630 1728 plus
1666 1678 1752 1715 loin.

303 1728 413 1766 Lucas
447 1727 668 1777 fréquentait
696 1728 747 1765 les
767 1738 873 1765 cours
895 1726 940 1764 de
961 1725 1045 1764 MM.
1070 1726 1256 1768 Darniron,
1281 1727 1508 1765 Lenormand
1529 1735 1565 1765 et
1585 1728 1755 1775 Géruzez,

300 1783 337 1816 et
357 1777 556 1827 employait
580 1777 612 1815 le
640 1783 737 1815 reste
752 1776 795 1814 de
823 1787 880 1815 ses
902 1775 1021 1813 loisirs
1043 1774 1134 1813 dans
1157 1775 1209 1814 les
1228 1775 1509 1826 bibliothèques.
1530 1777 1615 1815 Lors
1630 1776 1674 1815 de
1690 1788 1756 1815 son

298 1827 531 1868 arrestation,
556 1826 668 1864 Lucas
684 1826 773 1864 était
794 1824 965 1864 surveillé
985 1824 1113 1873 depuis
1133 1837 1180 1862 un
1203 1825 1293 1863 mois
1312 1837 1377 1875 par
1397 1826 1430 1863 la
1452 1826 1579 1874 police.
1602 1826 1629 1864 Il
1649 1838 1757 1864 occu¬

301 1878 378 1926 pait
397 1889 445 1915 un
463 1877 551 1926 petit
569 1882 834 1926 appartement,
857 1886 921 1914 rue
940 1873 1239 1923 Saint-Georges,
1257 1886 1344 1913 avec
1359 1887 1398 1914 sa
1409 1876 1597 1915 maîtresse
1611 1876 1650 1926 (il
1668 1877 1759 1915 était

299 1926 387 1965 veuf
403 1933 438 1965 et
461 1929 544 1976 père
562 1926 607 1963 de
630 1926 791 1973 famille).
812 1926 867 1963 On
888 1925 987 1962 avait
1002 1927 1193 1973 remarqué
1217 1925 1304 1974 qu’il
1332 1936 1377 1963 ne
1391 1926 1520 1965 sortait
1542 1927 1585 1965 de
1602 1927 1688 1964 chez
1709 1928 1756 1965 lui

300 1976 386 2025 qu’à
406 1987 494 2014 onze
533 1975 676 2021 heures,
710 1974 894 2024 déjeunait
921 1986 965 2011 au
994 1973 1069 2011 café
1103 1973 1215 2012 Riche
1252 1985 1295 2012 ou
1329 1975 1421 2014 dans
1459 1987 1530 2014 une
1568 1976 1755 2020 crémerie,

301 2025 406 2063 allait
427 2026 630 2062 travailler
648 2028 669 2063 à
694 2024 726 2062 la
752 2023 1007 2072 Bibliothèque
1030 2023 1231 2071 impériale,
1262 2026 1416 2062 rentrait
1448 2024 1533 2064 chez
1568 2026 1615 2064 lui
1654 2028 1759 2075 après

302 2074 419 2119 dîner,
440 2086 487 2113 ne
507 2074 637 2125 parlait
659 2077 680 2112 à
702 2085 881 2124 personne
904 2080 939 2112 et
959 2072 1099 2110 n’allait
1112 2083 1182 2122 que
1197 2073 1282 2111 chez
1303 2074 1349 2112 M.
1367 2075 1530 2114 Chasles.
1553 2075 1601 2112 M.
1623 2075 1655 2113 le
1673 2076 1760 2113 Pré¬

303 2123 425 2162 sident
453 2124 502 2162 lui
527 2130 638 2173 ayant
664 2124 842 2162 demandé
875 2134 915 2161 ce
947 2121 1037 2172 qu’il
1063 2123 1160 2160 avait
1191 2122 1256 2161 fait
1276 2122 1339 2161 des
1365 2123 1527 2166 140,000
1556 2124 1599 2163 fr.
1625 2131 1660 2163 et
1680 2125 1760 2174 plus

308 2185 379 2223 que
404 2173 451 2212 lui
477 2166 575 2212 avait
593 2175 755 2223 comptés
773 2173 822 2211 M.
843 2172 1003 2213 Chasles,
1024 2171 1048 2208 il
1067 2182 1087 2208 a
1106 2171 1257 2210 d’abord
1280 2175 1393 2211 avoué
1411 2174 1498 2223 qu’il
1520 2174 1617 2212 avait
1636 2175 1702 2212 mis
1718 2185 1761 2212 en

305 2225 449 2262 réserve
466 2223 490 2261 4
509 2225 530 2261 à
552 2223 665 2272 5,000
693 2223 752 2268 fr.,
782 2222 863 2272 puis
887 2222 908 2260 il
930 2228 984 2260 est
1003 2232 1136 2259 revenu
1157 2232 1220 2260 sur
1241 2233 1298 2261 ses
1321 2233 1449 2261 aveux.

357 2288 539 2327 Premiers
562 2300 697 2327 achats
716 2288 760 2326 de
789 2288 834 2326 M.
865 2288 1039 2325 Chasles.
1073 2307 1116 2313 —
1147 2285 1250 2324 Voici
1285 2298 1326 2325 ce
1356 2299 1427 2337 que
1456 2287 1511 2325 dit
1544 2289 1564 2325 à
1591 2300 1632 2326 ce
1667 2289 1760 2338 sujet

307 2338 340 2376 M
380 2338 541 2382 Chasles,
566 2338 657 2376 dans
670 2349 710 2376 sa
732 2338 936 2388 déposition
959 2349 968 2374 ;
995 2352 1009 2370 «
1036 2336 1064 2374 Il
1085 2347 1108 2392 y
1130 2348 1151 2374 a
1175 2336 1378 2385 longtemps
1399 2337 1493 2386 déjà,
1517 2337 1598 2386 plus
1614 2336 1659 2375 de
1681 2337 1760 2376 huit

306 2399 387 2432 ans,
411 2388 457 2426 M.
482 2388 594 2426 Lucas
618 2388 705 2426 s’est
727 2388 895 2436 présenté
925 2386 1011 2424 chez
1035 2386 1123 2432 moi;
1161 2386 1184 2424 il
1218 2398 1257 2424 se
1279 2386 1389 2425 disait
1416 2386 1460 2424 de
1497 2385 1758 2432 Châteaudun;

307 2448 446 2476 comme
460 2437 497 2487 je
516 2438 592 2476 suis
611 2438 655 2475 de
683 2436 867 2478 Chartres,
892 2447 983 2474 nous
1011 2435 1129 2473 étions
1159 2447 1314 2485 presque
1345 2436 1391 2473 du
1420 2436 1534 2474 même
1553 2447 1652 2486 pays,
1671 2437 1707 2484 je
1731 2437 1763 2474 le

308 2498 426 2536 reçus.
449 2486 476 2525 11
496 2486 621 2525 médit
639 2486 724 2536 qu’il
743 2486 831 2525 était
850 2486 983 2535 chargé
1001 2485 1045 2523 de
1065 2486 1197 2534 placer,
1221 2485 1265 2523 de
1296 2486 1330 2523 la
1353 2492 1431 2534 part
1444 2485 1530 2523 d’un
1549 2486 1753 2523 collection¬

309 2547 414 2582 neur,
444 2548 512 2575 une
530 2536 668 2586 grande
685 2537 853 2586 quantité
877 2536 923 2574 de
959 2534 1177 2573 manuscrits
1211 2541 1247 2573 et
1280 2535 1324 2573 de
1355 2535 1463 2573 livres
1487 2535 1595 2573 d’une
1623 2535 1762 2584 grande

311 2586 449 2632 valeur,
482 2591 531 2634 et,
555 2592 634 2625 tout
659 2586 993 2635 particulièrement
1013 2584 1076 2623 des
1099 2584 1223 2623 lettres
1245 2584 1496 2634 autographes.
1520 2584 1565 2621 La
1585 2585 1762 2642 première

312 2635 413 2685 pièce
439 2635 527 2685 qu’il
554 2634 757 2686 m’apporta
789 2635 842 2673 fut
863 2645 934 2673 une
968 2634 1076 2672 lettre
1096 2633 1141 2672 de
1176 2633 1340 2680 Molière,
1361 2632 1449 2683 qu’il
1483 2644 1540 2671 me
1573 2634 1612 2671 fit
1649 2645 1760 2683 payer
