1884 2823
891 139 938 145 —
967 117 989 154 4
1016 139 1062 144 —

299 217 390 248 Lucas
408 219 484 247 avait
507 218 534 247 le
552 218 615 247 soin
633 216 801 255 d’apporter
820 217 837 245 k
854 216 893 247 M.
913 216 1035 245 Chasles
1053 216 1150 246 divers
1168 216 1362 253 exemplaires
1388 217 1423 246 de
1451 216 1477 245 la
1499 217 1592 245 même
1615 216 1707 253 pièce,

259 254 326 291 qu’il
347 257 423 286 avait
440 255 580 294 préparés
601 256 619 285 k
641 254 782 290 l’avance,
802 257 830 284 et
848 256 896 292 qui
916 256 1112 292 présentaient
1137 255 1188 285 des
1208 256 1367 286 variantes.
1390 255 1412 285 Il
1433 254 1510 285 avait
1527 254 1670 292 persuadé
1694 254 1710 283 k

260 294 298 324 M.
320 294 441 325 Chasles
459 303 514 332 que
534 296 572 326 M.
590 293 789 332 Boisjourdain
808 294 885 324 avait
909 295 982 324 dans
1000 302 1051 323 son
1069 295 1183 331 grenier
1205 302 1243 324 un
1267 294 1389 332 original
1409 295 1437 324 et
1464 294 1515 324 des
1549 295 1646 332 copies
1676 292 1712 322 de

260 333 371 370 chaque
388 335 476 370 pièce,
492 338 519 364 et
542 335 578 365 M.
602 334 722 363 Chasles
748 340 779 362 se
806 333 900 363 faisait
920 336 1058 370 apporter
1075 335 1117 363 les
1134 333 1230 363 divers
1254 333 1448 372 exemplaires
1474 337 1502 363 et
1522 333 1670 362 cherchait
1695 332 1712 362 à

260 374 439 402 rcconnailre
451 372 593 410 l'original
608 382 616 410 ;
638 372 653 401 il
673 372 790 402 donnait
806 373 898 401 môme
917 373 932 401 k
955 374 1047 402 Lucas
1061 372 1102 402 les
1122 372 1291 402 indications
1309 373 1486 403 nécessaires
1504 379 1577 409 pour
1595 371 1663 409 qu’il
1682 379 1713 401 se

260 411 310 440 mit
335 413 350 440 k
378 411 458 441 l'abri
477 412 562 442 d’une
593 418 703 441 erreur.
739 410 816 440 C’est
841 411 912 441 ainsi
934 418 989 448 que
1009 410 1169 448 s’explique
1183 411 1208 441 le
1228 419 1350 449 passage
1377 412 1491 442 suivant
1517 411 1602 441 d’une
1631 411 1713 440 lettre

260 449 396 479 adressée
418 458 469 487 par
488 452 579 480 Lucas
596 450 612 480 k
630 451 665 479 M.
687 449 806 478 Chasles
821 450 893 479 dans
911 450 936 480 le
956 457 1041 479 cours
1058 450 1093 479 de
1112 449 1301 480 l’instruction
1317 462 1323 479 :

339 489 373 526 «,Je
395 490 535 519 m'accuse
562 489 652 519 d’être
681 487 832 525 coupable,
859 492 886 518 et
904 492 1051 526 pourtant,
1069 492 1148 518 entre
1175 497 1249 519 nous
1278 490 1332 519 soit
1359 489 1409 522 dit,
1440 488 1588 525 beaucoup
1613 488 1648 517 de
1666 496 1715 517 ces

260 525 360 557 lettres
372 528 508 559 simulées
525 536 560 557 ne
570 528 640 557 l’ont
656 527 700 558 été
713 534 768 564 que
781 528 897 564 d'après
913 535 966 558 vos
985 528 1165 564 indications,
1181 535 1230 557 car
1244 528 1330 560 enfin,
1346 535 1418 565 pour
1435 527 1521 557 celles
1534 528 1569 556 de
1583 528 1713 563 Newton,

262 572 316 602 par
333 567 474 605 exemple,
495 567 612 597 n'est-ce
632 575 684 604 pas
702 574 774 596 vous
793 568 840 602 qui
859 567 968 596 m’avez
982 567 1033 596 fait
1046 568 1192 597 connaître
1210 574 1262 596 son
1282 565 1430 597 écriture?
1448 566 1495 603 qui
1509 565 1621 596 m’avez
1640 566 1714 595 indi¬

262 605 317 640 qué
335 610 360 635 et
378 606 426 636 fait
444 607 505 635 voir
520 609 664 636 comment
682 606 699 635 il
716 606 809 635 faisait
823 613 870 634 ses
888 613 914 639 s,
933 605 981 635 scs
996 605 1027 642 h,
1047 614 1094 635 ses
1110 605 1131 639 i,
1151 614 1198 635 ses
1215 608 1237 639 t,
1256 608 1282 634 et
1302 608 1444 635 comment
1457 607 1571 634 surtout
1584 606 1601 634 il
1620 604 1715 635 faisait

262 649 293 671 sa
322 644 494 682 signature?
527 645 603 674 Pour
632 644 752 681 Galilée,
772 644 836 673 n’en
856 644 935 673 est-il
955 652 1007 682 pas
1032 645 1066 674 de
1084 643 1200 674 même?
1218 644 1339 674 n’est-ce
1358 652 1411 682 pas
1435 651 1506 673 vous
1529 644 1576 680 qui
1606 643 1715 673 m’avez

262 682 384 713 observé
402 686 546 713 comment
563 684 580 713 il
601 684 693 713 faisait
711 682 841 720 toujours
858 683 884 713 le
911 682 934 712 G
960 684 995 712 de
1015 690 1067 713 son
1086 691 1165 717 nom,
1181 686 1326 713 comment
1344 684 1360 712 il
1384 682 1530 712 n’oubliait
1543 683 1647 719 jamais
1675 683 1716 712 les

264 722 357 757 points
375 730 426 752 sur
448 725 489 752 les
516 731 539 759 r,
558 725 585 752 et
606 723 748 759 plusieurs
766 724 864 752 autres
883 728 1053 758 remarques
1070 721 1083 751 ?
1103 724 1136 751 Et
1153 725 1225 752 cette
1250 723 1332 751 lettre
1347 722 1383 752 du
1399 722 1418 751 5
1441 722 1600 751 novembre
1626 722 1715 758 1639,

262 760 387 791 rectifiée
409 762 553 798 plusieurs
579 762 643 797 fois,
664 770 699 790 ne
712 760 747 790 l’a
767 761 846 790 t-elle
862 769 915 797 pas
933 760 977 790 été
996 761 1112 798 d’après
1138 768 1191 790 vos
1208 761 1377 790 indications
1391 761 1404 789 ?
1422 760 1545 790 N’est-ce
1564 768 1617 798 pas
1645 768 1717 790 vous

262 800 308 834 qui
328 800 437 830 m’avez
452 799 562 837 signalé
579 808 634 836 que
652 801 678 829 le
694 799 818 837 premier
835 802 896 829 mot
908 800 942 829 de
960 803 1034 829 celle
1049 801 1142 834 lettre,
1162 800 1208 836 qui
1230 799 1351 829 d’abord
1365 800 1407 829 fut
1421 800 1492 829 écrit
1506 800 1610 833 aurei,
1622 798 1719 829 devait

262 837 380 868 s’écrire
398 838 525 875 haurei,
560 842 588 868 et
609 840 719 868 ensuite
736 846 771 868 ne
790 845 979 868 mavez-vous
1000 846 1051 876 pas
1068 839 1120 874 dit,
1142 838 1259 875 d’après
1275 838 1326 868 des
1352 839 1552 869 observations
1570 846 1625 875 que
1645 846 1716 868 vous

261 883 331 906 avez
349 884 451 914 reçues
474 878 491 908 d
506 876 596 914 Italie,
616 885 671 914 que
695 885 727 907 ce
751 879 810 906 mot
828 877 923 907 devait
939 876 1058 907 s’écrire
1075 876 1205 907 luiuerei
1218 876 1232 906 ?
1253 877 1379 907 N'est-ce
1400 884 1451 914 pas
1471 885 1543 907 vous
1574 877 1650 906 aussi
1668 879 1715 914 qui

261 915 371 946 m'avez
395 917 444 946 fait
460 922 631 953 remarquer
656 919 798 946 comment
817 924 848 945 se
873 916 968 946 faisait
986 917 1012 945 la
1042 917 1188 953 signature
1205 917 1241 944 du
1273 916 1340 953 père
1360 916 1499 949 Boulliau,
1527 919 1672 945 comment
1700 916 1718 946 il

262 954 356 984 faisait
374 963 420 985 ses
438 964 466 992 </,
481 963 529 986 ses
546 964 580 994 p,
601 963 647 985 ses
664 962 694 993 q,
710 954 724 983 ?
742 955 867 984 N’est-ce
883 962 936 992 pas
949 962 1022 985 vous
1034 956 1110 985 aussi
1130 955 1176 991 qui
1190 954 1300 985 m’avez
1323 955 1370 984 fait
1388 962 1557 992 remarquer
1569 962 1625 992 que
1637 956 1717 984 Mau-

261 994 370 1029 pertuis
389 1002 423 1023 ne.
439 994 547 1024 barrait
559 994 664 1032 jamais
683 996 730 1023 scs
749 996 759 1022 l
771 993 785 1022 ?
804 994 928 1023 N"est-ce
945 1001 1001 1032 pas
1015 1002 1088 1024 vous
1103 1001 1207 1023 encore,
1222 995 1268 1030 qui
1289 994 1398 1023 m’avez
1418 994 1466 1023 fait
1483 994 1631 1024 connaître
1663 1002 1718 1023 une

261 1031 343 1062 lettre
362 1033 397 1062 du
417 1034 544 1063 cardinal
563 1032 661 1063 Gentil
676 1035 703 1062 et
720 1032 766 1069 qui
785 1031 894 1061 m’avez
906 1034 999 1062 même
1012 1032 1214 1069 communiqué
1227 1041 1263 1062 un
1282 1032 1435 1063 fac-similé
1450 1033 1485 1063 de
1503 1040 1555 1062 son
1569 1032 1694 1063 écriture
1706 1033 1719 1062 ?

262 1071 295 1100 Et
314 1071 388 1101 enfin
408 1079 463 1102 une
484 1071 592 1101 infinité
625 1071 752 1101 d’autres
773 1070 943 1101 indications
971 1075 1000 1102 et
1018 1079 1187 1108 remarques
1206 1078 1262 1108 que
1279 1079 1352 1101 vous
1381 1071 1490 1101 m’avez
1518 1072 1610 1101 faites.
1642 1072 1721 1101 C’est

261 1109 334 1139 donc
351 1110 468 1148 d'après
485 1119 537 1141 vos
555 1111 755 1141 observations
774 1114 800 1139 et
818 1110 988 1140 indications
1007 1118 1062 1148 que
1076 1110 1223 1147 beaucoup
1240 1110 1274 1140 de
1287 1118 1334 1140 ces
1350 1111 1447 1140 lettres
1460 1113 1510 1140 ont
1525 1110 1569 1140 été
1584 1111 1719 1141 simulées

262 1157 313 1186 par
330 1150 396 1180 moi.
421 1160 433 1175 «

301 1189 341 1216 Ce
360 1196 493 1226 passage,
512 1188 570 1225 qui,
593 1189 652 1225 pris
672 1187 833 1222 isolément,
851 1188 1003 1218 donnerait
1030 1188 1086 1218 lieu
1105 1188 1122 1217 k
1142 1196 1196 1218 une
1215 1188 1311 1218 fausse
1337 1187 1566 1224 interprétation,
1589 1196 1621 1217 se
1640 1195 1718 1218 com¬

263 1227 351 1264 prend
373 1227 533 1257 facilement
550 1227 668 1264 lorsque
688 1227 744 1256 l’on
763 1226 878 1257 connaît
891 1226 932 1256 les
952 1227 1089 1257 relations
1101 1228 1135 1256 de
1153 1228 1192 1257 M.'
1211 1227 1333 1257 Chasles
1348 1231 1372 1257 e!
1393 1227 1428 1257 de
1446 1228 1551 1257 Lucas.

301 1266 393 1295 Lucas
409 1267 504 1296 venait
521 1266 754 1296 habituellement
771 1266 840 1295 chez
856 1266 891 1294 M.
914 1265 1035 1295 Chasles
1048 1266 1074 1295 le
1088 1266 1164 1295 lundi
1179 1266 1266 1302 après
1284 1266 1325 1296 les
1339 1266 1458 1296 séances
1470 1265 1719 1297 del’Aacadémie.

264 1304 283 1333 Il
303 1304 440 1335 attendait
458 1306 495 1335 M.
516 1304 639 1334 Chasles
656 1306 729 1334 dans
742 1312 792 1334 son
811 1303 923 1333 cabinet
943 1307 971 1334 et
989 1304 1013 1333 le
1033 1305 1130 1341 voyait
1149 1305 1264 1334 revenir
1281 1308 1343 1335 tout
1368 1305 1432 1335 ému
1453 1304 1491 1334 delà
1545 1305 1718 1334 discussion.

262 1342 299 1373 M.
323 1343 444 1373 Chasles
462 1344 498 1373 lui
518 1344 745 1380 communiquait
761 1344 801 1373 les
819 1342 978 1381 objections
992 1344 1038 1379 qui
1056 1343 1093 1372 lui
1114 1343 1228 1373 avaient
1243 1344 1287 1373 été
1306 1343 1469 1380 adressées,
1488 1344 1525 1373 lui
1543 1344 1679 1373 montrait
1696 1344 1721 1373 le

261 1381 324 1411 côté
339 1383 422 1412 faible
437 1383 487 1413 des
498 1382 592 1419 pièces
606 1382 673 1419 qu’il
691 1382 766 1411 avait
780 1382 796 1410 k
808 1389 840 1410 sa
856 1381 1026 1418 disposition
1039 1386 1066 1411 et
1078 1382 1249 1419 l’engageait
1261 1384 1276 1411 k
1290 1383 1402 1412 obtenir
1417 1383 1431 1411 k
1443 1383 1520 1412 force
1535 1383 1552 1412 d
1565 1382 1720 1420 instances,

262 1420 298 1449 du
318 1421 403 1451 vieux
424 1421 461 1450 M.
483 1421 518 1451 de
533 1421 744 1458 Boisjourdain,
760 1420 795 1450 de
815 1421 961 1450 nouvelles
987 1421 1253 1451 communications.
1282 1421 1303 1450 Il
1322 1421 1362 1451 lui
1390 1421 1507 1452 donnait
1526 1421 1569 1450 les
1589 1422 1722 1458 désigna¬

263 1460 337 1490 tions
353 1460 530 1490 nécessaires
549 1463 578 1490 et
590 1468 621 1490 se
641 1460 766 1490 trouvait
782 1459 866 1493 ainsi,
883 1460 900 1488 k
919 1467 971 1490 son
987 1460 1063 1496 insu,
1082 1460 1108 1489 le
1127 1461 1318 1498 coopérateur
1339 1461 1374 1490 de
1393 1461 1513 1490 l’escroc
1525 1460 1572 1496 qui
1592 1460 1721 1498 l’exploi¬

262 1498 324 1527 tait.

315 1553 363 1591 Le
381 1564 584 1591 catalogue
603 1564 666 1590 des
679 1556 810 1590 pièces.
830 1573 871 1579 —
894 1552 943 1590 Le
962 1558 1109 1602 rapport
1127 1552 1190 1590 des
1209 1560 1368 1602 experts,
1383 1553 1504 1602 rédigé
1516 1553 1627 1591 d’une
1643 1565 1722 1591 ma¬

264 1602 364 1639 nière
384 1602 651 1652 remarquable,
676 1615 697 1639 a
712 1604 769 1640 été
792 1602 825 1638 la
845 1602 929 1640 base
949 1602 993 1639 du
1016 1604 1151 1651 procès
1174 1602 1200 1639 11
1223 1604 1390 1640 contient
1410 1603 1442 1640 la
1461 1603 1720 1652 reproduction

264 1652 309 1689 de
328 1653 509 1701 plusieurs
534 1653 657 1689 lettres
674 1651 914 1702 impossibles,
939 1652 1014 1689 lues
1035 1663 1099 1701 par
1118 1652 1166 1689 M.
1189 1651 1351 1690 l’Avocat
1367 1653 1531 1701 impérial
1548 1652 1641 1691 dans
1655 1665 1720 1691 son

264 1701 497 1750 réquisitoire
519 1708 554 1739 et
576 1701 637 1750 qui
661 1708 724 1739 ont
757 1701 903 1751 défrayé
936 1704 986 1739 les
1011 1702 1205 1750 journaux.
1233 1702 1278 1739 Le
1297 1708 1446 1751 rapport
1467 1708 1633 1740 constate
1653 1714 1722 1751 que

268 1751 298 1788 le
316 1750 466 1788 nombre
484 1751 547 1788 des
567 1752 688 1799 pièces
707 1751 750 1788 de
777 1757 871 1788 celte
896 1751 1088 1789 collection
1120 1750 1343 1802 fantastique
1372 1751 1505 1790 s’élève
1526 1755 1546 1789 à
1567 1751 1719 1798 27.345,

267 1800 466 1838 attribuées
488 1800 505 1838 à
530 1800 602 1838 660
626 1811 884 1850 personnages,
909 1806 944 1838 et
977 1801 998 1838 il
1026 1813 1070 1839 en
1099 1800 1219 1839 donne
1246 1802 1278 1839 le
1313 1803 1501 1850 catalogue
1537 1813 1599 1850 par
1618 1803 1724 1840 ordre

267 1849 536 1899 alphabétique.
568 1849 671 1888 Voici
708 1850 760 1888 les
795 1861 897 1888 noms
930 1850 981 1888 les
1013 1851 1094 1899 plus
1126 1850 1355 1901 incroyables
1376 1851 1421 1889 de
1443 1857 1538 1889 celte
1559 1852 1725 1890 curieuse

270 1899 544 1937 nomenclature
568 1912 575 1936 :

308 1965 457 1999 Abailard,
471 1966 489 1995 5
505 1965 616 2000 lettres-,
635 1966 654 1994 3
671 1966 764 2002 pièces
777 1965 811 1995 de
824 1972 892 1994 vers
904 1966 973 1995 dont
987 1966 999 1995 t
1016 1964 1142 1995 intitulée
1156 1965 1163 1994 :
1179 1965 1195 1994 Y
1199 1965 1316 1995 Amant
1327 1966 1499 2004 infortuné-,
1515 1982 1553 1988 —
1567 1966 1726 2004 Alcibiade,

267 2004 286 2033 5
302 2004 402 2033 lettres
417 2005 432 2034 k
451 2004 627 2041 Périclès;—
644 2004 756 2038 Alcuin,
781 2005 830 2033 181
851 2005 956 2041 pièces,
971 2005 1040 2034 dont
1056 2005 1110 2034 116
1124 2004 1223 2034 lettres
1240 2005 1255 2034 k
1272 2004 1532 2043 Charlemagne?—
1548 2006 1726 2036 Alexandre-

269 2042 420 2077 le-Grand,
442 2044 449 2069 1
474 2043 555 2072 lettre
570 2045 584 2072 k
604 2043 739 2078 Aristote;
760 2059 796 2065 —
814 2044 978 2074 Anacréon.
1000 2043 1019 2072 2
1034 2043 1133 2073 lettres
1153 2044 1168 2072 k
1190 2044 1352 2081 Pythagore
1367 2053 1375 2080 ;
1394 2060 1431 2065 —
1447 2045 1594 2082 Antbigar,
1616 2046 1657 2075 roi
1677 2046 1727 2076 des

270 2081 401 2117 Gaulois,
420 2082 432 2110 1
449 2082 531 2111 lettre
550 2083 565 2111 k
583 2082 711 2119 Thalès;
729 2099 765 2103 —
781 2082 879 2120 Attila,
904 2084 912 2111 1
936 2082 1019 2112 lettre
1035 2090 1070 2111 au
1086 2082 1202 2119 général
1220 2083 1272 2112 des
1286 2083 1456 2118 Francs;—
1470 2085 1598 2121 Auguste
1614 2084 1728 2122 (empe¬

272 2120 362 2157 reur).
382 2121 400 2150 6
419 2120 527 2157 lettres,
542 2122 610 2150 dont
645 2122 653 2150 1
684 2126 698 2148 a
727 2121 834 2158 Virgile
848 2135 856 2157 ;
876 2138 914 2143 —
932 2121 1080 2155 Bélisaire,
1110 2121 1129 2150 2
1159 2121 1259 2151 lettres
1290 2122 1305 2150 k
1338 2122 1510 2160 Casiodore;
1531 2139 1568 2144 —
1583 2123 1728 2160 Caligula,

273 2160 390 2188 t-lettre
408 2167 443 2188 au
458 2157 555 2196 préletdu
619 2159 756 2196 prétoire;
771 2177 807 2181 —
824 2161 904 2191 Jules
923 2160 1025 2194 César,
1050 2162 1059 2189 1
1083 2159 1138 2190 défi
1168 2160 1183 2189 k
1206 2159 1437 2198 Vercingétorix,
1462 2162 1490 2190 11
1512 2162 1610 2192 lettres
1628 2164 1657 2191 et
1674 2163 1729 2191 182

272 2201 354 2227 notes
371 2198 558 2236 historiques,
578 2189 743 2234 réflexions,
758 2200 814 2229 etc.
826 2213 835 2234 •,
852 2216 888 2221 —
902 2199 1036 2229 Chabran
1056 2199 1160 2235 Laure,
1184 2199 1217 2228 18
1234 2199 1333 2229 lettres
1346 2200 1363 2229 k
1382 2200 1558 2237 Pétrarque,
1580 2201 1616 2230 18
1634 2200 1729 2238 pièces

274 2237 308 2266 de
325 2244 409 2272 vers;
428 2253 460 2258 —
480 2238 701 2274 Charlemagne,
726 2239 782 2268 133
810 2238 909 2269 lettres
935 2239 952 2267 k
979 2238 1092 2273 Alcuin,
1111 2240 1164 2268 etc.
1182 2247 1191 2274 ;
1211 2255 1246 2259 —
1266 2239 1387 2268 Charles
1406 2239 1517 2276 Martel,
1537 2241 1555 2269 3
1572 2240 1673 2270 lettres
1693 2247 1729 2269 au

274 2276 329 2306 duc
341 2276 358 2305 d
373 2276 534 2312 Aquitaine-,
552 2292 588 2297 —
605 2276 784 2313 Childebert,
807 2277 814 2305 1
836 2278 919 2308 lettre
948 2279 963 2306 k
994 2276 1148 2313 Antharis;
1163 2293 1201 2298 —
1217 2277 1374 2313 Childéric,
1395 2279 1405 2307 1
1433 2279 1534 2314 ttre-,
1550 2296 1588 2300 —
1605 2279 1644 2308 Le
1665 2279 1728 2314 Cid,

274 2314 293 2343 5
308 2315 407 2344 lettres
422 2323 458 2344 au
477 2315 518 2344 roi
534 2316 568 2344 de
584 2316 731 2350 Navarre-,
750 2332 784 2336 —
798 2316 929 2349 Cicéron,
950 2315 968 2345 2
984 2316 1083 2345 lettres
1101 2316 1115 2344 k
1131 2317 1245 2353 Trogne
1269 2316 1405 2353 Pompée,
1418 2318 1437 2346 3
1449 2317 1547 2348 lettres
1571 2318 1586 2348 k
1602 2317 1729 2352 Vairon,

277 2354 287 2382 1
312 2353 328 2382 k
348 2354 475 2389 Allions;
491 2370 527 2375 —
541 2353 706 2391 Cléopâtre,
727 2354 740 2383 1
769 2355 850 2385 lettre
866 2355 881 2384 k
900 2355 1002 2388 Caton,
1030 2355 1041 2383 1
1067 2362 1083 2383 a
1104 2354 1216 2388 Castor,
1237 2355 1363 2385 médecin
1384 2356 1503 2391 gaulois,
1532 2357 1543 2385 1
1578 2358 1593 2386 k
1627 2357 1730 2390 César,

280 2393 289 2420 1
313 2392 328 2421 a
346 2392 487 2429 Pompée;
507 2409 543 2414 —
557 2392 667 2429 Clovis,
686 2394 705 2422 3
721 2393 831 2426 lettres,
857 2394 925 2424 dont
955 2395 965 2422 1
1002 2393 1107 2423 devant
1133 2394 1269 2430 Tolbiac;
1285 2411 1322 2416 —
1340 2394 1515 2432 Christophe
1533 2395 1665 2427 Colomb,
1693 2396 1732 2426 33

277 2431 376 2460 lettres
393 2438 428 2461 ou
448 2431 533 2461 récits
551 2431 686 2462 adressés
706 2432 721 2461 k
743 2432 878 2462 Rabelais
890 2446 898 2468 ;
915 2449 952 2454 —
974 2432 1117 2466 Cornélie,
1142 2440 1235 2463 veuve
1264 2433 1400 2470 Pompée,
1431 2433 1449 2463 2
1477 2433 1578 2463 lettres
1607 2434 1624 2462 k
1653 2431 1733 2464 Jules

276 2469 368 2499 César
380 2483 387 2505 ;
406 2486 444 2491 —
467 2469 589 2500 Diodore
602 2472 637 2501 de
656 2471 750 2506 Sicile,
768 2472 781 2501 i
798 2472 880 2502 lettre
896 2472 912 2501 k
927 2472 1042 2509 Trogne
1060 2471 1200 2509 Pompée;
1224 2488 1259 2493 —
1276 2472 1406 2509 Euclide,
1420 2473 1438 2503 6
1456 2473 1566 2509 lettres,
1584 2473 1654 2502 dont
1680 2473 1691 2502 1
1715 2473 1729 2502 k

279 2508 379 2538 Platon
390 2521 398 2543 -,
410 2525 446 2530 —
456 2509 590 2546 Eschyle,
614 2510 627 2539 1
646 2509 728 2540 lettre
747 2511 764 2539 k
778 2510 940 2548 Pythagore
950 2523 958 2546 ;
969 2527 1005 2532 —
1017 2510 1215 2548 Frédégonde,
1231 2510 1250 2541 2
1263 2511 1363 2541 lettres
1381 2512 1398 2541 k
1417 2512 1556 2548 Grégoire
1570 2511 1605 2541 de
1618 2511 1713 2541 Tours
1722 2521 1730 2546 ;

280 2562 317 2569 —
336 2548 432 2578 Sainte
447 2548 620 2584 Geneviève,
637 2548 656 2578 2
668 2548 767 2578 lettres
785 2549 801 2578 k
820 2550 894 2578 saint
913 2549 1049 2579 Germain
1062 2561 1069 2584 ;
1091 2565 1128 2570 —
1143 2550 1294 2580 Græcinus
1316 2550 1420 2585 Julius,
1441 2550 1460 2580 6
1484 2552 1593 2584 lettres,
1619 2550 1688 2580 dont
1714 2551 1732 2580 2
