1884 2823
921 155 963 191 —
994 155 1040 192 12
1071 176 1113 181 —

380 237 578 281 Bayonne.
601 255 642 260 —
663 235 704 270 L.
732 247 766 270 a.
799 246 828 270 s.
862 238 884 270 à
915 236 1088 281 Stéphen
1121 236 1167 270 de
1200 237 1237 271 la
1266 236 1500 279 Madeleine,
1538 240 1546 271 1
1585 248 1617 282 p.
1652 237 1748 274 in-8.

376 282 541 316 Curieuse.
1665 283 1677 315 1
1706 284 1750 317 50

314 327 352 361 12
375 325 511 369 Batta
530 324 680 369 (Alex.),
700 323 855 358 célèbre
876 324 1167 359 violoncelliste
1188 327 1228 359 et
1247 325 1525 369 compositeur.
1542 345 1583 350 —
1597 325 1639 359 L.
1662 336 1695 360 a.
1717 337 1747 361 s.

377 369 399 403 à
418 368 592 413 Stéphen
614 368 660 402 de
681 368 719 402 la
739 367 981 409 Madeleine,
1005 370 1044 403 12
1063 368 1157 403 août
1180 370 1277 410 1856,
1301 371 1311 403 1
1337 379 1372 413 p.
1397 371 1457 411 1/2
1476 369 1570 404 in-8.
1662 372 1683 405 3
1731 383 1746 402 »

315 415 353 450 13
376 414 566 455 Bataille
585 412 882 456 (Ch.-Amable),
903 412 1057 447 célèbre
1083 412 1278 447 chanteur
1298 413 1343 447 de
1376 412 1748 458 l’Opéra-Comique,

377 456 692 493 néàNantes.—
708 456 748 490 L.
764 468 797 491 a.
810 467 840 491 s.
853 457 876 491 à
889 457 1059 501 Stéphen
1076 456 1122 491 de
1138 456 1176 491 la
1187 457 1422 498 Madeleine,
1442 460 1452 491 1
1472 468 1506 501 p.
1520 457 1615 492 in-8.
1664 460 1684 492 2
1731 471 1747 489 >»

314 504 353 538 14
376 502 726 544 Beaumarchais
738 501 876 544 (Caron
890 501 963 551 de),
977 501 1162 535 l’illustre
1178 503 1323 536 auteur
1337 501 1388 536 du
1402 504 1552 545 Mariage
1563 503 1603 536 de
1615 504 1747 544 Figaro.

378 566 418 571 —
437 546 480 581 L.
503 557 547 585 s.,
568 556 661 580 avec
682 556 758 580 une
779 547 1001 580 correction
1030 547 1070 579 et
1097 545 1197 580 trois
1217 545 1346 590 lignes
1374 547 1523 590 autog.,
1556 546 1579 580 à
1607 546 1658 580 M.
1689 546 1747 580 Du

380 590 550 633 Portail;
572 589 699 631 Paris,
721 592 764 625 30
784 600 870 624 nov.
896 591 992 631 1791,
1012 592 1033 624 3
1052 599 1087 634 p.
1109 589 1205 624 in-4.
1660 593 1681 624 8
1729 603 1745 621 »

404 635 545 665 Curieuse
562 634 644 666 lettre
661 635 782 665 relative
801 636 817 664 à
836 635 888 664 des
910 634 993 664 fusils
1010 634 1197 665 commandés
1211 642 1246 664 en
1264 635 1433 671 Angleterre
1452 642 1525 672 pour
1540 635 1566 663 la
1586 635 1706 664 France.
1730 635 1750 665 Il

377 675 458 712 signe,
475 674 482 704 :
508 674 617 703 Caron
648 672 912 710 Beaumarchais,
932 672 1036 703 soldat
1058 675 1180 710 citoyen
1207 673 1245 703 de
1274 672 1304 703 la
1331 675 1517 713 compagnie
1540 672 1751 710 Taillandier,

376 713 494 743 section
511 713 548 743 de
566 711 599 742 la
618 721 676 743 rue
690 713 726 742 de
744 711 926 743 Montreuil.

316 753 353 789 15
376 752 647 795 Beauvillier
672 750 810 795 (Marie
839 750 1124 794 de),maîtresse
1157 750 1203 785 de
1230 750 1354 784 Henri
1386 751 1450 786 IV.
1470 771 1511 776 —
1533 751 1640 789 Quit.
1673 750 1749 796 sig.

377 806 445 831 sur
465 795 586 835 vélin,
608 795 757 829 comme
778 795 919 829 Abbesse
931 796 970 829 de
984 797 1198 829 Montmartre
1201 821 1210 837 ,
1226 797 1268 829 25
1282 796 1381 844 sept.
1399 797 1494 837 1635,
1510 797 1617 829 cach.
1665 797 1685 829 2
1733 808 1748 826 »

315 842 353 876 16
375 838 766 883 Béguillet(Edme),
779 839 932 873 célébré
948 849 1175 883 agronome,
1191 838 1386 873 historien
1399 839 1444 873 de
1460 839 1498 874 la
1512 839 1749 884 Bourgogne

377 885 417 919 et
437 885 483 918 de
511 883 637 918 Paris.
657 904 699 908 —
719 883 762 919 L.
793 894 826 918 a.
857 893 887 917 s.
918 883 940 917 à
970 883 1108 918 Haller
1134 883 1214 925 fils;
1246 882 1378 928 Dijon,
1413 886 1508 925 1778,
1541 886 1561 919 3
1589 894 1624 928 p.
1658 883 1749 925 in-4,

377 928 528 963 cachet.
550 927 733 963 Relative
754 928 776 961 à
794 938 854 962 ses
874 938 1083 972 ouvrages.
1665 930 1684 961 7
1733 940 1749 959 »

316 974 350 1009 17
376 973 619 1016 Béranger,
641 973 676 1007 le
697 972 850 1006 célèbre
872 971 1250 1006 chansonnier.—L.
1272 981 1305 1005 a.
1327 972 1402 1015 sig.
1423 974 1477 1013 U.,
1493 972 1514 1005 à
1533 972 1585 1006 M.
1607 971 1753 1006 Fabre-

378 1019 553 1061 guettes,
578 1019 589 1050 1
615 1026 650 1061 p.
673 1017 765 1051 in-8.
1666 1018 1686 1051 2
1710 1018 1753 1051 50

313 1064 351 1097 18
376 1061 547 1105 Berlioz
566 1061 751 1105 (Hector),
773 1060 934 1095 illustre
956 1060 1237 1105 compositeur.
1259 1079 1301 1084 —
1320 1059 1362 1093 L.
1385 1070 1418 1094 a.
1435 1070 1465 1094 s.
1482 1060 1504 1094 à
1518 1059 1691 1105 Stéphen
1706 1059 1753 1094 de

378 1106 417 1141 la
436 1104 679 1149 Madeleine;
701 1108 744 1139 25
763 1105 858 1139 août
880 1106 976 1147 1862,
996 1107 1017 1139 2
1035 1113 1074 1151 p.
1096 1105 1191 1139 in-8.
1667 1106 1687 1139 3
1710 1106 1754 1139 50

404 1150 548 1181 Curieuse
563 1149 668 1189 épitre.
686 1150 706 1179 11
726 1150 751 1179 le
766 1149 909 1180 remercie
925 1150 993 1180 d'un
1009 1150 1108 1180 article
1126 1149 1268 1186 élogienx,
1290 1148 1336 1186 qui
1354 1149 1391 1178 lui
1410 1157 1425 1178 a
1450 1147 1501 1178 fait
1524 1149 1616 1186 grand
1641 1149 1750 1187 plaisir.

380 1202 392 1215 »
415 1189 456 1219 Du
477 1189 582 1224 moins,
601 1189 688 1224 dit-il,
706 1191 806 1219 autant
823 1197 879 1226 que
898 1189 996 1227 puisse
1012 1196 1056 1218 me
1073 1189 1143 1219 faire
1165 1187 1264 1226 plaisir
1283 1196 1338 1218 une
1355 1195 1465 1226 preuve
1482 1187 1628 1224 d’amitié,
1654 1195 1704 1218 car
1724 1189 1755 1226 je

377 1229 495 1259 deviens
514 1229 549 1258 de
564 1229 630 1266 plus
652 1236 685 1258 en
710 1228 774 1266 plus
794 1227 955 1258 indifférent
973 1236 988 1257 a
1010 1230 1083 1258 tout.
1114 1229 1168 1258 Les
1194 1227 1331 1257 douleurs
1357 1227 1516 1265 physiques
1545 1227 1752 1264 m’exténuent,

378 1267 552 1298 l’isolement
566 1270 594 1296 et
609 1267 714 1297 l’ennui
732 1267 916 1301 m’écrasent,
935 1271 962 1297 et
976 1267 1005 1305 je
1020 1267 1149 1304 n’aspire
1167 1267 1232 1303 plus
1251 1266 1317 1303 qu’à
1337 1268 1411 1296 m'en
1430 1266 1501 1296 aller
1524 1267 1582 1296 vite
1606 1273 1641 1296 en
1664 1269 1752 1300 terre,

378 1314 490 1337 comme
509 1306 727 1344 Marlborough,
746 1314 814 1335 sans
830 1307 924 1335 même
937 1306 998 1336 être
1012 1306 1095 1343 porté
1113 1312 1224 1336 comme
1239 1306 1277 1335 lui
1298 1313 1350 1343 par
1369 1305 1657 1341 qualre-z-ofticiers.
1680 1317 1692 1331 -

315 1348 352 1381 19
379 1346 608 1388 Bienaimé
628 1344 913 1388 (Paul-Emile),
936 1343 1129 1379 musicien
1155 1346 1194 1379 et
1226 1343 1506 1388 compositeur,
1528 1344 1755 1388 professeur

377 1400 425 1423 au
446 1389 763 1430 Conservatoire,
785 1386 927 1422 maître
948 1388 995 1422 de
1014 1388 1191 1440 chapelle
1213 1387 1258 1422 de
1281 1388 1542 1423 Notre-Dame
1564 1387 1610 1422 de
1625 1388 1752 1423 Paris.

377 1453 418 1458 —
438 1433 480 1467 L.
502 1444 536 1467 a.
558 1443 586 1468 s.
611 1433 632 1467 à
651 1433 824 1478 Stéphen
846 1432 893 1466 de
914 1432 953 1467 la
972 1432 1207 1474 Madeleine,
1231 1434 1326 1474 1829,
1351 1435 1362 1466 1
1388 1443 1423 1477 p.
1448 1433 1509 1475 1/2
1529 1432 1621 1466 in-8.
1672 1435 1683 1466 î
1713 1435 1755 1467 50

311 1480 353 1514 20
375 1478 566 1520 Bitaubé
578 1477 717 1521 (P.-J.),
734 1476 889 1511 célèbre
901 1476 1128 1519 helléniste,
1138 1476 1374 1511 traducteur
1382 1477 1521 1511 estimé
1533 1475 1754 1519 d’Homère,

378 1522 425 1556 de
446 1521 655 1557 l’Institut.
677 1541 718 1546 —
738 1521 780 1556 L.
803 1532 836 1556 a.
858 1532 888 1557 s.
921 1521 943 1555 à
968 1521 1151 1556 Treuttel
1180 1522 1219 1556 et
1250 1520 1409 1564 Wurtz;
1440 1520 1568 1563 Paris,
1596 1523 1617 1556 3
1647 1522 1754 1556 vent,

380 1576 429 1600 an
452 1566 538 1608 XII,
563 1568 574 1600 1
599 1576 635 1611 p.
658 1566 750 1600 in-4.
1669 1567 1690 1599 4
1737 1578 1752 1596 »

407 1612 501 1641 Toute
521 1611 640 1641 relative
658 1613 672 1640 à
687 1612 712 1640 la
735 1610 909 1648 publication
925 1611 960 1641 de
977 1610 1025 1641 ses
1041 1610 1185 1641 OEuvres
1203 1610 1378 1655 complètes.

312 1652 350 1687 21
377 1649 581 1694 Bohmer,
607 1649 788 1694 joaillier
813 1648 858 1683 de
886 1649 925 1684 la
952 1659 1060 1691 cour,
1082 1649 1148 1694 qui
1169 1649 1309 1684 vendit
1326 1649 1362 1684 le
1378 1649 1537 1683 fameux
1552 1647 1693 1682 collier
1708 1648 1754 1682 de

380 1694 418 1729 la
438 1693 562 1728 reine.
583 1713 626 1719 —
646 1693 762 1728 Pièce
783 1693 873 1738 sig.,
898 1695 993 1736 1777,
1018 1696 1029 1727 1
1054 1703 1089 1738 p.
1111 1693 1203 1729 in-f.
1667 1695 1689 1727 5
1737 1705 1752 1724 »

406 1739 599 1769 Ordonnance
618 1739 652 1768 de
669 1740 812 1776 paiement
832 1738 888 1777 sig.
908 1739 945 1768 du
963 1741 1056 1769 comte
1075 1739 1109 1769 de
1124 1739 1272 1769 Provence
1288 1739 1386 1777 (Louis
1404 1737 1523 1775 XVIII),
1546 1738 1582 1768 de
1597 1738 1625 1767 la
1644 1744 1755 1768 somme

378 1778 415 1808 de
430 1777 542 1813 50,000
561 1777 586 1808 fr
620 1785 693 1816 pour
715 1777 858 1808 diamants
884 1778 995 1808 fournis
1023 1786 1058 1808 au
1082 1777 1180 1815 prince
1209 1787 1260 1816 par
1290 1778 1427 1814 Bohmer,
1451 1777 1498 1814 qui
1530 1785 1545 1806 a
1576 1776 1671 1807 donné
1703 1785 1755 1807 son

381 1817 477 1854 acquit
491 1825 526 1846 au
546 1817 612 1851 dos,
629 1824 663 1846 en
682 1816 798 1853 signant
819 1816 824 1846 :
847 1816 980 1846 Bohmer
1001 1819 1029 1846 et
1047 1816 1144 1856 Comp
1147 1823 1158 1836 e
1164 1841 1170 1848 .

311 1858 353 1891 22
376 1855 980 1899 Boissy-d’Anglas(F.-Ant.),
994 1855 1148 1890 célèbre
1159 1854 1481 1896 conventionnel,
1492 1854 1538 1889 de
1547 1853 1755 1897 l’Institut,

378 1899 426 1934 né
459 1899 556 1934 dans
577 1899 796 1934 l’Ardèche.
818 1920 860 1925 —
881 1899 923 1935 L.
946 1910 979 1934 a.
1001 1910 1031 1934 s.
1053 1900 1074 1934 à
1092 1899 1275 1934 Treuttel
1295 1901 1335 1934 et
1354 1899 1508 1941 Wurtz,
1540 1901 1637 1941 1818,
1672 1901 1683 1933 1
1719 1909 1754 1944 p.

381 1944 476 1978 in-8.
1668 1945 1690 1978 3
1737 1957 1753 1975 »

405 1989 537 2019 Relative
556 1990 573 2019 à
588 1989 615 2018 la
637 1988 814 2027 publication
834 1989 870 2019 de
888 1988 941 2019 son
958 1988 1056 2019 Essai
1074 1996 1132 2018 sur
1146 1987 1179 2018 la
1194 1989 1256 2025 vie,
1276 1988 1318 2018 les
1334 1987 1429 2018 écrits
1442 1990 1472 2018 et
1489 1987 1534 2019 les
1554 1987 1705 2027 opinions
1720 1988 1757 2018 de

366 2039 369 2050 >
377 2027 599 2058 Malesherbes.

311 2068 353 2102 23
376 2068 645 2111 Bonaparte,
679 2065 842 2111 général
879 2076 928 2100 en
966 2065 1059 2100 chef
1085 2066 1130 2100 de
1170 2065 1328 2101 l’armée
1359 2066 1564 2111 d’Egvpte.
1584 2085 1626 2091 —
1646 2065 1756 2101 Belle

377 2110 486 2156 pièce
508 2110 599 2155 sig.,
620 2110 789 2145 relative
810 2111 832 2144 à
851 2110 1113 2153 l’armement,
1135 2121 1183 2145 au
1211 2110 1338 2152 Caire,
1372 2110 1418 2145 de
1450 2121 1554 2145 aeux
1585 2109 1756 2146 chebeks

376 2156 417 2190 et
442 2154 559 2189 d’une
592 2156 788 2199 corvette;
822 2155 1054 2200 quart.-gén
1057 2156 1082 2177 al
1103 2155 1154 2190 du
1175 2154 1303 2197 Caire,
1328 2157 1366 2190 14
1385 2155 1504 2190 fruct.
1525 2165 1574 2189 an
1592 2154 1659 2197 VI,
1683 2157 1695 2189 1
1720 2165 1755 2200 p.

378 2199 484 2241 in-f.,
504 2199 700 2244 vignette.
1669 2201 1690 2233 6
1739 2212 1755 2230 »

310 2245 352 2278 24
375 2245 630 2287 Bonaparte
651 2243 698 2287 (le
721 2243 856 2287 prince
877 2243 1044 2287 Pierre),
1071 2243 1226 2278 traduit
1256 2243 1403 2278 devant
1431 2244 1470 2278 la
1500 2243 1758 2279 Haute-Cour

376 2298 477 2333 pour
497 2288 532 2322 le
554 2290 731 2322 meurtre
753 2287 799 2322 de
820 2287 960 2322 Victor
979 2287 1092 2322 Noir.
1112 2308 1154 2313 —
1173 2287 1216 2322 L.
1238 2298 1273 2323 a.
1295 2299 1340 2331 s.,
1364 2290 1376 2322 1
1400 2298 1436 2333 p.
1458 2287 1549 2323 in-8.
1671 2290 1692 2322 4
1740 2301 1755 2320 >*

309 2335 352 2368 25
376 2336 631 2375 Bonaparte
667 2331 804 2376 (Marie
841 2331 888 2367 de
927 2333 1030 2367 Solms
1033 2333 1061 2376 ),
1101 2332 1244 2367 femme
1293 2331 1472 2374 célèbre,
1518 2333 1661 2378 épouse
1710 2332 1756 2367 de

376 2376 427 2411 M.
450 2376 641 2412 Rattazzi.
663 2396 706 2401 —
724 2376 768 2411 L.
790 2387 824 2411 a.
846 2386 877 2411 s.
891 2389 900 2421 ;
922 2376 1145 2420 Bruxelles,
1165 2379 1209 2412 25
1229 2377 1345 2419 avril,
1366 2379 1387 2412 3
1406 2387 1442 2422 p.
1464 2377 1560 2412 in-8.
1592 2376 1654 2412 Un
1682 2387 1756 2422 peu

375 2420 568 2466 fatiguée,
590 2421 690 2456 mais
709 2420 910 2455 curieuse.
1670 2423 1691 2455 2
1738 2434 1754 2453 »

309 2466 351 2499 26
374 2466 582 2509 Bourbon
603 2465 791 2509 (Charles,
812 2464 991 2500 cardinal
1012 2464 1086 2510 de),
1109 2465 1354 2511 archevêque
1375 2466 1421 2500 de
1440 2465 1600 2508 Rouen,
1629 2464 1689 2499 roi
1710 2465 1756 2500 de

375 2509 413 2544 la
431 2509 575 2555 Ligue,
596 2520 687 2544 sous
708 2509 743 2544 le
765 2520 855 2544 nom
877 2509 923 2545 de
944 2511 1078 2545 Charles
1102 2512 1140 2545 X.
1161 2530 1202 2535 —
1222 2510 1339 2545 Pièce
1369 2509 1444 2553 sig.
1476 2509 1522 2544 de
1554 2509 1612 2545 lui
1640 2510 1681 2544 et
1710 2509 1756 2544 de

374 2553 501 2589 Marie
522 2554 568 2588 de
590 2554 740 2597 Clèves,
762 2553 933 2589 relative
954 2565 1004 2589 au
1027 2554 1197 2590 vicomté
1212 2554 1258 2589 de
1278 2554 1637 2597 Saint-Florentin,
1660 2555 1757 2597 1572,

375 2597 482 2641 in-f.,
502 2598 625 2633 vélin.
1668 2601 1689 2633 2
1714 2600 1757 2634 50
