1858 2898
911 197 952 203 -
983 176 1005 213 3
1035 197 1076 203 -

272 284 371 311 assez
388 274 484 317 cher,
509 273 581 311 500
602 273 718 310 francs
735 285 743 317 ;
769 273 848 322 puis
869 284 941 312 une
960 273 1004 311 de
1024 273 1204 319 Rabelais,
1218 285 1290 311 une
1299 273 1343 311 de
1371 274 1516 321 Racine,
1544 278 1564 313 à
1580 275 1651 314 200
1669 277 1712 314 fr.

272 323 421 372 chaque.
453 338 466 356 »
498 321 652 360 Suivant
675 323 708 360 la
727 322 884 365 défense,
910 323 1020 361 Lucas
1051 323 1167 361 aurait
1200 324 1256 361 été
1288 325 1414 362 amené
1445 325 1580 373 malgré
1617 325 1663 362 lui
1694 328 1715 362 k

273 373 407 410 vendre
422 372 485 410 des
504 372 622 420 pièces
642 373 777 410 fausses
792 374 814 410 à
833 372 880 411 M.
899 371 1059 411 Chasles.
1077 373 1172 409 Dans
1189 372 1220 410 le
1233 380 1541 412 commencement
1557 375 1602 412 de
1621 374 1716 412 leurs

272 422 458 462 relations,
484 422 504 458 il
529 433 574 459 ne
594 422 641 459 lui
665 422 783 460 aurait
803 422 913 460 remis
930 434 999 471 que
1019 421 1082 459 des
1100 422 1340 471 autographes
1360 423 1626 472 authentiques.
1659 423 1715 461 Un

270 470 363 519 jour,
388 471 411 508 il
429 472 547 508 aurait
569 471 676 509 laissé
702 471 839 509 tomber
860 471 907 509 de
931 483 995 510 son
1026 471 1253 520 portefeuille
1287 482 1356 509 une
1386 473 1483 521 pièce
1504 473 1589 521 qu'il
1611 472 1717 510 cher¬

273 519 372 557 chait
409 522 430 557 à
464 520 681 559 dissimuler.
722 520 767 558 M.
805 519 954 559 Chasles
988 522 1018 558 la
1055 532 1225 558 ramassa.
1253 521 1383 559 C’était
1418 533 1487 559 une
1507 522 1610 560 lettre
1631 521 1716 558 d’un

275 580 499 618 personnage
519 569 672 614 illustre,
695 569 879 617 fabriquée
899 583 963 619 par
986 571 1110 608 Lucas.
1138 569 1185 608 M.
1217 570 1363 608 Chasles
1382 571 1504 609 voulut
1524 571 1715 616 l’acheter,

273 625 309 656 et
328 630 466 657 comme
484 619 507 656 il
528 619 575 656 lui
598 619 649 657 fut
679 621 839 668 répondu
867 620 998 669 qu’elle
1020 619 1146 657 n’était
1167 631 1229 668 pas
1248 622 1268 657 à
1290 620 1436 664 vendre,
1471 621 1493 657 il
1525 621 1653 659 insista
1675 619 1719 657 de

276 667 356 716 plus
372 668 461 706 belle
487 674 522 706 et
545 668 702 706 l’obtint.
726 669 772 706 Le
791 673 917 708 succès
938 669 981 707 de
1002 680 1044 707 ce
1069 670 1220 718 manège
1253 670 1363 707 serait
1399 669 1430 707 le
1462 669 1573 708 début
1602 671 1646 708 de
1685 670 1718 706 la

275 717 410 764 grande
429 718 632 766 entreprise
657 718 702 756 de
735 718 859 756 Lucas.

327 767 572 806 Provenance.
597 788 635 796 —
674 768 718 805 M.
747 767 908 810 Chasles,
949 767 1040 805 dans
1068 779 1107 805 sa
1134 768 1352 817 déposition,
1376 775 1543 818 rapporte
1566 770 1658 808 ainsi
1690 771 1722 810 le

275 823 381 854 conte
402 828 473 867 que
495 818 542 854 lui
563 818 659 856 avait
682 817 746 855 fait
768 818 879 855 Lucas
898 830 904 854 :
942 832 959 852 «
982 818 1083 855 Cette
1106 816 1311 859 collection,
1347 830 1404 855 ane
1425 818 1598 866 disait-il,
1620 823 1718 860 avait

275 866 332 903 été
351 866 484 905 formée
504 879 567 916 par
586 868 613 904 M
655 867 686 905 le
702 872 817 905 comte
836 867 880 904 de
908 866 1169 914 Boisjourdain,
1199 867 1274 916 qui,
1298 867 1479 914 émigrant
1499 879 1543 906 en
1572 869 1663 907 1791
1688 878 1724 909 et

279 921 425 962 passant
447 927 490 954 en
518 917 720 965 Amérique,
745 916 843 954 avait
879 916 943 953 fait
975 916 1148 964 naufrage
1168 923 1199 954 et
1222 917 1322 955 avait
1356 918 1445 965 péri,
1469 918 1558 956 mais
1578 930 1618 957 sa
1645 921 1722 957 col¬

279 965 409 1004 lection
443 966 540 1003 avait
570 968 627 1004 été
657 967 808 1013 sauvée;
832 977 903 1003 une
927 966 1040 1014 partie
1056 965 1254 1003 seulement
1272 966 1369 1003 avait
1392 969 1447 1004 été
1469 968 1727 1017 endommagée

279 1027 343 1063 par
367 1016 470 1059 l’eau,
491 1016 580 1053 mais
600 1016 748 1066 pouvait
764 1027 895 1054 encore
915 1028 953 1053 se
976 1014 1156 1053 vendre.»
1186 1015 1213 1053 Il
1235 1015 1355 1065 ajoute
1379 1029 1385 1053 :
1416 1031 1433 1052 «
1454 1016 1501 1054 M.
1531 1017 1640 1057 Lucas
1670 1031 1726 1059 me

278 1071 428 1103 raconta
462 1077 510 1103 un
538 1066 619 1115 jour
652 1077 722 1115 que
756 1065 862 1103 Louis
890 1065 987 1109 XVI,
1014 1066 1074 1113 qui
1099 1066 1187 1103 était
1221 1065 1316 1103 aussi
1341 1078 1389 1103 un
1422 1066 1722 1113 collectionneur,

278 1114 427 1163 n’ayant
443 1115 522 1165 plus
544 1116 574 1152 le
592 1121 708 1165 temps
727 1115 771 1153 de
801 1118 986 1164 s’occuper
1017 1113 1060 1152 de
1096 1127 1135 1152 sa
1164 1115 1367 1160 collection,
1399 1116 1498 1153 avait
1519 1120 1657 1167 envoyé
1679 1130 1723 1156 au

279 1164 393 1211 grand
421 1164 717 1213 collectionneur,
748 1165 791 1202 M.
820 1165 852 1202 le
879 1170 996 1202 comte
1023 1163 1068 1201 de
1098 1164 1362 1213 Boisjourdain,
1380 1165 1461 1214 cinq
1483 1177 1525 1203 ou
1547 1166 1602 1204 six
1627 1167 1725 1205 mille

281 1213 398 1261 pièces
424 1214 492 1251 fort
516 1214 707 1252 curieuses.
727 1229 742 1248 »
767 1214 863 1251 C'est
875 1214 908 1251 la
929 1213 1106 1263 première
1124 1213 1189 1251 fois
1205 1225 1275 1263 que
1296 1214 1327 1252 le
1341 1226 1423 1252 nom
1447 1215 1491 1252 de
1514 1215 1621 1253 Louis
1641 1216 1722 1254 XVI

279 1269 333 1300 est
350 1263 421 1301 cité
437 1275 482 1301 en
502 1269 594 1301 cette
611 1263 744 1301 affaire.
775 1263 821 1300 M.
853 1263 999 1301 Chasles
1019 1273 1040 1300 a
1067 1275 1109 1300 eu
1139 1269 1210 1301 tort
1245 1263 1290 1300 de
1321 1275 1366 1301 ne
1385 1275 1448 1313 pas
1485 1264 1516 1301 le
1545 1264 1625 1303 dire
1647 1267 1726 1315 plus

281 1313 332 1349 tôt
349 1325 356 1356 ;
379 1324 440 1351 car
460 1313 566 1350 Louis
581 1312 663 1350 XVI
683 1313 776 1351 n’est
791 1324 853 1361 pas
867 1313 896 1349 si
916 1312 987 1350 loin
1003 1311 1048 1350 de
1065 1324 1154 1350 nous
1170 1324 1241 1362 que
1264 1312 1334 1350 l’on
1355 1313 1443 1350 naît
1464 1325 1507 1361 pu
1525 1314 1727 1365 s’enquérir

275 1361 422 1411 jusqu’k
439 1362 519 1411 quel
543 1362 643 1411 point
672 1363 695 1399 il
730 1364 818 1400 était
849 1362 998 1410 possédé
1030 1361 1075 1398 du
1103 1363 1192 1409 goût
1215 1361 1277 1399 des
1292 1363 1545 1411 autographes,
1569 1370 1604 1402 et
1623 1376 1724 1402 com¬

281 1418 392 1453 ment,
415 1417 577 1449 amateur
590 1412 726 1461 jaloux,
765 1412 785 1449 il
804 1412 901 1448 avait
920 1411 1079 1448 recueilli
1105 1411 1160 1448 six
1183 1411 1281 1449 mille
1302 1412 1419 1460 pièces
1440 1413 1622 1451 curieuses
1640 1426 1725 1452 sans

279 1472 324 1497 en
345 1461 432 1498 faire
453 1467 530 1510 part
549 1465 569 1499 à
585 1473 642 1498 ses
666 1462 769 1503 amis,
795 1462 903 1499 sinon
923 1464 942 1497 à
964 1471 1005 1497 ce
1038 1460 1179 1498 fortuné
1198 1461 1243 1498 de
1278 1461 1536 1510 Boisjourdain,
1569 1465 1589 1500 à
1611 1464 1671 1512 qui
1702 1464 1724 1500 il

279 1510 375 1547 avait
393 1510 513 1548 donné
534 1510 565 1547 le
585 1509 662 1548 bloc
697 1510 774 1547 Non
799 1523 804 1546 :
832 1510 876 1547 VI.
898 1508 1045 1548 Chasles
1064 1508 1199 1546 n’avait
1215 1511 1334 1548 donné
1348 1522 1417 1559 que
1437 1511 1486 1547 les
1505 1511 1670 1560 énigmes
1682 1512 1727 1551 de

283 1560 395 1596 Lucas
411 1560 460 1597 les
475 1560 552 1609 plus
563 1559 730 1597 difficiles
742 1562 762 1597 èt
778 1558 1010 1602 débrouiller,
1025 1561 1046 1596 à
1059 1569 1163 1596 cause
1176 1558 1220 1596 de
1235 1559 1502 1609 l’éloignement
1517 1560 1580 1598 des
1596 1568 1724 1612 temps.

280 1607 411 1646 C’était
433 1608 581 1646 d’abord
612 1608 657 1646 de
695 1609 975 1646 Desmainseaux
1008 1615 1043 1645 et
1075 1608 1118 1645 de
1153 1608 1336 1646 Blondeau
1365 1608 1408 1646 de
1429 1608 1619 1659 Chaînage
1655 1623 1726 1659 que

281 1660 404 1696 venait
425 1659 458 1695 la
473 1658 676 1702 collection,
703 1658 783 1706 puis
796 1657 841 1696 de
863 1658 967 1696 Louis
980 1657 1078 1699 XIII,
1105 1658 1208 1695 Louis
1223 1658 1318 1701 XIV,
1346 1659 1375 1695 M
1382 1666 1432 1681 m,s
1450 1658 1493 1696 de
1513 1659 1722 1700 Mainlenon

277 1713 313 1746 et
331 1708 375 1746 de
407 1707 646 1755 Pompadour.
684 1707 777 1745 Pour
812 1707 862 1744 les
883 1707 1001 1756 pièces
1020 1706 1257 1751 anciennnes,
1284 1708 1315 1745 le
1333 1707 1618 1747 collectionneur
1633 1710 1725 1748 était

280 1757 406 1795 maître
425 1757 595 1805 François
616 1757 781 1795 Rabelais
801 1768 808 1793 :
827 1757 903 1794 cela
926 1767 964 1794 se
983 1756 1189 1805 comprend.

328 1806 377 1844 La
404 1817 546 1844 passion
572 1807 615 1844 de
645 1806 691 1844 M.
721 1806 893 1844 Chasles.
919 1827 962 1834 —
1001 1805 1092 1843 Tout
1123 1816 1163 1843 ce
1183 1817 1253 1855 que
1277 1806 1388 1843 Lucas
1411 1807 1459 1844 lui
1483 1808 1677 1856 apportait,
1703 1809 1723 1845 il

281 1857 312 1893 le
333 1857 473 1901 prenait
497 1867 503 1892 :
540 1855 587 1895 M.
610 1855 757 1893 Chasles
778 1857 785 1893 l
802 1866 823 1895 a
848 1855 989 1893 déclaré
1016 1855 1107 1892 dans
1133 1854 1449 1903 l’interrogatoire,
1484 1856 1506 1893 il
1531 1868 1551 1893 a
1573 1857 1693 1906 ajouté
1713 1871 1719 1894 :

283 1922 296 1940 «
323 1906 377 1944 Un
394 1907 489 1955 jour,
507 1905 544 1955 je
566 1917 621 1943 me
656 1905 784 1949 fâchai,
806 1912 841 1942 et
868 1904 978 1953 j’allai
998 1904 1141 1953 jusqu'à
1167 1906 1199 1941 le
1225 1904 1351 1942 traiter
1386 1904 1430 1942 de
1465 1905 1604 1954 fripon;
1632 1907 1727 1944 mais

277 1955 343 1997 lui,
376 1967 462 1993 avec
492 1966 539 1992 un
566 1954 770 2004 sang-froid
801 1966 861 2003 qui
895 1954 1075 1991 m'étonne
1095 1954 1173 2002 plus
1195 1965 1325 1992 encore
1346 1954 1571 2003 aujourd’hui
1597 1967 1667 2005 que
1685 1957 1722 2005 je

279 2005 429 2042 connais
456 2004 635 2048 l'homme,
672 2005 695 2041 il
729 2015 784 2041 me
817 2003 987 2052 répondit
1021 2002 1294 2043 sérieusement,
1322 2009 1358 2041 et
1376 2010 1587 2052 gravement
1606 2017 1611 2041 :
1641 2020 1655 2038 «
1684 2006 1719 2042 Si

280 2066 367 2092 vous
387 2053 500 2092 n’êles
522 2065 584 2100 pas
604 2053 761 2091 satisfait
778 2052 822 2091 de
843 2053 925 2093 moi,
955 2052 1172 2090 rendez-moi
1199 2064 1272 2090 mes
1286 2052 1416 2100 pièces,
1436 2059 1471 2091 et
1486 2053 1522 2102 je
1540 2065 1626 2091 vous
1646 2066 1725 2093 ren¬

279 2103 355 2141 drai
391 2115 454 2142 vos
485 2102 645 2145 150,000
677 2103 808 2140 francs.
833 2115 851 2136 »
897 2101 982 2139 Cela
1007 2101 1046 2139 fit
1076 2100 1181 2139 l’effet
1214 2102 1301 2151 qu’il
1339 2102 1541 2140 attendait:
1577 2105 1597 2140 à
1632 2110 1727 2142 cette

280 2155 430 2203 époque,
453 2155 474 2190 à
492 2163 610 2190 aucun
637 2154 727 2201 prix,
750 2152 786 2202 je
809 2152 966 2189 n’aurais
987 2150 1092 2189 voulu
1113 2150 1242 2188 rendre
1268 2163 1342 2188 mes
1360 2151 1490 2201 pièces.
1518 2169 1530 2186 >.-
1575 2152 1724 2191 Passion

281 2208 316 2240 et
336 2202 397 2245 foi,
423 2202 445 2240 il
474 2213 498 2251 y
519 2207 615 2240 avait
639 2203 671 2239 là
692 2213 749 2239 ces
768 2201 859 2239 deux
879 2200 1016 2243 choses,
1039 2199 1101 2250 qui
1126 2207 1281 2249 peuvent
1308 2213 1347 2238 se
1376 2208 1588 2240 rencontrer
1620 2206 1727 2251 après

283 2258 362 2289 tout
380 2254 471 2289 dans
490 2263 539 2289 un
558 2256 698 2289 savant.

331 2301 459 2339 Besoin
480 2312 522 2338 de
543 2313 583 2339 la
603 2311 725 2339 cause.
744 2321 791 2327 —
810 2300 858 2337 Ce
887 2299 1012 2337 n'était
1033 2310 1095 2348 pas
1121 2310 1206 2336 sans
1225 2299 1345 2337 raison
1364 2310 1432 2349 que
1466 2299 1512 2337 M.
1549 2300 1723 2350 Faugère.

282 2357 417 2400 voyant
447 2352 607 2400 toujours
625 2351 763 2387 arriver
784 2348 830 2387 de
852 2349 1036 2387 nouvelles
1055 2348 1173 2398 pièces
1197 2360 1284 2397 pour
1302 2359 1461 2398 appuyer
1479 2349 1587 2387 celles
1605 2362 1665 2399 qui
1688 2362 1726 2388 se

282 2401 489 2437 trouvaient
518 2412 562 2437 en
584 2399 707 2437 défaut
725 2399 816 2436 dans
838 2399 888 2436 les
903 2397 1030 2436 débats
1051 2396 1095 2435 de
1118 2397 1350 2441 l’Académie,
1384 2399 1585 2446 prétendait
1617 2400 1727 2449 qu’on

285 2448 335 2486 les
359 2448 553 2498 fabriquait
573 2460 661 2498 pour
679 2449 728 2487 les
754 2448 901 2486 besoins
919 2447 963 2485 de
982 2448 1015 2485 la
1033 2458 1154 2492 cause,
1176 2453 1211 2484 et
1230 2458 1301 2497 que
1326 2448 1372 2485 M.
1395 2448 1591 2496 Leverrier,
1616 2449 1728 2486 s’ins¬

285 2498 404 2556 pirant
422 2499 466 2536 de
488 2499 520 2536 la
541 2498 655 2536 même
678 2500 822 2547 pensée,
843 2496 1050 2535 demandait
1061 2508 1130 2545 que
1154 2497 1200 2534 M.
1225 2497 1373 2535 Chasles
1392 2495 1539 2544 déposât
1576 2498 1607 2534 la
1652 2498 1729 2535 col¬

285 2534 417 2587 lection
437 2553 515 2586 tout
533 2549 683 2586 entière.
713 2548 778 2585 Les
800 2547 927 2585 débats
953 2546 1000 2584 du
1021 2547 1144 2596 procès
1180 2552 1244 2583 ont
1268 2546 1488 2595 pleinement
1511 2547 1649 2595 justifié
1669 2558 1728 2584 ces

285 2608 477 2648 soupçons.
516 2597 618 2635 Voici
638 2609 681 2635 en
706 2595 789 2634 effet
810 2608 851 2633 ce
882 2596 990 2646 qu’on
1011 2601 1136 2633 trouve
1154 2594 1245 2633 dans
1266 2596 1297 2634 le
1318 2596 1549 2645 réquisitoire
1571 2608 1577 2633 :
