1850 2885
277 179 337 212 No
364 179 431 213 25.

1338 179 1462 213 Mars
1486 180 1609 215 1870.

701 333 1167 399 REVUE

900 460 967 485 DES

218 542 1658 722 AUTOGRAPHES

402 803 476 847 DES
497 794 736 848 CURIOSITÉS
759 803 805 848 DE
826 803 1043 848 L’HISTOIRE
1066 805 1098 848 L
1118 803 1164 847 DE
1185 803 1227 847 LA
1248 803 1481 848 BIOGRAPHIE

858 916 999 947 MOIS,
1013 915 1150 944 SOUS
1169 916 1242 944 LA
1257 914 1546 943 DIRECTION
1567 914 1634 941 DE

657 1009 894 1042 GABRIEL
926 1009 1229 1043 GHARAVAY

330 1158 797 1193 ABONNEMENTS:
248 1222 896 1261 France, un an (12 Numéros) 3 fr.
249 1266 825 1310 Étranger .................. 4
1163 1160 1477 1187 BUREAUX:

985 1224 1051 1256 60,
1064 1232 1134 1252 rue
1148 1224 1632 1255 Saint-André-des-Arts,

1105 1276 1302 1300 Précédemment
1320 1276 1349 1298 »°
1366 1275 1409 1305 80,
1427 1276 1440 1299 !»
1456 1275 1537 1301 Parie.

605 1363 662 1396 UN
702 1357 894 1396 NUMÉRO
930 1374 935 1395 :
976 1363 1028 1396 25
1054 1364 1281 1396 CENTIMES

263 1507 472 1543 Sommaire
495 1520 502 1542 :
531 1509 561 1542 1.
580 1509 692 1542 Procès
718 1508 773 1542 des
798 1510 884 1550 faux
906 1509 1132 1552 autographes,
1162 1508 1283 1554 affaire
1312 1510 1554 1543 Vrain-Lucas.
1583 1528 1626 1533 —

306 1564 339 1596 2.
360 1563 532 1596 Collection
550 1563 667 1605 Joseph
684 1563 806 1605 Ajazzi
809 1565 864 1598 .—
874 1564 907 1598 3.
926 1563 1237 1606 Autographes
1249 1565 1276 1596 à
1284 1563 1386 1605 prix
1401 1564 1623 1606 marqués.

466 1686 686 1739 PROCÈS
727 1698 793 1738 DE
838 1697 972 1738 FAUX
1009 1697 1433 1739 AUTOGRAPHES.

665 1789 861 1828 AFFAIRE
889 1790 1211 1828 VRAIN-LUCAS

273 1875 547 1916 Vrain-Lucas,
589 1873 621 1910 le
641 1872 827 1919 faussaire,
851 1871 949 1910 avait
967 1873 1024 1910 été
1042 1873 1161 1910 arrêté
1181 1872 1213 1910 le
1234 1873 1257 1910 9
1276 1871 1481 1922 septembre
1509 1871 1666 1912 dernier.

227 1925 273 1962 La
291 1935 408 1963 masse
431 1924 476 1962 de
510 1924 544 1961 la
571 1921 763 1960 collection
796 1922 944 1970 acquise
975 1933 1037 1971 par
1069 1922 1115 1959 M.
1157 1921 1323 1964 Chasles,
1371 1933 1418 1958 au
1452 1921 1600 1959 nombre
1627 1924 1672 1962 de

224 1974 303 2023 plus
326 1974 371 2012 de
390 1972 527 2015 27,000
551 1973 683 2022 pièces,
721 1971 817 2008 avait
834 1973 892 2009 été
912 1973 1138 2019 transportée
1156 1974 1175 2008 à
1207 1972 1240 2008 la
1268 1970 1521 2020 Bibliothèque
1555 1971 1671 2021 impé¬

223 2024 326 2065 riale,
354 2030 390 2061 et
411 2023 572 2061 soumise
607 2024 628 2059 à
664 2019 868 2068 l’expertise
897 2020 942 2058 de
965 2019 1060 2059 deux
1090 2020 1228 2059 érudits
1246 2020 1463 2069 distingués,
1486 2020 1517 2056 M
1558 2020 1668 2059 Henri

227 2072 388 2115 Bordier,
413 2083 530 2111 connu
552 2082 615 2119 par
632 2081 689 2108 ses
706 2076 856 2107 travaux
876 2081 940 2107 sur
953 2069 1004 2107 les
1022 2069 1277 2119 autographes,
1294 2077 1329 2107 et
1352 2066 1399 2107 M.
1419 2068 1578 2112 Mabille,
1596 2081 1671 2108 em¬

225 2122 329 2171 ployé
348 2124 369 2160 à
392 2122 423 2159 la
444 2120 707 2168 Bibliothèque,
730 2119 985 2166 département
1005 2118 1069 2157 des
1090 2119 1318 2157 manuscrits.

278 2171 439 2209 L’affaire
463 2177 518 2208 est
537 2181 664 2211 venue,
695 2169 726 2206 le
749 2168 792 2205 16
811 2168 953 2211 février,
974 2179 1018 2206 au
1036 2169 1196 2206 tribunal
1211 2168 1471 2206 correctionnel
1496 2169 1540 2206 de
1555 2169 1670 2208 Paris,

225 2219 247 2256 6
250 2228 262 2244 e
282 2220 471 2262 chambre,
511 2218 675 2268 présidée
696 2229 759 2267 par
777 2218 824 2255 M.
844 2218 994 2261 Brunet,
1015 2218 1062 2255 M.
1084 2219 1235 2256 l’avocat
1250 2218 1412 2267 impérial
1434 2217 1598 2268 Fourchy
1616 2230 1674 2256 oc¬

224 2276 360 2318 cupant
393 2270 424 2307 le
454 2270 553 2317 siège
575 2269 620 2306 du
644 2267 834 2305 ministère
855 2266 988 2314 public.
1033 2267 1135 2305 Celte
1158 2270 1336 2317 première
1359 2267 1534 2305 audience
1559 2279 1580 2305 a
1618 2269 1675 2306 été

225 2320 417 2356 consacrée
440 2321 460 2356 à
493 2316 795 2366 l’interrogatoire
828 2316 876 2353 du
913 2318 1092 2364 prévenu,
1127 2320 1147 2354 à
1179 2315 1367 2354 l’audition
1399 2318 1462 2354 des
1502 2317 1670 2357 témoins,

227 2367 273 2405 M.
302 2368 453 2405 Chasles
467 2374 502 2406 et
524 2368 575 2405 les
593 2367 686 2404 deux
706 2372 863 2414 experts,
897 2372 933 2403 et
962 2376 1006 2403 au
1040 2366 1272 2415 réquisitoire
1291 2367 1334 2403 de
1350 2366 1399 2405 M
1426 2367 1578 2403 l’avocat
1603 2367 1673 2403 im¬

226 2417 355 2465 périal.
385 2415 411 2454 Il
435 2429 456 2466 y
476 2429 497 2454 a
516 2428 559 2454 eu
575 2416 706 2454 remise
724 2419 745 2453 h
765 2415 931 2453 huitaine
956 2426 1048 2465 pour
1075 2416 1253 2454 entendre
1275 2416 1308 2453 la
1324 2416 1472 2453 défense
1491 2423 1526 2452 et
1544 2412 1579 2453 lé
1595 2427 1676 2464 pro¬

228 2468 344 2504 noncé
363 2466 410 2503 du
430 2467 628 2515 jugement.

280 2517 306 2552 A
329 2515 529 2554 l’audience
547 2515 593 2552 du
617 2514 664 2552 23
681 2545 689 2562 ,
711 2514 744 2552 i\l
749 2521 762 2538 e
781 2513 919 2552 Horace
939 2513 1181 2560 Helbronner,
1202 2514 1311 2563 jeune
1333 2519 1460 2552 avocat
1486 2513 1675 2562 stagiaire,

229 2563 381 2613 désigné
400 2576 462 2614 par
480 2565 512 2602 le
531 2563 722 2602 bâtonnier
733 2564 778 2601 de
795 2555 938 2607 l'ordre,
959 2574 980 2600 a
997 2563 1148 2601 défendu
1167 2563 1281 2601 Lucas
1296 2563 1385 2601 dans
1400 2574 1470 2600 une
1486 2563 1678 2613 plaidoirie
