1876 2823
1012 165 1054 202 -
1083 165 1106 202 2

368 262 499 299 monde
521 262 601 311 plus
622 261 766 309 affable,
792 262 872 311 plus
892 261 1000 305 doux,
1024 263 1105 311 plus
1124 261 1378 312 parfaitement
1404 262 1487 300 bon.
1527 263 1574 300 Sa
1596 269 1695 311 perte
1715 275 1822 301 came

365 313 409 349 île
427 311 597 360 profonds
619 317 760 360 regrets
793 315 813 349 â
846 319 924 349 tous
943 324 1000 349 ses
1027 311 1225 354 confrères,
1248 311 1309 361 qui
1336 319 1399 349 ont
1427 312 1551 362 appris
1567 324 1606 350 sa
1628 319 1721 351 mort
1741 318 1821 363 trop

367 360 446 400 tard
465 374 555 412 pour
576 361 865 412 l’accompagner
883 364 904 398 à
917 373 956 399 sa
978 362 1148 401 dernière
1163 361 1344 400 demeure.

417 528 516 566 Nous
537 539 648 565 avons
675 528 771 565 aussi
790 527 822 565 le
842 533 962 574 regret
981 526 1202 565 d’annoncer
1223 528 1254 564 la
1272 533 1379 574 mort,
1403 527 1562 575 pendant
1597 528 1627 565 le
1659 529 1759 576 siège
1779 527 1823 565 de

367 577 483 621 Paris,
509 578 554 615 de
589 577 681 615 deux
716 583 839 615 autres
869 583 1054 615 amateurs
1077 576 1372 626 d’autographes,
1414 578 1495 615 bien
1519 589 1660 614 connus
1682 578 1725 615 de
1759 589 1823 616 nos

368 627 546 665 lecteurs:
571 627 602 665 M
645 626 888 668 Dumouchel,
911 624 979 674 âgé
997 627 1040 664 de
1074 627 1156 675 près
1185 626 1229 663 de
1258 626 1305 664 90
1333 638 1413 674 ans,
1436 634 1470 665 et
1505 627 1644 665 devenu
1670 638 1823 677 presque

362 678 534 726 aveugle;
576 677 622 714 M.
663 677 808 714 Gilbert
816 707 822 720 ,
856 687 973 713 connu
1013 688 1075 724 par
1109 687 1165 714 ses
1200 682 1348 714 travaux
1380 689 1442 714 sur
1488 677 1754 726 Vauvenargue
1787 684 1823 715 et

368 727 415 764 La
433 725 741 770 Rochefoucauld,
783 727 919 764 lauréat
939 726 983 764 de
1021 725 1239 764 l’Académie
1272 726 1464 774 française,
1500 734 1533 765 et
1566 727 1656 765 dont
1679 727 1712 764 la
1733 726 1826 765 belle

366 777 556 814 collection
578 776 860 825 d’autographes
876 777 972 813 avait
992 777 1048 813 été
1067 776 1209 813 vendue
1230 787 1300 813 aux
1321 776 1497 814 enchères
1517 788 1561 814 en
1585 777 1695 815 186o.

543 949 939 1011 LETTRES
989 949 1647 1011 AUTOGRAPHES

828 1058 864 1082 A.
890 1059 1039 1083 PIITX
1070 1051 1352 1088 MAUQUÉS

497 1130 553 1164 En
613 1131 730 1163 vente
781 1128 871 1163 chez
924 1129 1103 1163 Gabriel
1152 1129 1458 1162 GHARAVAY
1472 1154 1479 1169 ,
1527 1132 1691 1173 expert,

761 1198 831 1223 rue
858 1188 1346 1231 Saint-André-des-Arts,
1372 1190 1428 1223 60.

408 1280 418 1311 1
447 1276 790 1317 Abd-el-Kader,
814 1276 848 1310 le
878 1275 1033 1310 célèbre
1064 1275 1166 1310 émir
1196 1276 1242 1310 de
1273 1276 1472 1320 l’Algérie.
1495 1296 1536 1301 —
1556 1276 1598 1311 L.
1630 1288 1664 1312 a.
1698 1288 1743 1319 s.,
1776 1288 1823 1312 en

452 1321 583 1363 arabe,
605 1331 698 1354 avec
718 1330 786 1354 son
807 1320 958 1361 cachet,
984 1323 993 1354 1
1020 1331 1053 1365 p.
1077 1320 1169 1355 in-8.
1739 1325 1761 1357 5
1809 1335 1825 1353 »

480 1367 562 1397 Oltc
586 1365 675 1403 pièce,
697 1367 743 1403 qui
775 1366 869 1395 taisait
888 1367 980 1404 partie
1003 1366 1038 1395 de
1069 1366 1094 1395 la
1123 1365 1271 1395 collection
1300 1365 1335 1395 de
1356 1366 1392 1394 M.
1422 1365 1514 1403 Genly
1535 1366 1570 1395 de
1589 1366 1694 1403 Bussy,
1726 1367 1826 1397 ancien

453 1405 676 1436 Intendant.civil
687 1413 722 1434 en
738 1404 864 1442 Algérie,
880 1407 923 1434 est
935 1403 1147 1442 accompagnée
1161 1405 1246 1434 d'une
1259 1405 1342 1434 lettre
1358 1404 1406 1441 qui
1419 1412 1454 1434 en
1467 1407 1595 1435 constate
1608 1405 1824 1437 l'authenticité.

406 1447 426 1479 2
450 1442 597 1487 About
615 1442 767 1487 (Edm.),
789 1442 943 1477 célèbre
964 1442 1199 1477 littérateur
1218 1443 1532 1486 contemporain,
1554 1443 1601 1477 né
1623 1443 1645 1477 à
1664 1443 1823 1479 Dieuze.

451 1508 493 1513 —
511 1488 553 1522 L.
576 1498 609 1522 a.
631 1497 675 1524 s.,
700 1489 795 1528 1855,
818 1489 828 1519 1
852 1497 886 1531 p.
903 1486 999 1522 in-8.
1021 1488 1189 1521 Curieuse.
1737 1490 1758 1523 2
1808 1501 1824 1520 »

407 1535 428 1567 3
451 1532 595 1575 Adam
615 1531 763 1575 (Edm.),
786 1530 914 1574 préfet
928 1531 974 1565 de
995 1531 1135 1575 police,
1159 1530 1246 1576 puis
1266 1530 1548 1575 représentant
1567 1531 1613 1565 de
1636 1532 1674 1566 la
1693 1532 1824 1567 Seine.

455 1596 494 1601 —
516 1576 556 1611 L.
578 1586 623 1617 s.,
648 1577 742 1617 1848,
769 1577 778 1609 1
804 1584 838 1618 p.
861 1575 957 1610 in-8.
1746 1579 1756 1610 1
1785 1579 1828 1611 25

407 1623 426 1655 4
452 1621 574 1663 Affre
594 1620 802 1663 (L).-Aug.),
823 1619 979 1653 archev.
1002 1619 1048 1653 de
1069 1619 1197 1659 Paris,
1220 1618 1380 1653 victime
1402 1618 1448 1652 de
1468 1629 1537 1653 son
1559 1618 1827 1655 dévouement

454 1664 626 1709 pendant
663 1663 719 1697 les
751 1662 942 1708 journées
979 1664 1025 1697 de
1058 1662 1149 1708 juin
1190 1665 1286 1697 1848.
1303 1682 1343 1687 —
1358 1663 1400 1697 L.
1440 1674 1474 1698 a.
1512 1674 1541 1698 s.
1579 1674 1626 1697 au
1662 1663 1826 1699 libraire

453 1708 717 1753 Méquignon;
739 1709 885 1754 Luçon,
910 1709 1006 1750 1822,
1031 1710 1041 1741 1
1066 1718 1102 1752 p.
1124 1707 1215 1741 in-4.
1741 1711 1762 1743 3
1810 1722 1825 1740 »

408 1757 428 1788 5
453 1751 637 1803 Agardh
650 1751 852 1796 (Ch.-Ad.),
874 1752 909 1786 le
932 1752 1019 1796 plus
1034 1753 1173 1786 savant
1187 1751 1385 1786 botaniste
1400 1751 1556 1786 suédois
1571 1751 1617 1786 de
1634 1763 1676 1786 ce
1692 1752 1826 1794 siècle,

453 1798 600 1842 évêque
621 1796 667 1830 de
689 1796 899 1831 Carlstadt.
912 1816 954 1820 —
966 1796 1007 1831 L.
1030 1807 1063 1830 a.
1085 1806 1134 1838 s.;
1156 1795 1369 1837 Carlstadt,
1392 1797 1488 1837 1847,
1508 1798 1577 1839 2p.
1595 1795 1691 1831 in-8.
1739 1800 1760 1831 2
1784 1800 1827 1831 50

408 1845 428 1876 6
453 1842 712 1885 Aguesseau
740 1842 748 1884 (
763 1839 871 1875 H.-F.
904 1840 980 1884 d’),
1011 1840 1169 1874 illustre
1196 1839 1424 1874 chancelier
1451 1839 1497 1873 de
1531 1840 1695 1883 France,
1729 1841 1776 1875 né
1806 1841 1828 1874 à

454 1886 651 1930 Limoges.
671 1904 713 1909 —
732 1884 775 1919 L.
795 1895 839 1926 s.,
864 1887 958 1925 1745,
985 1887 993 1918 1
1018 1895 1053 1929 p.
1076 1884 1163 1919 in-f.
1746 1887 1756 1919 1
1785 1887 1829 1920 25

410 1932 429 1965 7
455 1928 668 1964 Adélaïde
700 1928 745 1962 de
778 1928 927 1963 France
961 1928 1145 1972 (Marie),
1176 1928 1258 1962 tille
1290 1927 1336 1961 de
1368 1927 1488 1961 Louis
1519 1927 1603 1969 XV,
1635 1930 1747 1963 tante
1780 1929 1826 1964 de

454 1974 575 2008 Louis
595 1973 696 2008 XVI.
719 1992 760 1997 —
780 1973 888 2019 Reçu
909 1972 984 2017 sig.
1012 1982 1105 2007 avec
1125 1975 1146 2006 4
1165 1972 1295 2016 lignes
1327 1973 1424 2014 aut.,
1454 1971 1569 2006 d’une
1601 1983 1749 2007 somme
1780 1973 1827 2008 de

460 2020 558 2060 1,600
577 2017 660 2058 liv.,
685 2019 780 2058 1761,
805 2019 816 2051 1
842 2027 877 2061 p.
900 2016 991 2051 in-4.
1742 2020 1762 2052 2
1811 2031 1826 2049 »

411 2064 431 2097 8
455 2063 594 2105 Alard
630 2061 848 2106 (Delphin),
884 2061 1038 2095 célèbre
1075 2060 1289 2095 violoniste
1325 2061 1365 2094 et
1403 2061 1683 2105 compositeur,
1722 2062 1768 2095 né
1808 2062 1829 2096 à

456 2106 658 2150 Bayonne.
678 2125 720 2130 —
740 2105 782 2139 L.
804 2115 838 2140 a.
858 2115 903 2146 s.,
928 2107 938 2139 1
952 2106 989 2145 /2
1009 2115 1045 2149 p.
1067 2105 1158 2139 in-8.
1746 2108 1755 2139 1
1786 2109 1829 2141 50

411 2153 432 2186 9
457 2151 597 2194 Alary
634 2149 815 2194 (Giulio),
852 2148 1007 2183 célèbre
1045 2148 1313 2192 compositeur
1349 2148 1542 2191 dramat.,
1579 2150 1725 2183 auteur
1761 2150 1828 2185 des

459 2197 520 2229 Tre
537 2197 548 2228 1
548 2196 654 2229 Vozse.
676 2214 717 2218 —
738 2192 779 2227 L.
801 2204 835 2228 a.
857 2203 902 2234 s.,
926 2195 1021 2229 1852,
1045 2195 1056 2227 1
1082 2203 1116 2237 p.
1139 2195 1230 2227 in-8.
1742 2196 1763 2228 2
1811 2207 1827 2226 »

396 2241 434 2274 lu
457 2240 603 2273 Alkan
623 2237 709 2272 aîné
730 2237 902 2281 (Ch.-V.),
924 2237 1078 2272 célèbre
1100 2237 1269 2281 pianiste
1298 2239 1339 2271 et
1366 2237 1647 2281 compositeur,
1679 2238 1755 2272 ami
1789 2241 1829 2273 et

459 2281 753 2317 collaborateur
772 2281 818 2315 de
839 2281 1004 2326 Chopin.
1018 2301 1060 2306 —
1074 2281 1117 2316 L.
1138 2292 1171 2316 a.
1192 2291 1222 2316 s.
1244 2282 1264 2315 à
1285 2292 1362 2315 une
1381 2280 1507 2324 dame,
1532 2284 1627 2324 1856,
1647 2284 1668 2317 3
1684 2292 1718 2327 p.
1735 2282 1827 2317 in-8.

459 2326 649 2361 Curieuse
669 2324 809 2370 épître.
1743 2329 1764 2361 2
1787 2330 1830 2361 50

394 2374 429 2406 11
458 2371 685 2413 Alvimare
704 2370 834 2413 (M.-P.
856 2368 921 2413 d'),
942 2369 1096 2403 célèbre
1117 2369 1292 2414 harpiste
1313 2371 1353 2403 et
1371 2369 1651 2421 compositeur,
1679 2370 1829 2414 profes¬

460 2425 552 2450 seur
571 2414 618 2448 de
639 2415 759 2458 harpe
781 2414 826 2448 de
849 2413 1127 2458 l’impératrice
1147 2413 1373 2458 Joséphine,
1396 2415 1443 2448 né
1464 2425 1486 2448 a
1505 2414 1708 2449 Dreux.—
1729 2415 1770 2449 L.
1793 2426 1827 2450 a.

461 2470 506 2501 s.,
530 2461 540 2492 1
566 2469 600 2503 p.
624 2458 718 2493 in-8.
1742 2461 1763 2493 2
1810 2472 1826 2490 »

400 2506 438 2538 12
462 2504 595 2547 Amat
629 2501 827 2547 (Léopold)
841 2529 850 2543 ,
883 2501 1072 2546 gracieux
1103 2501 1369 2545 compositeur
1398 2502 1444 2537 de
1476 2511 1679 2537 romances
1711 2504 1751 2537 et
1781 2503 1827 2537 de

462 2547 780 2588 chansonnettes,
803 2547 848 2580 né
869 2547 891 2580 à
909 2545 1120 2581 Toulouse.
1136 2565 1177 2571 —
1193 2548 1234 2580 L.
1256 2557 1290 2581 a.
1312 2557 1362 2589 s.;
1385 2547 1511 2588 Paris,
1529 2548 1625 2587 1844,
1647 2549 1716 2591 3p.
1734 2546 1826 2582 in-8.

464 2590 541 2626 Sur
560 2601 628 2625 son
650 2600 770 2635 genre
791 2589 837 2624 de
858 2590 1132 2634 composition.
1746 2593 1757 2624 1
1786 2594 1829 2627 50
