1858 2885
883 142 930 181 13
961 164 1004 170 -

267 244 304 274 où
322 245 338 274 il
354 244 429 275 n’est
444 245 503 274 rien
520 243 615 274 moins
630 244 762 281 question
781 251 837 281 que
852 244 887 275 de
903 251 1011 276 sonner
1028 245 1053 274 le
1073 244 1177 281 toscin,
1195 244 1231 275 de
1249 244 1344 276 batlre
1363 245 1389 275 la
1412 245 1546 284 générale
1566 247 1594 276 et
1607 246 1642 276 de

267 291 374 322 couper
392 283 513 314 nombre
531 283 566 313 de
584 283 668 315 têtes.
691 295 704 309 «
725 283 758 314 Je
776 283 864 314 ferais
890 284 1049 315 volontiers
1068 284 1093 314 le
1113 283 1245 315 sacrifice
1267 285 1302 315 de
1320 285 1346 315 la
1365 285 1492 322 mienne,
1510 286 1598 319 dit-il,
1618 286 1642 316 si

267 323 320 353 elle
340 324 459 362 pouvait
481 329 616 353 ramener
634 322 659 352 la
687 322 880 360 tranquillité;
898 323 971 353 mais
997 325 1026 362 je
1045 323 1122 354 crois
1149 323 1216 361 qu’il
1248 327 1291 354 est
1312 324 1347 354 de
1375 328 1458 355 votre
1484 326 1642 363 prudence,

267 370 379 393 comme
394 363 430 393 de
450 366 532 392 votre
551 361 662 397 devoir,
683 363 718 392 de
736 363 809 392 faire
837 365 940 392 mettre
955 362 1006 393 des
1024 366 1145 401 troupes
1159 371 1212 393 sur
1234 363 1297 401 pied
1328 367 1357 395 et
1378 364 1413 394 de
1433 364 1504 394 faire
1518 365 1644 402 dissiper

267 410 316 433 ces
332 402 482 437 scélérats,
505 401 552 438 qui
566 408 601 431 ne
620 404 682 431 sont
700 401 850 439 qu’avides
868 401 1000 440 d'argent
1017 406 1046 433 et
1063 403 1099 433 de.
1112 410 1236 440 sang...
1247 416 1259 429 »

203 442 242 476 12
264 441 519 485 Bonaparte
539 439 756 485 (Lnetitia),
777 440 883 474 mère
905 439 951 474 de
973 440 1176 486 Napoléon
1196 441 1211 476 I
1214 447 1242 462 er
1247 469 1254 477 .
1270 461 1311 467 —
1326 442 1368 477 L.
1390 442 1479 486 sig.,
1496 451 1590 476 avec
1605 441 1644 475 la

266 484 534 525 souscription
555 485 706 529 autog.,
727 485 750 519 à
767 494 838 519 son
857 485 920 519 lils
940 485 1089 520 Lucien
1103 498 1111 530 ;
1141 485 1280 529 Rome,
1316 488 1509 531 1821,1p.
1549 486 1642 521 in-8.

265 528 475 573 Très-jolie
498 528 621 574 pièce.
1556 533 1577 565 6
1625 543 1641 561 »

202 575 241 609 13
265 564 394 618 Bore!
413 573 618 618 (Petrus),
637 572 791 607 célèbre
814 573 1046 609 littérateur
1071 574 1345 620 romantique,
1368 575 1427 611 dit
1448 574 1484 610 le
1516 578 1644 618 Lycun-

266 620 390 663 thrope.
405 638 447 644 —
461 618 504 653 L.
526 629 561 653 a.
581 628 610 653 s.
632 629 681 652 au
703 617 955 653 dessinateur
974 619 1221 661 Grandville,
1246 622 1256 654 1
1282 630 1318 665 p.
1340 620 1437 655 in-8.
1557 621 1579 654 4
1626 632 1642 651 »

308 664 448 694 Curieuse
477 664 569 702 épitre
599 663 778 693 d’invitation
806 664 822 693 à
854 671 908 693 une
927 664 1046 702 parodie
1073 663 1160 695 d’une
1177 665 1272 696 soirée
1300 665 1496 696 d’Alexandre
1518 666 1640 695 Dumas.

270 715 283 728 «
310 704 330 733 11
349 704 395 741 n’y
415 711 497 737 aura,
516 702 607 740 dit-il,
624 703 651 733 ni
672 702 793 733 femmes
806 702 833 733 ni
852 703 1017 740 bourgeois.
1038 704 1101 734 Une
1121 705 1231 741 grande
1248 705 1344 747 partip
1357 705 1409 735 des
1432 704 1550 735 conviés
1579 711 1645 733 sera

266 744 416 779 travestie,
435 743 520 779 mais,
542 749 615 780 pour
636 742 662 773 la
682 742 809 781 plupart,
830 742 872 772 les
904 741 1168 773 travestissements
1188 746 1288 774 seront
1305 739 1357 775 dés
1374 744 1509 783 charges,
1535 751 1609 773 vous
1627 750 1645 780 y

267 786 421 813 trouverez
435 790 505 812 sans
526 782 612 812 doute
630 783 682 812 des
697 781 799 820 jeunes
814 789 885 819 gens
903 781 938 812 de
957 789 1009 813 vos
1027 783 1171 820 amis...,
1187 783 1213 813 la
1232 790 1334 821 grosse
1352 783 1410 821 joie
1434 791 1451 821 y
1470 783 1591 821 régnera
1610 790 1645 813 en

269 822 358 858 plein.
370 835 381 847 »

202 861 242 895 14
266 859 692 903 Bouet-Willaumez
717 858 804 903 (Ed.
832 860 997 905 comte),
1030 859 1191 902 amiral,
1218 860 1499 895 commandant
1529 859 1576 894 de
1608 859 1647 894 la

264 905 375 940 flotte
396 904 442 938 de
462 904 501 939 la
520 902 705 948 Baltique
725 902 901 948 pendant
928 905 966 940 la
987 914 1131 950 guerre
1163 914 1257 940 avec
1286 905 1324 940 la
1352 905 1573 940 Prusse.—
1600 904 1644 939 L.

267 959 300 984 a.
316 960 347 984 s.
368 950 389 983 à
405 959 458 983 un
480 947 663 994 général;
684 949 704 982 4
724 947 819 983 août
840 951 936 991 1848,
960 952 971 984 1
996 959 1033 994 p.
1058 950 1119 992 1/2
1138 948 1234 984 in-8.
1559 951 1580 984 4
1628 961 1645 981 »

307 995 328 1025 Il
345 995 486 1025 demande
514 995 541 1025 la
560 995 639 1024 croix
660 1001 733 1031 pour
751 993 778 1023 le
795 994 907 1031 citoyen
927 994 1053 1026 Grisier
1056 1017 1064 1030 ,
1094 995 1250 1025 lieutenant
1267 995 1302 1026 de
1320 994 1346 1025 la
1372 994 1463 1033 garde
1488 994 1646 1031 nationale,

269 1034 316 1072 qui
337 1042 352 1063 a
365 1034 409 1063 été
429 1033 522 1064 blessé
541 1032 669 1063 rendant
682 1032 725 1062 les
742 1033 879 1070 journées
897 1033 933 1064 de
948 1033 1023 1072 juin.

204 1074 243 1108 15
266 1072 492 1115 Bourbaki
510 1071 618 1115 (Ch.),
639 1070 759 1105 brave
781 1070 943 1116 général
963 1082 1010 1106 en
1031 1071 1124 1106 chef
1140 1071 1186 1107 de
1208 1072 1366 1107 l’armée
1382 1073 1428 1107 de
1445 1072 1542 1107 l’Est
1556 1081 1647 1122 pen¬

268 1117 365 1152 dant
383 1116 423 1152 la
442 1116 627 1151 dernière
648 1125 813 1161 guerre,
842 1116 890 1151 né
912 1116 934 1151 à
954 1116 1036 1151 Pau
1056 1116 1093 1151 le
1113 1119 1156 1152 22
1175 1116 1278 1152 avril
1301 1119 1396 1153 1816.
1418 1137 1459 1143 —
1473 1117 1518 1152 L.
1548 1116 1647 1162 sig.;

267 1161 425 1205 Blidah,
450 1163 546 1204 1852,
571 1163 582 1195 1
606 1170 642 1205 p.
664 1159 753 1195 in-f.
1561 1163 1582 1195 4
1629 1173 1646 1193 »

204 1208 242 1242 16
264 1205 643 1249 Brillat-Savarin
662 1204 803 1249 (J.-A.),
834 1204 1096 1247 constituant,
1129 1205 1165 1240 le
1186 1205 1373 1251 spirituel
1386 1206 1533 1241 auteur
1547 1205 1594 1240 de
1609 1205 1648 1240 la

267 1252 476 1294 Physiologie
493 1251 539 1284 du
556 1251 633 1294 goût
641 1276 650 1293 ,
672 1249 719 1284 né
740 1250 762 1284 à
781 1249 919 1295 Belley
939 1249 1062 1295 (Ain).
1082 1269 1125 1275 —
1143 1249 1187 1285 L.
1214 1261 1247 1285 a.
1277 1261 1306 1286 s.
1336 1251 1359 1285 à
1386 1250 1648 1293 Berthereau,

267 1305 337 1330 son
357 1295 498 1330 ancien
519 1294 701 1339 collègue
722 1294 744 1328 à
749 1293 1017 1329 T’Assemblée
1039 1293 1326 1339 constituante,
1351 1297 1447 1335 1806,
1471 1297 1484 1329 1
1502 1305 1539 1340 p.
1556 1293 1647 1330 in-f.

268 1339 378 1375 Belle
400 1339 524 1384 pièce.
1559 1341 1580 1373 6
1628 1351 1645 1371 »

206 1386 242 1420 17
268 1385 443 1427 Bûchez
464 1383 700 1433 (P.-J.-B.),
726 1382 820 1417 chef
842 1382 957 1417 d’une
984 1382 1093 1418 école
1112 1382 1335 1426 socialiste,
1366 1383 1572 1428 président
1602 1382 1649 1417 de

270 1427 525 1464 l’Assemblée
546 1428 819 1463 constituante
840 1427 886 1462 de
910 1429 1006 1471 1848,
1028 1426 1077 1462 né
1098 1427 1194 1463 dans
1219 1428 1276 1463 les
1304 1428 1524 1464 Ardennes.
1545 1447 1587 1453 —
1605 1427 1649 1462 L.

271 1484 305 1509 a.
327 1484 356 1509 s.
377 1473 400 1508 à
418 1483 488 1509 son
509 1472 691 1517 collègue
712 1471 930 1517 Degousée,
954 1474 1052 1514 1848,
1076 1474 1087 1507 1
1112 1482 1148 1517 p.
1170 1472 1262 1508 in-8.
1563 1474 1584 1508 3
1632 1484 1649 1505 »

310 1519 441 1550 Relative
458 1519 474 1549 à
493 1518 686 1550 l’association
717 1517 933 1555 démocratique
961 1518 1012 1548 des
1036 1517 1109 1548 amis
1126 1518 1162 1549 de
1180 1519 1208 1548 la
1227 1518 1431 1555 Constitution,
1451 1517 1521 1549 dont
1546 1517 1565 1548 il
1584 1516 1653 1548 était

272 1558 434 1596 président.

206 1598 246 1632 18
271 1596 438 1641 Capoul
475 1596 484 1640 (
503 1595 538 1632 J.
560 1597 569 1641 )
591 1622 600 1637 ,
649 1595 802 1631 célèbre
841 1595 1038 1631 chanteur
1074 1595 1121 1631 de
1158 1595 1326 1641 l’Opéra.
1348 1615 1390 1621 —
1409 1595 1452 1631 L.
1491 1606 1525 1630 a.
1563 1605 1593 1630 s.
1631 1595 1653 1629 à

268 1641 321 1677 M.
343 1640 566 1683 Boïeldieu,
592 1642 602 1675 1
627 1650 664 1682 p.
686 1640 779 1675 in-8.
1564 1642 1585 1675 3
1633 1652 1650 1671 »

206 1688 246 1721 19
270 1686 528 1730 Cavaignac
548 1676 786 1739 (Godefroy),
808 1684 844 1719 le
865 1684 1174 1730 chevaleresque
1204 1683 1298 1719 chef
1322 1684 1372 1719 du
1396 1685 1500 1729 parti
1533 1685 1651 1729 répu¬

272 1730 420 1765 blicain
451 1740 543 1765 sous
575 1728 919 1774 Louis-Philippe.
939 1748 981 1754 —
999 1729 1042 1764 L.
1075 1740 1109 1764 a.
1141 1739 1172 1764 s.
1205 1739 1254 1764 au
1289 1728 1448 1774 citoyen
1478 1728 1652 1771 Bavard,

271 1776 393 1819 (1834),
419 1777 430 1820 1
455 1785 491 1820 p.
513 1774 618 1817 in-8,
640 1774 809 1809 relative
838 1783 916 1808 aux
947 1773 1216 1819 publications
1249 1773 1295 1808 de
1328 1774 1367 1808 la
1397 1773 1553 1809 Société
1586 1772 1653 1808 des

272 1819 399 1855 droits
420 1819 466 1854 de
487 1819 687 1854 l’homme.
1566 1820 1587 1853 3
1634 1830 1652 1851 »

204 1866 248 1901 20
273 1865 412 1909 Cham
432 1865 488 1909 (A.
509 1864 556 1900 de
576 1865 655 1906 Noé,
676 1862 761 1907 dit),
782 1862 818 1898 le
845 1862 1032 1907 spirituel
1064 1862 1358 1898 caricaturiste.
1371 1882 1413 1888 —
1427 1862 1470 1898 L.
1503 1873 1537 1898 a.
1570 1872 1600 1897 s.
1633 1863 1655 1897 à

272 1909 325 1944 M.
346 1908 571 1949 Boïeldieu,
595 1909 693 1950 1864,
716 1909 728 1942 1
753 1917 789 1953 p.
811 1907 903 1942 in-8.
1567 1909 1588 1942 3
1636 1919 1652 1938 »

205 1955 244 1990 21
274 1953 595 1998 Ghampfleury
614 1952 738 1997 (Jules
762 1953 882 1995 Fleury
888 1978 897 1994 ,
926 1950 1011 1995 dit),
1043 1951 1288 1992 littérateur,
1321 1950 1413 1986 chef
1440 1951 1487 1986 de
1519 1951 1654 1986 l’école

273 1998 448 2041 réaliste,
469 1997 517 2032 né
536 1998 558 2032 à
575 1996 697 2032 Laon.
712 2016 754 2022 —
768 1997 811 2031 L.
832 2006 866 2031 a.
887 2006 917 2031 s.
941 1998 1038 2038 1853,
1061 1998 1073 2030 1
1098 2006 1133 2041 p.
1155 1996 1252 2032 in-8.
1568 1998 1589 2031 3
1636 2008 1653 2028 »

206 2044 250 2079 22
274 2043 598 2087 Changarnier,
619 2041 773 2076 célèbre
795 2040 971 2086 général,
993 2040 1153 2086 député.
1166 2041 1264 2077 —L.
1286 2051 1320 2076 a.
1336 2050 1366 2075 s.
1382 2040 1404 2075 à
1417 2040 1469 2075 M.
1485 2040 1655 2082 Carlier,

274 2087 404 2133 préfet
424 2088 470 2122 de
492 2086 633 2139 police,
659 2088 754 2129 1849,
779 2088 790 2120 1
814 2095 851 2131 p.
872 2085 965 2120 in-8.
1567 2087 1588 2120 3
1636 2097 1653 2116 »

205 2133 249 2168 23
274 2132 457 2177 Charlet
475 2131 636 2177 (N.-T.),
656 2130 813 2175 peintre
833 2131 874 2165 et
892 2129 1145 2165 dessinateur
1164 2129 1334 2166 célèbre.
1356 2149 1398 2155 —
1417 2129 1461 2165 L.
1483 2140 1518 2165 a.
1539 2139 1584 2172 s.,
1606 2139 1655 2164 au

274 2187 436 2222 crayon,
456 2177 479 2211 à
498 2175 705 2211 Duchesne
726 2173 830 2217 aîné,
854 2176 866 2209 1
890 2184 926 2219 p.
947 2173 1041 2209 in-8.
1569 2176 1590 2208 4
1637 2186 1654 2207 »

315 2222 445 2253 Relative
463 2230 498 2252 au
519 2221 615 2251 dessin
630 2220 667 2251 du
682 2219 856 2252 Chanteur,
868 2220 958 2257 gravé
969 2227 1021 2257 par
1032 2219 1155 2250 Harrant
1172 2219 1279 2255 Smith,
1289 2222 1315 2250 et
1327 2219 1396 2258 qu’il
1406 2219 1467 2250 doit
1476 2219 1640 2249 retoucher.

207 2262 250 2296 24
274 2261 465 2302 Chénier
483 2258 746 2303 (Marie-Jos.),
769 2257 922 2293 célèbre
943 2257 1057 2302 poète
1078 2259 1119 2293 et
1137 2258 1462 2300 conventionnel,
1483 2257 1658 2293 l’auteur

274 2305 327 2341 du
348 2307 454 2341 Chant
471 2306 517 2339 du
533 2307 669 2348 Départ.
684 2322 726 2329 —
740 2302 857 2338 Pièce
877 2302 952 2346 sig.
975 2312 1125 2337 comme
1146 2302 1322 2337 membre
1352 2302 1402 2337 du
1434 2301 1587 2338 Comité
1609 2302 1656 2336 de

276 2349 410 2386 sûreté
432 2349 633 2395 générale,
665 2347 740 2393 sig.
772 2347 878 2383 aussi
909 2346 955 2382 de
987 2347 1157 2391 Rovère,
1190 2346 1356 2392 Guffroy
1386 2350 1427 2383 et
1457 2346 1656 2389 Courtois,

274 2397 295 2430 5
314 2394 400 2430 flor.
422 2405 471 2429 an
491 2393 558 2436 III,
580 2402 697 2428 sceau
718 2392 770 2427 du
791 2391 955 2427 Comité.
1568 2393 1589 2426 5
1636 2403 1653 2423 »

316 2440 447 2471 Relative
462 2448 498 2470 au
516 2439 729 2469 désarmement
747 2438 798 2469 des
825 2437 951 2469 sections
969 2436 1005 2467 de
1022 2437 1104 2467 Paris
1125 2436 1212 2475 après
1230 2437 1256 2467 le
1275 2439 1458 2468 mouvement
1480 2435 1657 2467 révolution¬

276 2480 356 2509 naire
371 2482 407 2510 de
429 2477 548 2519 prairial

208 2518 252 2553 25
276 2518 426 2563 Condé
447 2516 585 2563 (Louis
603 2515 652 2552 c'z
675 2517 819 2550 Bourbon
823 2541 833 2558 ,
854 2514 990 2560 prince
1005 2514 1079 2558 de),
1095 2514 1155 2549 dit
1174 2515 1202 2549 le
1221 2515 1350 2551 Grand.
1365 2533 1406 2539 —
1421 2514 1532 2550 Belle
1547 2514 1657 2560 pièce

276 2562 352 2607 sig.
373 2573 442 2597 sur
461 2560 583 2604 vélin,
604 2570 699 2596 avec
718 2570 788 2596 son
808 2570 925 2596 sceau
938 2572 947 2604 ;
969 2558 1187 2603 Chantilly,
1211 2561 1309 2603 1677,
1330 2558 1417 2594 in-f.
1571 2561 1592 2595 3
1639 2571 1656 2591 »

313 2608 496 2639 Nomination
515 2608 531 2637 à
550 2607 577 2638 la
595 2613 663 2637 cure
678 2606 715 2637 de
733 2606 846 2644 Maron,
864 2605 980 2637 diocèse
997 2605 1034 2637 de
1048 2604 1189 2643 Bourges.
