1876 2807
850 132 893 170 -
923 132 973 172 14
1001 154 1048 162 —

239 233 281 267 26
303 232 452 274 David
471 230 685 274 (Félicien),
707 230 862 266 célèbre
882 232 1164 277 compositeur,
1186 232 1361 268 l’auteur
1379 232 1431 268 du
1452 236 1577 277 Désert,
1592 233 1685 268 —L.

307 286 341 310 a.
362 286 392 311 s.
413 276 436 310 à
454 280 506 311 M.
527 275 751 318 Boïeldieu,
776 278 786 310 1
811 287 847 320 p.
869 276 988 312 in-18.
1603 280 1615 312 1
1644 280 1688 312 50

238 322 280 356 27
305 321 540 365 Deguerry
549 320 928 365 (Gaspard),célèbre
941 321 1209 366 prédicateur,
1225 321 1320 357 curé
1335 322 1381 357 de
1395 322 1433 357 la
1448 322 1686 365 Madeleine,

307 376 360 399 un
382 365 450 400 des
475 368 613 410 otages
637 364 685 400 de
716 365 755 400 la
785 376 1007 410 commune,
1040 366 1176 402 fusillé
1209 377 1303 402 avec
1331 367 1607 412 l’archevêque
1640 366 1687 401 de

306 409 436 445 Paris.
453 430 493 435 —
507 410 551 445 L.
573 420 607 445 a.
629 420 673 452 s.,
693 412 789 453 1849,
809 413 830 445 2
849 420 886 455 p.
902 410 1000 446 in-4.
1582 414 1622 447 10
1669 423 1686 443 »

349 455 370 485 11
388 455 542 492 demande,
562 464 598 486 au
624 463 692 485 nom
711 456 746 486 de
764 456 789 485 la
817 456 949 493 fabrique
967 456 1002 487 de
1020 456 1048 487 la
1067 456 1237 495 Madeleine,
1256 455 1348 487 d’être
1367 456 1457 488 remis
1469 464 1503 487 en
1523 456 1690 495 jouissance

307 494 343 524 de
362 495 388 525 la
417 495 548 533 chapelle
565 496 601 525 de
618 494 889 532 Saiut-Hyacinlhc,
909 498 1054 526 attenante
1073 496 1089 526 à
1117 496 1226 534 l'église
1244 496 1279 527 de
1294 496 1517 535 l’Assomption,
1538 504 1612 535 pour
1638 496 1689 527 des

308 533 450 566 réunions
465 543 499 564 en
517 534 618 564 faveur
636 534 688 564 des
706 534 815 564 classes
832 534 1011 565 laborieuses
1028 538 1056 565 et
1074 535 1259 567 soutirantes.

240 574 283 608 28
307 574 555 617 Delavigne
570 572 775 616 (Casimir),
792 572 952 608 illustre
968 574 1095 618 poète,
1109 573 1155 608 de
1171 573 1316 609 l’Acad.
1333 574 1398 616 fr.,
1414 573 1462 608 né
1478 584 1527 608 au
1543 573 1688 608 Havre.

307 617 396 653 —L.
410 628 443 652 a.
456 628 486 652 s.
499 617 586 652 àM.
599 616 742 663 Dufey,
755 616 862 660 libr.,
880 619 1057 663 1831,2p.
1072 618 1170 654 in-8.
1190 617 1406 664 Très-jolie
1421 618 1555 654 lettre.
1604 620 1625 653 5
1672 630 1689 649 »

240 669 284 703 29
307 668 564 712 Delescluze
583 667 759 712 (L.-Ch.),
780 667 994 712 publiciste
1015 668 1374 710 révolutionnaire,
1390 668 1565 703 membre
1586 668 1632 703 do
1654 668 1693 702 la

308 713 524 747 Commune
545 714 586 747 et
606 711 773 757 délégué
795 712 816 746 à
836 712 874 746 la
894 722 1052 756 guerre,
1081 714 1127 747 né
1154 713 1176 748 à
1206 713 1341 748 Dreux
1366 713 1403 748 le
1433 716 1454 748 2
1482 714 1557 748 oct.
1596 714 1690 754 1809,

307 756 377 791 tué
397 767 473 791 aux
497 756 723 791 barricades
743 756 794 790 du
822 755 1270 793 Château-d’Eau.—L.
1303 769 1338 793 a.
1371 767 1401 794 s.
1435 759 1457 793 à
1488 768 1541 792 un
1567 756 1691 802 jeune

307 801 443 846 poète;
464 803 506 836 20
520 800 662 845 juillet
682 801 805 846 (1869),
829 803 839 835 1
866 811 901 846 p.
926 802 987 844 1/4
1006 801 1099 837 in-8.
1604 804 1625 836 8
1673 813 1689 833 »

349 847 407 877 Son
438 846 669 885 correspondant
699 846 867 884 n’espérant
894 854 946 884 pas
977 847 1108 877 recevoir
1137 855 1192 878 une
1209 847 1348 885 réponse,
1367 847 1385 877 il
1418 848 1456 878 lui
1485 847 1598 877 affirme
1625 845 1694 884 qu’il

308 886 419 924 répond
435 886 451 916 à
469 887 564 916 toutes
585 887 626 916 les
644 886 745 916 lettres
763 885 831 923 qu'il
851 886 950 922 reçoit.
974 897 986 911 «
1006 887 1030 916 A
1051 894 1112 917 mes
1132 894 1220 924 yeux,
1241 887 1313 918 c’est
1323 896 1361 918 un
1379 887 1479 918 devoir
1499 894 1573 925 pour
1591 889 1653 917 tout
1667 885 1694 916 le

309 926 427 961 monde,
459 925 531 955 mais
550 928 664 956 surtout
694 932 767 962 pour
789 933 825 955 un
853 924 1040 963 journaliste.
1063 926 1096 956 Je
1123 926 1184 956 suis
1211 926 1359 957 d’ailleurs
1386 927 1517 964 toujours
1539 925 1657 964 disposé
1676 926 1692 955 à

311 965 455 995 accueillir
474 965 515 995 les
530 964 633 1002 jeunes
649 971 720 1002 gens
738 964 785 1001 qui
806 965 923 995 veulent
939 965 1096 996 travailler.
1117 964 1173 995 Par
1191 966 1336 1002 malheur,
1355 967 1380 996 la
1395 966 1492 1004 poésie
1509 974 1544 996 ne
1558 965 1692 996 convient

309 1003 399 1041 guère
418 1011 475 1034 aux
500 1003 645 1042 journaux
663 1004 827 1041 politiques,
849 1007 877 1033 et
894 1004 921 1034 la
938 1003 1106 1042 périodicité
1128 1004 1354 1036 hebdomadaire
1371 1006 1409 1036 du
1438 1004 1543 1035 Réveil
1561 1013 1593 1036 se
1610 1004 1693 1044 prête

311 1051 368 1081 peu
385 1043 403 1073 à
422 1044 449 1074 la
468 1044 671 1081 reproduction
687 1044 725 1073 du
739 1043 843 1074 travail
859 1050 914 1080 que
933 1051 1007 1074 vous
1026 1051 1072 1074 me
1087 1052 1308 1082 proposez...»

242 1089 285 1123 30
309 1089 373 1121 De
391 1087 522 1132 Seine
541 1087 673 1132 (L.-P.)
694 1087 847 1122 célèbre
868 1087 1088 1132 sculpteur.
1104 1108 1145 1114 —
1160 1088 1202 1123 L.
1232 1099 1267 1124 a.
1300 1099 1331 1124 s.
1362 1099 1439 1124 aux
1471 1088 1694 1130 sénateurs,

311 1142 361 1167 an
381 1131 451 1175 XI,
477 1134 487 1166 1
512 1142 547 1177 p.
569 1132 661 1167 in-4.
1606 1136 1628 1168 5
1676 1145 1691 1164 »

340 1178 431 1208 Envoi
451 1178 486 1208 de
504 1177 537 1208 sa
557 1177 660 1208 Retire
676 1185 736 1208 sur
751 1176 784 1207 la
796 1175 960 1216 sculpture
979 1176 1116 1208 destinée
1133 1177 1154 1209 à
1166 1185 1264 1208 orner
1283 1177 1327 1209 les
1344 1177 1472 1218 temples
1489 1177 1697 1217 catholiques.

315 1229 328 1243 «
353 1218 488 1255 Daignez,
517 1217 646 1256 citoyens
665 1218 828 1252 sénateurs,
848 1216 936 1253 dit-il,
966 1217 1110 1247 accueillir
1145 1225 1215 1248 avec
1238 1217 1325 1248 bonté
1353 1226 1416 1248 mes
1436 1217 1571 1256 opinions
1599 1225 1651 1247 sur
1672 1217 1698 1247 la

311 1256 453 1287 nécessité
468 1255 681 1295 indispensable
694 1257 730 1286 de
746 1256 851 1287 rendre
867 1263 922 1286 aux
937 1255 1053 1286 édifices
1069 1257 1225 1287 consacrés
1237 1258 1254 1287 à
1270 1257 1297 1287 la
1312 1257 1435 1296 religion
1449 1257 1612 1294 catholique
1625 1258 1699 1287 cette

312 1295 518 1333 magnificence
536 1295 698 1326 extérieure
716 1296 763 1333 qui
784 1295 955 1326 commande
973 1295 1000 1325 le
1018 1299 1143 1334 respect.
1173 1308 1186 1324 »

245 1342 283 1376 31
310 1342 459 1383 Dosne
478 1339 534 1383 (M
538 1340 573 1362 lle
594 1340 658 1382 S.),
680 1339 915 1374 belle-sœur
933 1338 980 1373 de
1000 1338 1054 1374 M.
1074 1339 1230 1375 Thiers.
1245 1360 1287 1366 —
1301 1340 1344 1375 L.
1367 1351 1401 1376 a.
1416 1350 1447 1375 s.
1468 1339 1593 1375 écrite
1608 1340 1630 1374 à
1644 1350 1697 1374 un

312 1384 475 1428 général
495 1395 544 1419 au
566 1394 657 1419 nom
678 1384 726 1419 de
747 1384 798 1419 M.
820 1384 976 1427 Thiers,
1000 1385 1011 1418 1
1037 1394 1073 1429 p.
1096 1384 1195 1419 in-8.
1610 1387 1632 1419 4
1679 1397 1695 1416 »

245 1436 288 1471 32
311 1436 480 1479 Dumas
500 1434 636 1479 (Alex.)
664 1434 741 1477 fils,
768 1433 922 1469 célèbre
955 1436 1103 1469 auteur
1133 1434 1400 1481 dramatique.
1415 1455 1457 1460 —
1471 1435 1514 1471 L.
1547 1445 1582 1469 a.
1614 1444 1645 1470 s.
1677 1434 1699 1468 à

313 1480 367 1514 M.
387 1478 610 1522 Boïeldieu,
635 1481 645 1513 1
673 1489 707 1524 p.
730 1479 845 1514 in-18.
1612 1481 1633 1514 3
1680 1491 1696 1510 »

246 1531 290 1565 33
314 1530 529 1573 Enfantin
548 1529 631 1574 (P.),
653 1529 689 1564 le
710 1529 802 1574 père
830 1528 1014 1574 suprême
1047 1529 1114 1564 des
1147 1529 1521 1565 Saint-Simoniens.
1536 1549 1578 1554 —
1598 1529 1640 1563 L.
1662 1539 1697 1564 a.

314 1585 345 1609 s.
367 1584 416 1608 au
439 1573 599 1619 général
619 1573 899 1609 commandant
919 1584 968 1608 en
983 1573 1077 1608 chef
1087 1574 1126 1609 la
1142 1574 1264 1619 garde
1280 1574 1483 1609 nationale
1499 1574 1546 1609 de
1568 1572 1698 1616 Paris,

322 1620 416 1663 1849,
439 1609 453 1652 ï
478 1628 514 1663 p.
537 1618 634 1653 in-4.
655 1621 753 1653 Rare.
1595 1620 1634 1653 10
1681 1630 1697 1650 »

358 1664 379 1693 11
409 1664 551 1694 demande
570 1664 585 1693 h
616 1664 678 1694 être
696 1663 766 1702 rayé
784 1664 836 1694 des
864 1664 1009 1694 contrôles
1025 1664 1059 1694 de
1086 1664 1113 1694 la
1140 1665 1230 1702 garde
1248 1664 1401 1695 nationale.
1437 1664 1498 1703 Agé
1514 1664 1549 1694 de
1577 1664 1617 1694 53
1635 1670 1699 1701 ans,

317 1703 435 1741 n'ayant
455 1710 509 1741 pas
526 1703 570 1734 été
586 1703 655 1742 jugé
669 1703 755 1741 digne
772 1703 807 1733 de
825 1704 956 1733 recevoir
981 1711 1018 1733 un
1038 1704 1104 1734 fusil
1120 1704 1224 1743 depuis
1241 1704 1360 1740 février,
1378 1704 1395 1733 il
1414 1703 1465 1734 fait
1495 1703 1601 1739 valoir,
1621 1710 1700 1732 com¬

317 1750 363 1772 me
383 1744 468 1773 motif
486 1743 522 1773 de
534 1743 663 1778 retraite,
680 1742 749 1780 qu'il
765 1750 781 1772 a
807 1742 852 1772 été
872 1741 976 1773 décoré
994 1743 1032 1773 du
1058 1744 1128 1780 Lys,
1147 1751 1222 1782 pour
1239 1751 1292 1773 son
1311 1743 1424 1773 service
1443 1750 1556 1773 comme
1572 1742 1702 1773 artilleur

315 1781 544 1820 polytechnicien
561 1790 595 1813 en
615 1782 698 1812 1814.
732 1793 745 1808 «
769 1782 801 1812 Je
818 1789 892 1812 vous
920 1789 1034 1820 assure,
1054 1783 1142 1818 dit-il,
1163 1791 1219 1821 que
1233 1782 1261 1821 je
1279 1782 1368 1813 ferais
1386 1782 1567 1820 aujourd'hui
1586 1782 1612 1812 le
1637 1782 1702 1820 plus

315 1823 447 1852 mauvais
465 1822 560 1852 soldat
569 1822 606 1852 du
621 1821 738 1852 monde.
758 1822 791 1851 Je
805 1821 865 1852 suis
884 1821 959 1852 doué
976 1821 1028 1853 dés
1040 1821 1194 1854 infirmités
1209 1821 1337 1853 morales
1351 1824 1379 1852 et
1396 1822 1555 1860 physiques
1576 1821 1618 1852 les
1637 1821 1702 1859 plus

315 1861 535 1899 incompatibles
553 1868 624 1891 avec
642 1861 668 1891 le
688 1860 812 1898 service,
830 1861 859 1899 je
874 1860 936 1891 suis
953 1862 1033 1891 aussi
1050 1861 1250 1892 énormément
1265 1861 1409 1900 pacifique
1428 1868 1484 1898 que
1499 1862 1527 1900 je
1545 1861 1607 1891 suis
1619 1868 1699 1899 gros,

315 1906 385 1937 gras
403 1904 432 1931 et
453 1902 608 1937 pesant...
618 1912 630 1926 »

249 1945 293 1980 34
317 1945 462 1989 Failly
496 1945 504 1985 (
517 1943 781 1980 P.-L.-Ch.-A.
814 1944 897 1988 de),
928 1944 1104 1989 général',
1137 1945 1418 1980 commandant
1449 1944 1506 1979 les
1538 1946 1701 1989 troupes

317 1988 535 2038 françaises
555 1989 577 2023 à
597 1989 634 2023 la
655 1989 817 2024 bataille
838 1988 886 2023 de
906 1986 1110 2033 Montana,
1126 1992 1166 2024 et
1180 1990 1272 2024 d’un
1288 2000 1402 2034 corps
1417 1988 1587 2024 d’armée
1605 1999 1698 2034 pen¬

318 2031 426 2069 dant^
434 2033 473 2068 la
491 2033 674 2068 dernière
697 2044 855 2078 guerre.
873 2053 913 2058 —
929 2034 970 2069 L.
992 2045 1027 2069 a.
1049 2044 1094 2077 s.,
1116 2044 1227 2081 cPnp
1248 2034 1294 2068 de
1315 2033 1500 2079 Châlons,
1520 2036 1644 2077 1857,1
1666 2044 1700 2079 p.

318 2078 411 2123 in-8,
432 2078 664 2124 enveloppe.
1613 2082 1634 2114 6
1682 2091 1698 2110 »

250 2131 293 2166 35
318 2130 460 2173 Faure
497 2128 649 2173 (J.-B.),
682 2128 717 2163 le
742 2128 829 2173 plus
858 2128 1014 2164 célèbre
1043 2129 1239 2165 chanteur
1265 2129 1581 2175 contemporain,
1607 2129 1654 2163 né
1681 2128 1704 2162 à

321 2174 509 2209 Moulins.
528 2193 569 2198 —
589 2173 631 2208 L.
653 2184 686 2208 a.
708 2184 738 2208 s.
760 2174 883 2218 (1854),
909 2176 918 2208 1
945 2184 980 2219 p.
1002 2174 1093 2210 in-8.
1616 2176 1637 2209 3
1684 2186 1700 2204 »

251 2221 294 2254 36
318 2220 488 2262 Favart
508 2218 670 2262 (Marie),
701 2217 855 2253 célèbre
893 2218 1150 2253 comédienne
1184 2219 1236 2254 du
1256 2218 1702 2266 Théâtre-Français.—

319 2264 362 2298 L.
385 2275 418 2298 a.
441 2274 483 2300 s..
511 2266 520 2298 1
545 2273 581 2308 p.
604 2262 701 2297 in-8.
1616 2265 1638 2298 3
1686 2275 1701 2294 «

252 2316 293 2350 37
319 2314 507 2358 Feuillet
525 2313 709 2358 (Octave),
732 2312 887 2347 célèbre
909 2315 1056 2348 auteur
1075 2313 1341 2359 dramatique,
1363 2313 1410 2348 de
1432 2312 1579 2356 l’Acad,
1600 2312 1704 2348 fr.—

323 2358 365 2393 L.
388 2369 422 2393 a.
444 2368 495 2401 s.,
520 2360 531 2392 1
556 2368 592 2403 p.
615 2357 712 2393 in-8.
1617 2361 1639 2393 3
1685 2369 1702 2389 »

252 2410 295 2444 38
322 2410 402 2451 Fix
422 2408 653 2453 (Delphine),
685 2418 761 2442 une
789 2407 856 2442 des
886 2407 1117 2443 meilleures
1144 2408 1424 2443 comédiennes
1443 2408 1495 2443 du
1518 2406 1705 2442 Théâtre-

320 2453 522 2501 Français,
544 2453 616 2487 née
639 2452 736 2487 dans
757 2453 795 2488 la
813 2452 1038 2488 Moselle.—
1057 2453 1100 2488 L.
1123 2464 1156 2488 a.
1178 2464 1223 2497 s.,
1247 2455 1259 2488 1
1283 2463 1319 2498 p.
1341 2453 1437 2488 in-8.
1618 2455 1639 2487 3
1686 2464 1702 2483 »

253 2506 295 2540 39
321 2504 539 2544 Frossard
559 2503 607 2544 (le
629 2502 791 2548 général
820 2502 1050 2548 Ch.-Aug.),
1083 2503 1364 2538 commandant
1394 2503 1461 2537 des
1492 2504 1655 2545 troupes
1684 2502 1707 2536 à

322 2547 571 2584 Sarrebruck
591 2558 640 2582 au
661 2547 784 2582 début
803 2547 849 2581 de
870 2547 909 2582 la
929 2558 1088 2593 guerre,
1110 2547 1224 2584 battu
1254 2550 1275 2583 à
1305 2547 1498 2583 Forbach.
1520 2566 1561 2572 —
1582 2545 1706 2581 Billet

324 2596 405 2628 aut.
427 2592 517 2638 sig.,
541 2595 637 2636 1856,
661 2594 723 2635 1/2
745 2602 778 2637 p.
800 2592 892 2628 in-8.
913 2594 1010 2627 Rare.
1618 2593 1639 2625 5
1686 2603 1702 2623 »
