1850 2868
824 94 871 133 -
899 94 946 134 15
975 115 1018 122 -

209 195 253 230 40
278 194 509 238 Garibaldi
538 193 689 238 (Gius.),
717 193 752 228 le
784 193 937 229 célèbre
969 193 1129 239 général
1157 194 1197 229 et
1227 193 1399 238 patriote
1431 194 1585 229 italien.
1606 214 1648 220 —

275 238 319 273 L.
340 249 370 274 8.
393 239 415 273 à
434 249 503 274 son
523 238 601 273 ami
621 237 787 272 Trecchi
803 250 812 282 ;
833 238 946 282 Fino,
979 240 1069 284 près
1099 237 1229 281 Côme,
1265 241 1362 282 1859,
1398 240 1457 282 1/2
1486 249 1522 284 p.
1555 239 1646 275 in-8.

278 283 357 318 Sur
371 283 515 318 l’achat
535 282 581 317 de
602 282 816 318 revolvers.
1561 285 1583 318 G
1631 296 1646 315 »

210 328 248 362 41
279 328 469 362 Gautier'
477 326 733 372 (Théophile),
747 326 784 362 le
799 326 966 363 brillant
979 327 1164 373 critique.
1179 347 1221 353 —
1235 327 1278 363 L.
1294 338 1327 363 a.
1341 337 1371 363 s.
1387 328 1409 363 à
1427 327 1470 363 L.
1485 328 1648 370 Lurine,

281 374 291 406 1
304 373 345 415 /2
362 382 397 417 p.
419 372 517 406 in-8.
1562 376 1583 408 3
1630 385 1647 404 »

211 417 254 451 42
279 416 492 458 Gavarni,
515 416 552 450 le
571 415 757 461 spirituel
777 416 1039 451 dessinateur.
1060 436 1102 441 —
1121 416 1164 451 L.
1186 426 1220 451 a.
1241 427 1271 452 s.
1293 416 1315 451 à
1346 416 1397 451 M.
1430 416 1649 462 Delaunay,

279 460 420 495 direct,
441 460 488 495 de
508 461 660 495 l’Artiste
662 488 672 501 ,
698 461 758 503 1/2
777 470 814 506 p.
837 460 933 496 in-8.
1564 463 1586 497 4
1633 473 1649 494 »

320 511 342 541 Il
358 511 446 542 invite
466 512 546 542 Jules
562 511 644 542 Janin
662 512 679 541 k
694 511 776 541 venir
791 511 884 543 fumer
900 519 932 541 sa
950 511 1018 549 pipe
1032 519 1067 542 au
1085 512 1172 542 sortir
1190 512 1225 542 de
1243 511 1270 542 la
1288 511 1425 543 comédie.
1447 523 1459 537 «
1480 512 1500 542 Il
1514 520 1548 543 ne
1564 513 1653 543 serait

282 558 335 587 pas
353 551 390 580 du
407 553 469 581 tout
486 551 543 581 mal
562 558 628 588 reçu
641 564 649 586 ;
668 558 811 589 personne
825 559 861 581 ne
877 550 916 581 lui
933 551 1016 581 ferait
1034 552 1069 581 de
1086 551 1197 588 sottise,
1213 551 1249 580 ha
1261 551 1268 582 !
1288 559 1354 581 mon
1374 552 1442 581 Dieu
1461 559 1516 581 non
1529 552 1535 581 !
1560 564 1572 578 »

213 590 256 625 43
280 589 490 633 Girardet
515 589 667 633 (Karll),
700 588 853 624 célèbre
881 589 1037 634 peintre
1068 590 1108 624 et
1128 589 1379 625 dessinateur
1401 590 1649 635 vignettiste.

280 652 323 658 —
343 633 386 668 L.
407 644 442 669 a.
463 644 493 670 s.
515 634 537 668 à
554 634 607 669 M.
626 632 845 679 Delaunay,
869 635 965 677 1840,
989 636 1000 668 1
1025 644 1060 679 p.
1082 633 1174 669 in-4.
1566 637 1586 670 4
1635 648 1650 667 »>

320 679 452 710 Relative
466 680 483 710 k
504 687 541 710 un
558 679 667 715 dessin,
690 687 744 709 vue
765 680 845 717 prise
862 687 913 710 sur
938 680 964 710 le
979 679 1078 717 Righi,
1098 687 1132 710 en
1152 679 1262 714 Suisse,
1282 679 1350 717 qu’il
1368 678 1486 711 exécute
1512 687 1582 719 pour
1600 688 1652 711 son

283 717 476 749 abonnement
492 717 509 749 k
527 717 680 748 l’Artiste.

213 757 256 791 44
281 757 506 801 Goncourt
525 756 647 801 (Jules
668 756 741 801 de),
761 756 915 791 célèbre
935 756 1179 793 littérateur.
1197 777 1239 783 —
1259 758 1301 793 L.
1323 768 1356 793 a.
1377 767 1421 800 s.,
1446 760 1457 792 1
1490 767 1526 803 p.
1558 757 1651 793 in-8.

281 803 341 835 Au
363 801 469 847 sujet
488 801 535 836 de
556 812 598 836 sa
617 801 725 847 pièce
747 801 1009 837 d’Henriette.
1567 804 1587 838 3
1636 815 1651 834 »

213 847 257 881 45
281 847 434 891 Grévy
454 846 603 891 (Jules),
625 845 903 891 représentant
921 846 972 881 du
993 846 1104 888 Jura,
1126 846 1400 892 ex-président
1414 846 1460 881 de
1475 846 1655 881 l’Assem¬

282 889 368 924 blée
390 890 607 926 nationale.
628 890 669 926 L.
692 901 726 926 a.
747 901 792 933 s.,
816 892 943 935 1848,1
968 901 1004 936 p.
1029 892 1090 934 1/2
1109 890 1200 926 in-8.
1568 893 1589 925 6
1636 904 1652 923 »

310 935 384 966 Très
398 938 529 967 curieuse
546 936 631 966 lettre
649 936 768 966 relative
788 937 804 966 k
818 944 871 966 son
886 937 1085 967 amendement
1097 936 1132 966 de
1154 936 1274 968 1848.11
1292 944 1308 966 a
1322 936 1366 967 été
1381 935 1500 967 humilié
1516 943 1571 973 que
1584 938 1657 967 celte

284 974 368 1005 dame
397 976 435 1005 ait
454 983 490 1014 pu
520 975 557 1005 lui
579 975 737 1006 demander
762 977 906 1005 comment
923 975 941 1005 il
960 983 975 1005 a
991 976 1057 1006 voté
1073 983 1125 1005 sur
1138 976 1167 1005 la
1183 976 1291 1013 grande
1309 976 1438 1013 question
1457 975 1492 1006 de
1520 975 1547 1005 la
1568 976 1657 1013 prési¬

284 1015 372 1044 dence
389 1014 424 1045 de
441 1015 468 1044 la
483 1014 679 1052 République.
702 1026 715 1041 »
733 1014 776 1044 Où
794 1014 955 1045 éliez-vous
968 1015 1054 1050 donc,
1070 1015 1155 1051 dit-il,
1168 1015 1286 1053 lorsque
1299 1015 1325 1045 la
1340 1015 1454 1045 tribune
1470 1017 1499 1044 et
1515 1015 1542 1045 la
1557 1023 1657 1053 presse

283 1053 499 1085 retentissaient
518 1054 557 1085 du
587 1054 699 1085 fameux
730 1053 944 1084 amendement
963 1053 1065 1092 Grévy
1080 1054 1088 1085 !
1111 1054 1190 1085 Vous
1211 1061 1246 1084 ne
1263 1062 1347 1085 savez
1374 1062 1427 1093 pas
1460 1061 1515 1091 que
1541 1054 1613 1085 c’est
1631 1055 1657 1085 le

284 1093 351 1128 plus
367 1093 439 1123 beau
456 1094 566 1124 fleuron
584 1093 619 1124 de
635 1101 681 1123 ma
697 1100 843 1123 couronne
857 1093 909 1123 !..
921 1105 933 1119 »

215 1132 258 1166 46
281 1132 417 1176 Janin
436 1132 584 1177 (Jules),
609 1132 645 1166 le
667 1131 802 1183 prince
823 1131 890 1167 des
905 1131 1110 1177 critiques.
1126 1151 1168 1157 —
1184 1132 1225 1167 L.
1242 1142 1276 1167 a.
1298 1142 1342 1175 s.,
1366 1134 1377 1166 1
1396 1142 1432 1177 p.
1455 1132 1545 1166 in-8.
1575 1134 1587 1166 1
1639 1145 1654 1163 »

216 1177 258 1210 47
282 1177 537 1219 Joséphine,
575 1175 830 1221 impératrice
867 1176 934 1211 des
970 1176 1171 1224 Français.
1203 1176 1245 1211 L.
1285 1187 1319 1211 a.
1356 1187 1386 1211 s.
1416 1187 1464 1212 au
1498 1176 1656 1221 général

285 1220 496 1266 Berthier;
517 1223 560 1256 26
581 1221 702 1263 frim.,
727 1223 738 1254 1
762 1230 798 1265 p.
820 1220 938 1256 in-18.
1554 1223 1593 1255 12
1640 1233 1656 1252 »

218 1272 261 1305 48
284 1271 602 1315 Haussonville
622 1270 670 1315 (le
692 1271 818 1305 comte
838 1270 918 1306 Jos.
940 1270 1000 1315 d’),
1038 1269 1270 1306 littérateur
1300 1272 1340 1306 et
1370 1271 1524 1305 homme
1557 1270 1658 1315 poli¬

285 1314 413 1359 tique,
433 1315 640 1351 del’Acad.
661 1315 710 1351 t'r.
731 1334 774 1340 —
792 1315 837 1350 L.
859 1325 892 1350 a.
914 1325 959 1358 s.,
984 1317 1078 1358 1871,
1103 1317 1115 1349 1
1141 1326 1175 1360 p.
1197 1315 1293 1350 in-8.
1572 1317 1593 1350 5
1641 1327 1657 1347 »

327 1360 521 1391 Intéressante
538 1361 623 1391 lettre
645 1361 764 1391 relative
781 1361 798 1390 k
817 1359 1051 1391 l’établissement
1069 1359 1154 1390 d’une
1169 1360 1332 1391 Université
1349 1360 1490 1399 complète
1507 1360 1525 1390 k
1543 1361 1656 1398 Nancy.

289 1399 310 1429 11
331 1399 483 1431 désirerait
501 1408 557 1438 que
569 1408 617 1431 ses
635 1400 779 1438 collègues
797 1400 832 1430 de
849 1399 984 1430 l’Institut
998 1399 1037 1429 lui
1048 1400 1178 1430 vinssent
1195 1407 1229 1430 en
1245 1400 1320 1431 aide.
1341 1411 1354 1426 «
1370 1400 1392 1430 11
1405 1407 1440 1430 ne
1457 1399 1540 1438 s’agit
1552 1400 1588 1430 de
1601 1399 1661 1430 rien

288 1439 394 1475 moins,
424 1439 512 1475 dit-il,
542 1447 597 1478 que
616 1440 651 1470 de
668 1439 789 1470 l’avenir
805 1439 856 1469 des
874 1439 976 1470 hautes
994 1439 1095 1470 études
1115 1446 1150 1469 en
1167 1440 1286 1473 France,
1307 1441 1335 1469 et
1353 1439 1388 1469 de
1404 1440 1432 1469 la
1448 1438 1661 1470 revendication

289 1478 443 1517 pacifique,
459 1479 533 1509 mais
551 1478 667 1510 efficace
685 1487 722 1509 un
740 1479 807 1517 jour
825 1486 861 1509 ou
873 1479 987 1514 l’autre,
1007 1479 1042 1509 de
1059 1479 1141 1509 notre
1158 1478 1252 1510 vieille
1271 1478 1347 1509 unité
1362 1478 1571 1509 territoriale.»

221 1523 264 1557 49
287 1523 415 1573 Hugo
452 1523 627 1573 (Victor),
666 1522 824 1557 illustre
862 1522 1050 1557 écrivain.
1072 1542 1113 1547 —
1133 1522 1177 1557 L.
1215 1533 1249 1557 a.
1286 1533 1315 1558 s.
1354 1523 1376 1557 à
1406 1522 1457 1557 M.
1495 1522 1631 1557 Loriot
1652 1535 1661 1567 ;

288 1566 688 1610 Hauteville-House,
713 1569 809 1609 1867,
829 1569 850 1602 2
869 1577 904 1612 p.
925 1567 1018 1602 in-8.
1038 1567 1142 1603 Jolie
1162 1567 1296 1602 lettre.
1576 1569 1597 1601 4
1644 1579 1660 1599 »

225 1617 269 1652 50
292 1617 680 1661 Lachambeaudie
699 1616 874 1661 (Pierre),
898 1627 950 1651 un
970 1617 1016 1651 de
1037 1627 1106 1651 nos
1127 1617 1331 1652 meilleurs
1351 1616 1663 1652 fabulistesmio-

291 1661 448 1705 dernes,
477 1663 524 1697 né
551 1662 573 1696 à
597 1661 741 1697 Sarlat.
762 1681 804 1687 —
831 1655 874 1696 L.
902 1672 936 1697 a.
965 1672 995 1697 s.
1028 1663 1050 1696 à
1079 1661 1130 1697 M.
1160 1661 1343 1705 Delarue,
1371 1663 1437 1705 3/4
1467 1661 1513 1695 de
1545 1671 1663 1706 pages

293 1706 386 1741 in-8.
1574 1708 1595 1740 4
1643 1718 1659 1737 »

338 1751 360 1782 11
380 1752 458 1782 avait
475 1751 569 1782 oublié
587 1752 614 1781 la
635 1750 775 1782 demande
793 1750 881 1788 qu’on
900 1750 938 1781 lui
965 1751 1042 1781 avait
1060 1751 1125 1782 faite
1141 1751 1176 1782 de
1191 1751 1331 1782 l’adresse
1357 1751 1392 1781 de
1409 1750 1565 1789 Béranger.
1591 1762 1604 1777 »
1626 1752 1666 1782 Le

282 1792 420 1821 souvenir
438 1791 475 1822 de
491 1792 517 1821 la
537 1790 673 1828 captivité
694 1792 723 1820 et
740 1790 766 1820 le
785 1791 875 1821 chaos
889 1791 924 1821 de
940 1791 966 1820 la
987 1791 1111 1828 position
1128 1791 1263 1828 politique
1278 1798 1324 1820 me
1340 1790 1400 1821 font
1417 1791 1522 1828 perdre
1534 1791 1561 1820 la
1578 1791 1664 1822 tète.»

227 1836 266 1870 51
294 1836 558 1879 Lafontaine
577 1834 740 1879 (Henri),
763 1845 815 1869 un
830 1833 876 1869 de
892 1845 961 1869 nos
976 1835 1065 1879 plus
1079 1834 1253 1871 célèbres
1266 1835 1422 1870 acteurs
1436 1834 1482 1868 de
1497 1834 1664 1877 drames,

295 1879 343 1914 né
364 1880 386 1914 à
405 1879 628 1915 Bordeaux.
650 1899 691 1905 —
710 1879 754 1914 L.
775 1890 809 1914 a.
832 1890 861 1914 s.
882 1879 904 1914 à
922 1879 974 1914 M.
995 1879 1217 1922 Boïeldieu,
1241 1881 1337 1922 1863,
1356 1882 1377 1914 2
1397 1889 1432 1924 p.
1453 1879 1548 1913 in-8.
1581 1882 1601 1914 3
1647 1892 1664 1911 »

228 1932 271 1965 52
294 1931 564 1975 Lamennais
590 1929 650 1975 (F.
678 1929 751 1973 de),
779 1929 938 1964 illustre
966 1928 1141 1963 écrivain
1169 1928 1353 1978 français.
1383 1949 1424 1953 —
1453 1928 1495 1964 L.
1523 1939 1557 1964 a.
1586 1939 1616 1964 s.
1646 1929 1668 1963 à

304 1976 343 2011 M
348 1976 383 1997 lle
403 1975 451 2010 de
471 1975 527 2010 La
545 1973 836 2018 Tour-du-Pin,
859 1976 953 2017 1834,
973 1976 995 2009 2
1013 1984 1049 2019 p.
1070 1966 1166 2009 in-8.
1581 1976 1602 2007 6
1650 1987 1665 2005 »

342 2022 536 2051 Intéressante
565 2020 658 2058 épître
684 2020 832 2057 politique.
854 2030 867 2045 «
888 2019 927 2049 Ou
953 2027 968 2048 a
988 2018 1057 2049 feint
1080 2019 1114 2049 de
1142 2019 1247 2053 croire,
1267 2018 1356 2055 dit-il,
1377 2025 1432 2056 que
1448 2019 1476 2055 je
1493 2018 1617 2049 haïssais
1642 2018 1669 2049 lc

302 2061 446 2098 puissant,
467 2067 554 2098 parce
573 2067 629 2098 que
642 2059 670 2097 je
684 2058 833 2090 défendais
850 2059 877 2089 le
895 2058 993 2092 faible,
1005 2066 1061 2096 que
1076 2058 1171 2096 j’étais
1190 2058 1321 2088 l’ennemi
1339 2058 1377 2089 du
1398 2058 1488 2094 riche,
1509 2064 1595 2095 parce
1613 2066 1669 2096 que

296 2101 326 2138 je
344 2100 497 2138 gémissais
510 2107 581 2130 avec
597 2099 623 2129 le
636 2106 748 2137 pauvre
763 2101 788 2129 et
806 2105 861 2136 que
872 2098 900 2136 je
914 2097 1089 2135 m'eftorçais
1106 2097 1141 2128 de
1157 2097 1183 2128 le
1198 2097 1329 2128 consoler
1349 2105 1400 2135 par
1413 2096 1589 2135 l’espérance
1601 2098 1668 2128 d’un

299 2139 430 2170 meilleur
449 2140 559 2170 avenir.
578 2138 680 2168 J’aime
700 2141 764 2168 tous
782 2138 824 2167 les
845 2138 976 2167 hommes
995 2145 1064 2168 sans
1082 2137 1244 2175 exception,
1262 2140 1290 2167 et
1313 2136 1383 2167 c’est
1402 2144 1487 2174 parce
1508 2144 1564 2174 que
1582 2137 1610 2175 je
1630 2137 1670 2167 les

301 2180 376 2210 aime
395 2186 450 2216 que
467 2178 496 2216 je
511 2178 650 2208 voudrais
670 2176 757 2215 qu’ils
771 2176 954 2207 s’aimassent
971 2177 1133 2214 davantage
1151 2179 1230 2206 entre
1247 2183 1314 2211 eux,
1333 2179 1360 2206 et
1386 2183 1441 2213 que
1463 2176 1489 2205 la
1509 2176 1621 2214 portion
1643 2176 1670 2207 la

303 2220 369 2257 plus
382 2218 558 2249 nombreuse
574 2224 686 2248 comme
700 2216 725 2246 la
746 2217 810 2255 plus
825 2215 987 2246 infortunée
1006 2216 1042 2246 de
1059 2216 1085 2245 la
1101 2216 1210 2253 grande
1229 2215 1334 2246 famille
1351 2215 1418 2245 n’en
1432 2215 1474 2245 fût
1489 2223 1542 2253 pas
1559 2216 1585 2245 la
1607 2216 1671 2254 plus

301 2258 539 2289 délaissée_»

233 2304 277 2338 53
300 2304 363 2336 La
380 2301 511 2342 Place
531 2299 746 2342 (P.-Simon
768 2298 840 2344 de),
861 2298 1019 2334 illustre
1040 2297 1255 2344 géomètre,
1276 2299 1498 2334 astronome
1518 2300 1558 2334 et
1577 2299 1671 2345 phy¬

301 2345 440 2388 sicien,
462 2346 508 2380 de
529 2344 675 2380 l’Acad.
698 2343 747 2379 fr.
759 2363 801 2369 —
815 2344 857 2379 L.
877 2354 911 2379 a.
932 2354 962 2379 s.
985 2345 1006 2378 à
1026 2344 1064 2379 S.
1084 2345 1128 2378 A.
1151 2342 1356 2388 royale....;
1372 2342 1499 2386 Paris,
1518 2346 1556 2378 18
1569 2346 1669 2389 sept.

305 2392 402 2431 1811,
425 2392 437 2424 1
462 2400 498 2434 p.
526 2388 618 2425 in-f.
645 2387 755 2423 Belle
781 2388 904 2434 pièce,
937 2388 1035 2423 mais
1066 2387 1162 2423 dont
1192 2397 1243 2421 un
1274 2388 1362 2422 coin
1393 2387 1439 2422 de
1467 2387 1506 2423 la
1535 2398 1669 2433 marge

302 2434 536 2479 supérieure
557 2436 618 2469 est
638 2434 774 2478 coupé.

348 2480 507 2517 Hommage
528 2480 597 2510 d’un
625 2478 802 2517 exemplaire
821 2479 857 2509 de
873 2478 925 2509 son
944 2477 1090 2508 Mémoire
1116 2485 1175 2507 sur
1193 2475 1235 2507 les
1254 2475 1471 2516 probabilités,
1487 2477 1556 2515 qu’il
1574 2487 1590 2509 a
1608 2479 1635 2509 lu
1656 2479 1672 2508 k

304 2519 440 2550 l’Institut
456 2521 484 2549 et
502 2519 549 2557 qui
572 2518 622 2549 fait
642 2517 734 2557 partie
759 2518 828 2548 d’un
847 2517 938 2556 grand
955 2524 1082 2555 ouvrage
1101 2516 1169 2554 qu’il
1194 2516 1254 2547 doit
1278 2516 1389 2554 publier
1408 2515 1515 2547 bientôt
1532 2525 1582 2548 sur
1600 2521 1673 2549 cette

309 2558 500 2589 intéressante
517 2559 648 2589 matière.
