1884 2836
897 179 940 217 -
970 179 1017 217 16
1046 200 1089 208 -

283 278 325 312 54
349 278 546 322 Laurent
563 277 727 323 (Marie),
744 289 819 313 une
835 278 903 314 des
923 279 1091 315 actrices
1104 278 1161 314 les
1176 278 1267 324 plus
1287 278 1536 324 distinguées
1551 279 1597 314 de
1613 279 1727 314 notre

352 322 516 367 époque.
536 342 578 348 —
597 322 640 358 L.
662 333 696 358 a.
717 333 748 358 s.
769 323 792 358 à
811 323 863 358 M.
884 323 1107 366 Boïeldieu,
1130 325 1141 358 1
1166 334 1203 375 p.
1225 323 1341 358 in-18.
1642 325 1664 358 2
1709 335 1727 355 »

284 367 327 402 55
350 367 561 412 Loriquet
578 367 626 411 (le
646 367 746 402 Père
766 367 940 419 J.-Nie.),
956 367 1121 413 jésuite,
1141 367 1296 403 célébré
1324 378 1394 412 par
1419 370 1488 403 son
1513 370 1659 403 Histoire
1689 368 1732 402 de

349 414 485 446 France.
505 432 547 438 —
567 412 683 447 Pièce
703 412 734 447 si
741 423 779 458 g.
799 413 846 446 de
867 413 925 447 lui
946 415 987 448 et
1006 413 1053 448 do
1073 412 1253 455 Rusand,
1277 414 1374 456 1819,
1394 415 1415 448 2
1433 423 1470 459 p.
1491 412 1583 449 in-4.
1642 414 1663 447 4
1710 424 1727 444 »

389 458 488 488 Traité
507 458 603 489 relatif
615 459 631 488 à
649 458 675 488 la
695 458 870 496 publication
888 459 925 488 de
941 467 991 489 ses
1007 467 1161 497 ouvrages,
1181 462 1209 489 et
1226 466 1260 488 en
1282 458 1448 496 particulier
1461 462 1496 489 de
1513 458 1567 489 son
1586 457 1728 488 Histoire

350 496 388 525 (lu
407 496 542 527 France.

283 536 325 570 56
349 536 481 569 Louis
498 537 590 577 XV,
611 535 670 570 roi
691 535 737 570 de
759 535 924 572 France.
946 556 988 562 —
1008 536 1118 572 Belle
1140 536 1248 582 pièce
1265 535 1296 570 si
1303 545 1340 581 g.
1362 546 1456 571 avec
1477 536 1513 571 le
1535 537 1617 579 mot
1633 537 1729 579 paiés

352 582 503 625 autog.,
527 582 622 622 1762,
648 582 657 614 1
683 590 718 625 p.
741 579 834 615 in-f.
1641 582 1662 614 4
1710 592 1727 611 »

393 627 416 655 A
432 627 496 656 cüté
519 627 555 656 de
571 625 596 655 la
612 625 692 656 vraie
709 625 857 663 signature
875 627 913 656 du
933 627 975 657 roi
994 634 1026 657 se
1043 629 1144 657 trouve
1162 634 1214 657 sur
1238 628 1312 656 cette
1338 626 1416 663 pièce
1438 627 1463 656 la
1482 625 1631 664 signature
1646 625 1681 655 de
1702 625 1727 655 la

353 665 442 698 main,
459 664 656 702 particularité
673 673 755 694 assez
768 672 844 696 rare.

282 704 321 739 57
348 704 550 746 Mazarin
569 702 616 746 (le
638 703 817 738 cardinal
836 703 975 747 Jules),
1002 703 1161 738 illustre
1188 703 1344 738 homme
1371 703 1513 738 d’Etat.
1540 722 1582 728 —
1610 702 1652 737 L.
1681 712 1727 745 s.,

350 757 398 782 en
419 747 574 791 italien,
596 758 689 782 avec
710 748 749 783 la
767 748 1035 793 souscription
1056 750 1212 792 aUtog.;
1234 748 1321 791 Aix,
1348 750 1387 783 13
1406 758 1510 783 mars
1532 749 1627 790 1660,
1654 750 1664 781 l
1690 757 1726 792 p.

352 791 440 827 in-f.
1624 794 1663 827 15
1710 804 1727 822 »

283 837 325 872 58
349 837 532 878 Moreau
542 836 688 881 (J.-M.),
701 836 761 872 dit
772 838 800 872 le
811 840 924 874 Jeune,
941 836 1130 882 gracieux
1144 836 1382 881 vignettiste
1398 836 1448 871 du
1465 846 1563 871 xvin
1565 842 1578 858 0
1593 835 1726 871 siècle.

349 900 390 906 —
412 881 452 916 L.
475 892 509 916 a.
530 892 560 916 s.
582 881 604 915 à
621 881 943 923 Beaumarchais,
968 884 1064 924 1781,
1089 884 1100 916 1
1125 891 1161 927 p.
1184 882 1277 916 in-4.
1617 883 1661 917 20
1709 893 1725 913 »

389 928 464 957 Très
482 926 553 957 belle
572 926 667 963 lettre,
684 928 804 957 relative
818 928 835 957 k
847 935 880 957 sa
899 927 1049 958 collection
1071 927 1106 957 de
1125 927 1192 965 vign
1204 929 1268 958 -ttes
1286 934 1361 965 pour
1380 926 1406 958 le
1427 925 1566 958 Voltaire
1583 925 1621 956 de
1634 924 1724 956 liehl.

282 966 325 1001 59
348 966 531 1009 Murger
550 964 713 1009 (Henri),
734 965 910 1000 écrivain
931 965 1119 1010 original,
1141 967 1287 1001 auteur
1307 965 1354 1000 de
1380 965 1420 1000 la
1442 967 1502 1000 Vie
1522 966 1562 999 de
1580 966 1727 1000 Bohème.

349 1029 391 1035 —
409 1010 453 1045 L.
475 1020 509 1045 a.
530 1020 559 1045 s.
581 1010 603 1044 à
622 1010 674 1045 M.
695 1010 918 1053 Boïeldieu,
942 1012 954 1044 1
979 1020 1015 1054 p.
1037 1009 1133 1046 in-8.
1641 1011 1662 1044 3
1710 1021 1726 1042 »

282 1056 325 1091 60
348 1055 575 1098 Napoléon
593 1056 665 1097 I«r,
687 1064 899 1100 empereur
918 1054 985 1089 des
1005 1054 1208 1103 Français.
1228 1074 1271 1079 —
1290 1054 1333 1089 L.
1360 1064 1405 1096 s.,
1433 1063 1582 1089 comme
1610 1054 1727 1097 géné¬

349 1099 408 1134 ral
429 1109 477 1133 en
499 1098 592 1133 chef
616 1098 663 1133 de
690 1099 849 1134 l’armée
877 1099 1082 1145 d’Egypte,
1109 1110 1159 1134 au
1191 1099 1352 1145 générai
1382 1098 1494 1144 Vial;
1527 1098 1563 1134 le
1598 1098 1726 1141 Caire,

347 1146 390 1180 23
409 1143 538 1179 brum.
560 1154 609 1178 an
629 1143 713 1187 VII,
738 1146 750 1179 1
774 1154 811 1190 p.
832 1143 925 1179 in-f.
1638 1145 1660 1178 9
1708 1156 1724 1176 »

394 1189 471 1220 Belle
483 1189 578 1227 lettre,
596 1189 684 1220 écrite
698 1197 751 1228 par
769 1190 946 1221 Bourrienne
964 1197 1034 1220 sous
1053 1189 1079 1220 la
1095 1189 1186 1221 dictée
1200 1189 1236 1220 de
1249 1189 1425 1228 Bonaparte,
1442 1188 1561 1219 relative
1576 1188 1593 1219 k
1611 1188 1636 1218 la
1651 1195 1728 1218 cam¬

352 1236 445 1266 pagne
462 1228 616 1266 d’Egypte.

281 1268 319 1303 61
348 1268 538 1318 Orléans
557 1266 812 1318 (L.-Ph.-Jos.
834 1266 894 1311 d’),
921 1266 981 1302 dit
998 1267 1142 1310 Egalité.
1163 1286 1206 1292 —
1234 1266 1343 1302 Belle
1370 1266 1478 1312 pièce
1508 1266 1599 1311 sig.,
1629 1268 1726 1310 1789,

352 1313 413 1355 1/2
432 1321 468 1356 p.
491 1311 583 1347 in-i.
1640 1312 1662 1345 4
1708 1323 1725 1344 »

280 1357 324 1392 62
348 1356 537 1400 Orléans
558 1355 797 1400 (Ferd.-Ph.,
819 1354 894 1390 duc
915 1355 974 1400 d’),
1002 1355 1066 1391 fils
1089 1354 1180 1390 aîné
1208 1355 1259 1391 du
1293 1356 1352 1391 roi
1384 1354 1725 1400 Louis-Philippe.

345 1421 389 1427 —
408 1400 450 1435 L.
472 1411 506 1435 a.
528 1411 580 1445 s.;
601 1400 659 1435 les
678 1399 892 1444 Tuileries,
917 1402 1013 1443 1840,
1038 1403 1049 1435 1
1076 1410 1112 1446 p.
1134 1400 1231 1435 in-8.
1622 1401 1660 1434 10
1709 1412 1725 1432 »

279 1447 323 1481 63
345 1445 502 1489 Palloy
521 1445 563 1480 (le
574 1445 744 1490 patriote),
766 1444 802 1480 le
824 1444 1088 1480 démolisseur
1107 1445 1153 1479 de
1175 1445 1215 1480 la
1232 1444 1415 1480 Bastille.
1434 1463 1477 1469 —
1503 1443 1725 1479 Circulaire

348 1489 577 1535 imprimée,
608 1500 702 1524 avec
733 1499 777 1525 sa
803 1489 1012 1535 signature
1044 1491 1181 1535 autog.
1210 1491 1339 1533 Palloy,
1356 1491 1521 1534 patriote;
1556 1491 1596 1524 12
1622 1498 1728 1524 mars

352 1536 447 1577 1792,
471 1537 482 1569 1
508 1544 544 1579 p.
566 1533 657 1569 in-f.
1640 1536 1661 1568 3
1708 1546 1725 1566 »

390 1579 531 1610 Curieuse
549 1579 629 1618 pièce
642 1579 761 1610 relative
779 1579 794 1609 k
814 1586 862 1610 ses
879 1579 1028 1610 médailles
1047 1579 1169 1610 fondues
1188 1587 1258 1610 avec
1276 1579 1318 1610 les
1336 1579 1482 1611 barreaux
1499 1579 1535 1609 de
1552 1578 1579 1608 la
1597 1578 1727 1609 Bastille.

279 1619 323 1654 64
346 1619 406 1653 Le
425 1619 582 1653 même.
597 1637 639 1643 —
658 1618 783 1654 Billet
802 1618 824 1652 à
843 1618 958 1653 ordre
980 1619 1063 1653 aut.
1085 1618 1161 1663 sig.
1638 1619 1660 1652 2
1708 1630 1724 1649 »

280 1664 324 1698 65
346 1663 547 1707 Pedrotti
582 1662 735 1707 (Carlo),
773 1662 1043 1708 compositeur
1077 1662 1220 1698 italien
1252 1662 1471 1707 distingué,
1503 1662 1650 1697 auteur
1680 1661 1726 1696 de
1760 1671 1772 1686 *

346 1711 465 1742 homéa
482 1708 519 1742 di
537 1709 696 1750 Monfort.
704 1727 747 1733 —
764 1707 805 1743 L.
827 1717 860 1743 a.
881 1718 927 1751 s.,
947 1718 996 1742 en
1017 1707 1204 1756 français,
1225 1707 1248 1742 à
1266 1707 1319 1743 M.
1334 1706 1564 1752 Boïeldieu;
1585 1706 1726 1750 Turin,

352 1754 448 1795 1869,
468 1755 489 1787 2
508 1762 545 1797 p.
566 1752 659 1787 in-8.
1638 1753 1660 1786 4
1710 1764 1726 1784 »

387 1797 529 1828 Curieuse
544 1797 628 1828 lettre
645 1797 763 1828 relative
775 1798 791 1827 k
810 1805 864 1828 son
880 1798 970 1836 opéra
990 1797 1041 1828 des
1055 1797 1217 1836 Masques.
1236 1797 1258 1827 11
1274 1797 1397 1828 termine
1412 1796 1483 1827 ainsi
1499 1804 1507 1827 :
1526 1807 1539 1822 «
1558 1795 1639 1827 Vous
1658 1804 1727 1835 par¬

348 1836 492 1868 donnerez
511 1844 568 1868 aux
588 1837 680 1867 fautes
698 1849 704 1867 :
722 1836 794 1867 c’est
811 1837 837 1866 la
856 1837 999 1875 première
1017 1836 1072 1867 fois
1091 1844 1145 1874 que
1156 1836 1254 1875 j’écris
1268 1844 1303 1866 en
1322 1836 1459 1874 français.
1478 1848 1490 1863 »

279 1877 322 1911 66
345 1877 507 1921 Périga
525 1876 576 1921 (M
581 1882 618 1899 me
621 1877 644 1921 ),
665 1875 820 1911 célèbre
843 1875 990 1912 actrice
1011 1874 1348 1921 contemporaine.
1369 1894 1410 1901 —
1438 1874 1478 1910 L.
1506 1884 1540 1910 a.
1566 1884 1612 1918 s.,
1643 1876 1655 1910 1
1688 1884 1725 1920 p.

347 1920 441 1955 in-8.
1635 1923 1656 1955 3
1705 1931 1722 1951 »

278 1967 321 2000 67
345 1966 502 2009 Porret
520 1965 606 2009 (H.),
627 1964 760 2000 habile
781 1966 822 2000 et
841 1964 981 2000 fécond
1003 1975 1177 2010 graveur
1196 1964 1243 1999 de
1264 1965 1479 2010 vignettes.
1499 1984 1541 1990 —
1560 1964 1603 2000 L.
1632 1974 1666 1999 a.
1693 1974 1724 1999 s.

346 2010 368 2044 à
386 2010 439 2044 M.
460 2009 680 2055 Delaunay,
703 2011 800 2053 1840,
825 2012 837 2044 1
862 2020 898 2055 p.
920 2010 1018 2045 in-8.
1637 2011 1659 2044 3
1708 2021 1722 2040 >>

387 2055 518 2086 Uelative
533 2056 550 2086 k
569 2055 620 2086 des
639 2056 781 2092 vignettes
797 2057 920 2092 gravées
937 2063 989 2094 par
1009 2055 1046 2085 lui
1067 2054 1140 2093 pour
1159 2054 1310 2086 l'Artiste.

280 2094 323 2129 68
346 2094 488 2137 Ravel
508 2094 591 2137 (A.),
613 2093 649 2129 le
670 2093 894 2144 désopilant
914 2096 1053 2129 acteur
1070 2094 1251 2140 comique
1281 2094 1333 2128 du
1365 2092 1660 2138 Palais-Royal.
1681 2112 1723 2118 —

346 2138 389 2173 L.
411 2148 445 2172 a.
466 2148 496 2173 s.
519 2138 541 2172 à
558 2138 610 2173 M.
631 2137 854 2181 Boïeldieu,
878 2140 890 2172 1
913 2148 949 2183 p.
970 2138 1089 2174 in-18.
1636 2139 1657 2173 3
1703 2150 1720 2170 »

279 2184 323 2218 69
346 2184 585 2233 Ravignan
607 2182 654 2227 (le
674 2182 775 2217 Père
795 2184 839 2218 A.
861 2182 934 2227 de),
954 2193 1008 2217 un
1028 2182 1095 2218 des
1114 2183 1204 2227 plus
1219 2182 1365 2228 grands
1383 2181 1656 2228 prédicateurs
1670 2182 1720 2217 du

344 2237 414 2262 xix
417 2233 430 2249 e
450 2227 582 2263 siècle.
604 2247 646 2253 —
665 2227 709 2262 L.
730 2237 764 2262 a.
785 2238 815 2263 s.
833 2240 841 2272 ;
872 2226 1173 2270 Saint-Acheul,
1204 2229 1300 2271 1854,
1335 2230 1347 2262 1
1383 2237 1419 2272 p.
1448 2226 1544 2262 in-4.
1570 2226 1722 2271 Légère

345 2282 519 2308 cassure.
1635 2274 1656 2307 4
1703 2284 1719 2304 »

385 2318 515 2349 Relative
533 2318 549 2348 k
568 2325 622 2348 son
635 2317 763 2355 ouvrage
780 2316 917 2347 Clément
936 2316 1014 2347 XIII
1031 2319 1059 2347 et
1077 2316 1215 2347 Clément
1234 2317 1317 2348 XIV.

277 2357 322 2392 70
345 2356 524 2401 Rouher
543 2356 682 2401 (Eug.),
704 2355 879 2401 premier
897 2355 1081 2390 ministre
1103 2355 1149 2390 de
1168 2355 1368 2400 Napoléon
1390 2355 1457 2391 III.
1478 2375 1519 2381 —
1546 2355 1590 2391 L.
1619 2366 1653 2391 a.
1674 2366 1722 2399 s.,

348 2402 445 2443 1868,
468 2403 480 2435 1
504 2411 540 2445 p.
562 2400 654 2435 in-8.
675 2403 773 2435 Rare.
1631 2402 1653 2434 6
1701 2413 1720 2433 »

277 2446 316 2481 71
345 2446 644 2489 Saint-Pierre
662 2443 898 2489 (Bernardin
929 2444 1000 2489 de),
1034 2444 1208 2480 l’auteur
1238 2443 1285 2479 de
1319 2446 1399 2479 Paul
1429 2448 1459 2479 et
1490 2446 1657 2488 Virginie.
1678 2464 1720 2469 —

344 2490 389 2525 L.
409 2500 444 2525 a.
464 2500 495 2525 s.
516 2500 566 2525 au
585 2489 751 2525 libraire
770 2488 931 2532 Merlin,
952 2499 1002 2524 an
1021 2488 1108 2532 XII,
1133 2491 1144 2524 1
1169 2500 1206 2535 p.
1227 2489 1323 2525 in-8.
1615 2490 1654 2524 12
1701 2501 1718 2521 »

383 2535 462 2566 Belle
479 2536 581 2574 épitre,
600 2535 674 2566 dans
691 2536 813 2573 laquelle
831 2534 850 2565 il
865 2537 909 2566 est
926 2534 1058 2573 question
1074 2524 1126 2566 des
1154 2524 1271 2566 Études
1292 2535 1329 2565 de
1349 2533 1382 2565 la
1399 2537 1516 2565 nature
1531 2535 1560 2565 et
1577 2534 1613 2564 de
1638 2532 1719 2564 Paul

345 2578 373 2605 et
396 2574 549 2614 Virginie.

566 2653 662 2683 Rouen,
676 2653 699 2679 J.
715 2653 823 2683 Lkcekf,
838 2654 900 2686 imp.
916 2654 946 2679 (le
962 2654 985 2678 la
999 2654 1067 2679 Cour
1080 2652 1186 2685 (l’Appel
1200 2657 1223 2678 et
1237 2653 1267 2678 de
1281 2653 1306 2678 la
1321 2653 1417 2678 Mairie.
