1850 2885
805 167 843 172 —
869 150 891 181 7
915 167 956 173 —

208 241 260 277 M.
289 241 431 280 Alfred
454 243 623 282 Sensier
653 254 677 281 a
704 243 929 282 succombé
958 245 995 281 le
1026 245 1048 280 7
1073 246 1257 289 courant,
1288 243 1313 280 à
1345 253 1424 279 une
1448 241 1603 280 cruelle

158 290 349 339 maladie,
380 293 450 340 qui
481 293 519 330 le
544 295 811 332 tourmentait
839 293 988 342 depuis
1014 294 1109 341 plus
1140 293 1189 331 de
1224 292 1292 330 dix
1318 293 1484 330 années.
1524 293 1603 329 Les

156 346 241 378 arts
266 342 441 389 perdent
465 353 516 380 en
543 343 599 381 lui
622 355 676 381 un
699 345 872 392 critique
900 344 1122 392 distingué,
1144 346 1184 381 et
1205 343 1242 380 le
1264 345 1362 389 goût
1385 342 1459 380 des
1481 345 1604 380 auto¬

157 392 337 439 graphes
369 403 426 430 un
457 393 508 431 de
539 405 608 432 ses
640 394 735 442 plus
769 395 940 432 anciens
971 397 1010 432 et
1041 394 1092 431 de
1129 404 1198 431 ses
1234 393 1328 441 plus
1359 393 1605 441 passionnés

156 441 372 480 zélateurs.
403 443 519 481 Nous
544 444 844 492 rappellerons,
871 443 976 483 dans
1012 444 1050 482 le
1085 444 1284 492 prochain
1323 444 1509 489 numéro,
1544 444 1606 480 les

157 491 296 530 divers
323 493 440 531 titres
468 494 538 542 qui
568 494 908 533 recommandent
932 506 979 532 sa
1003 494 1203 532 mémoire
1238 504 1290 531 au
1316 493 1510 531 souvenir
1533 493 1607 530 des

157 543 326 581 artistes
346 546 386 581 et
404 543 479 581 des
500 545 682 582 curieux.

215 737 799 801 AUTOGRAPHES
857 739 899 801 A
951 737 1143 801 PRIX
1203 725 1569 805 MARQUÉS

377 869 432 903 En
453 870 569 905 vente
590 869 680 905 chez
701 869 880 905 Gabriel
899 869 1216 911 GHARAVAY,
1238 870 1390 914 expert,

593 970 630 1008 8.
660 970 742 1009 QUAI
771 970 814 1002 DU
844 969 993 1007 LOUVRE,
1025 971 1043 1002 A
1072 970 1185 1003 PARIS.

162 1119 414 1151 Abréviations
435 1130 444 1151 :
465 1121 500 1151 L.
520 1130 554 1151 a.
637 1121 743 1152 lettre
758 1121 982 1161 autographe
1003 1125 1035 1153 et
1051 1121 1189 1161 signée;
1211 1122 1320 1153 Acad,
1337 1123 1400 1161 fr.,
1419 1121 1610 1153 Académie

278 1171 481 1211 française;
498 1171 635 1208 Sousc.,
656 1171 892 1211 compliment
911 1172 1116 1203 terminant
1132 1172 1168 1203 la
1185 1172 1309 1209 lettre;
1328 1173 1382 1208 P.,
1393 1181 1495 1212 page.

212 1375 222 1408 1
250 1372 592 1414 Abd-el-Kader,
624 1372 660 1407 le
691 1372 845 1408 célèbre
877 1372 977 1408 émir
1007 1373 1053 1407 de
1085 1372 1291 1418 l’Algérie.
1323 1393 1363 1398 —
1395 1374 1608 1413 Quittance

253 1419 412 1462 portant
440 1428 483 1453 sa
510 1417 717 1463 signature
749 1421 789 1453 et
819 1428 888 1453 son
916 1417 1070 1461 cachet;
1100 1420 1144 1452 25
1173 1419 1271 1463 sept.
1306 1419 1401 1461 1855,
1429 1421 1439 1453 1
1469 1429 1504 1464 p.
1531 1420 1611 1454 in-8

252 1462 331 1499 obi.
1506 1466 1548 1499 20
1595 1480 1612 1495 »

290 1508 384 1545 Reçu
404 1507 445 1538 de
463 1507 551 1543 8,333
568 1507 607 1537 fr.
627 1515 712 1546 pour
726 1507 760 1537 la
777 1507 919 1545 pension
936 1516 1001 1546 que
1020 1507 1068 1538 lui
1086 1507 1156 1541 fait,
1177 1508 1198 1538 à
1217 1507 1375 1542 Brousse,
1408 1508 1437 1538 le
1465 1517 1609 1546 gouver¬

253 1548 391 1577 nement
405 1546 564 1585 français.
584 1547 626 1577 Sa
644 1545 821 1580 signature
836 1548 868 1577 et
889 1555 952 1577 son
971 1547 1089 1577 cachet
1106 1548 1185 1577 sont
1203 1547 1349 1578 certifiés
1367 1555 1427 1586 par
1448 1548 1479 1578 le
1504 1548 1608 1579 baron

255 1587 440 1620 Rousseau,
462 1586 582 1617 consul
600 1586 641 1616 de
660 1585 789 1616 France
805 1586 826 1616 à
845 1586 1004 1617 Brousse.

208 1627 228 1659 2
251 1627 398 1668 About
416 1625 526 1669 (Ed.),
553 1624 706 1659 célébré
735 1624 966 1660 littérateur
984 1627 1024 1660 et
1042 1624 1267 1670 publiciste.
1284 1645 1326 1651 —
1346 1625 1388 1660 L.
1410 1636 1443 1661 a.
1464 1627 1493 1661 s.
1516 1627 1537 1661 à
1557 1638 1608 1662 un

253 1670 345 1712 ami,
370 1672 465 1713 1861,
484 1671 505 1703 2
524 1680 559 1714 p.
581 1668 672 1704 in-8.
1526 1673 1546 1706 4
1594 1687 1611 1703 »

292 1715 454 1746 Curieuse
472 1715 571 1745 lettre
588 1714 727 1745 relative
745 1714 766 1745 à
786 1724 831 1745 un
848 1716 968 1754 procès
993 1715 1035 1745 de
1054 1723 1170 1753 presse
1189 1715 1248 1755 qui
1266 1715 1314 1745 lui
1332 1715 1383 1746 est
1401 1715 1531 1747 intenté
1549 1725 1610 1755 par

254 1755 283 1785 le
298 1755 441 1793 parquet
459 1755 500 1785 de
520 1754 678 1784 Saverne.

208 1796 228 1828 3
253 1794 465 1828 Adélaïde
483 1794 750 1836 d’Autriche,
772 1793 881 1828 reine
901 1793 946 1828 de
968 1792 1200 1839 Sardaigne,
1229 1793 1371 1828 femme
1391 1794 1437 1829 de
1459 1794 1608 1830 Victor-

254 1838 499 1873 Emmanuel.
520 1858 562 1862 —
581 1837 623 1873 L.
645 1848 679 1873 a.
700 1848 745 1882 s.,
767 1849 816 1873 en
836 1838 1020 1881 français,
1041 1838 1063 1872 à
1081 1848 1123 1873 sa
1146 1838 1262 1873 chère
1286 1838 1448 1883 Louise;
1469 1839 1609 1882 Turin,

254 1885 296 1918 20
316 1882 398 1917 déc.
424 1884 517 1925 1852,
537 1884 559 1917 2
576 1892 611 1927 p.
632 1876 729 1917 in-8.
1526 1886 1548 1919 5
1595 1899 1611 1915 »

208 1930 229 1963 4
253 1928 440 1972 Agassiz
468 1927 626 1972 (Louis),
658 1927 895 1963 naturaliste
925 1927 1064 1971 suisse,
1096 1927 1247 1962 célèbre
1277 1938 1347 1973 par
1365 1938 1425 1963 ses
1445 1930 1612 1964 travaux

253 1983 322 2008 sur
341 1972 397 2007 les
418 1972 599 2017 glaciers.
620 1992 662 1996 —
681 1972 723 2008 L.
743 1983 777 2008 a.
798 1983 842 2015 s.,
867 1975 879 2007 1
903 1983 938 2018 p.
959 1972 1054 2007 in-8.
1526 1976 1547 2009 3
1594 1989 1610 2004 «

208 2020 230 2054 5
252 2018 436 2062 Aimard
466 2017 679 2062 (Gustave),
712 2017 864 2052 célèbre
893 2017 1126 2052 romancier.
1147 2036 1188 2042 —
1207 2016 1323 2052 Pièce
1355 2017 1401 2052 de
1430 2028 1532 2061 vers,
1563 2029 1611 2052 en

253 2062 455 2108 espagnol,
476 2063 558 2096 aut.
579 2061 668 2107 sig.,
693 2063 703 2095 1
728 2073 765 2108 p.
786 2063 881 2097 in-4.
1526 2066 1547 2098 3
1594 2077 1610 2093 »

208 2110 229 2142 6
253 2107 481 2149 Alembert
500 2106 548 2149 (J.
567 2106 723 2142 Lerond
745 2107 805 2152 cl’),
820 2107 1050 2142 littérateur
1063 2106 1114 2141 du
1128 2117 1227 2142 xvin
1230 2112 1242 2128 6
1257 2106 1389 2150 siècle,
1405 2106 1451 2141 de
1467 2107 1610 2142 l’Acad.

254 2152 303 2187 fr.
323 2173 365 2177 —
384 2152 427 2186 L.
449 2162 483 2186 a.
504 2162 549 2193 s.,
574 2153 668 2193 1774,
693 2154 704 2186 1
728 2162 765 2197 p.
786 2152 878 2187 in-4.
1528 2155 1549 2187 6
1596 2166 1612 2184 »

293 2197 320 2227 Il
340 2196 508 2227 demande
522 2196 623 2243 qu’on
642 2196 690 2226 lui
706 2205 869 2228 conserve
887 2197 920 2227 la
935 2196 1163 2234 gratification
1179 2197 1336 2227 annuelle
1356 2196 1397 2227 de
1414 2198 1470 2228 800
1493 2198 1532 2228 fr.
1556 2206 1614 2228 sur

255 2236 288 2267 la
307 2236 452 2267 Gazette
465 2235 507 2265 cle
521 2234 658 2266 France
662 2260 669 2271 ,
686 2235 770 2267 dont
785 2236 808 2266 il
827 2236 913 2275 jouit
928 2236 1050 2275 depuis
1070 2235 1240 2273 plusieurs
1258 2236 1395 2267 années.

208 2278 229 2311 7
253 2276 581 2319 Allan-Kardec
611 2275 799 2319 (H.-L.-D.
829 2275 975 2319 Rivail)
995 2275 1031 2310 le
1051 2275 1143 2309 cnef
1161 2274 1228 2310 des
1253 2274 1433 2320 Spirites,
1464 2275 1530 2321 qui
1556 2275 1614 2311 lui

253 2322 323 2355 ont
340 2319 449 2354 élevé
470 2330 523 2354 un
544 2319 728 2354 tombeau
749 2331 797 2355 au
817 2320 917 2355 Père
942 2319 1142 2355 Lachaise.
1163 2339 1205 2345 —
1224 2319 1268 2355 L.
1289 2331 1322 2355 a.
1344 2330 1374 2355 s.
1395 2322 1417 2355 à
1435 2320 1485 2355 M.
1513 2320 1617 2356 d’At-

255 2364 453 2407 tainville,
476 2366 572 2406 1858,
597 2367 608 2398 1
633 2375 669 2409 p.
691 2365 787 2400 in-8.
1531 2367 1552 2400 5
1598 2379 1615 2397 »

210 2412 230 2446 8
254 2409 444 2453 Ampère
458 2408 620 2453 (A.-M.),
636 2411 775 2444 savant
789 2408 1111 2444 mathématicien
1125 2409 1165 2444 et
1179 2408 1396 2454 physicien,
1410 2409 1456 2444 de
1471 2409 1615 2446 l’Acad.

256 2455 324 2490 des
343 2453 419 2494 Se.,
441 2453 538 2489 dont
557 2464 606 2488 on
626 2464 648 2488 a
667 2454 800 2499 publié
822 2454 860 2489 la
880 2454 1083 2500 gracieuse
1109 2454 1444 2499 correspondance
1464 2465 1556 2489 avec
1576 2466 1618 2491 sa

258 2500 414 2534 femme.
434 2518 477 2523 —
495 2498 538 2534 L.
560 2509 594 2534 a.
615 2509 644 2534 s.
666 2509 713 2534 au
740 2499 967 2544 professeur
996 2498 1156 2542 Bredin,
1189 2499 1212 2534 à
1238 2498 1365 2544 Lyon;
1400 2501 1495 2542 1822,
1528 2501 1549 2534 3
1581 2511 1617 2545 p.

257 2545 350 2579 in-4.
1533 2547 1555 2579 5
1601 2557 1617 2576 »

297 2589 529 2620 Intéressante
557 2589 665 2627 épître
694 2588 834 2620 relative
850 2589 870 2619 à
885 2589 946 2620 des
972 2589 1191 2628 expériences
1210 2598 1270 2620 sur
1295 2589 1327 2620 la
1345 2589 1422 2628 pile.
1446 2588 1474 2621 Il
1490 2598 1510 2628 y
1525 2589 1618 2630 parle

258 2630 300 2660 de
319 2628 514 2663 Ballanche,
536 2629 571 2658 et
589 2628 631 2660 de
650 2636 712 2660 son
732 2629 795 2664 fils,
819 2628 878 2668 qui
897 2628 1024 2660 achève
1040 2637 1106 2660 une
1126 2628 1220 2668 pièce
1236 2630 1278 2661 de
1293 2629 1434 2660 théâtre.
