1876 2823
887 166 930 199 —
954 166 976 199 6
999 184 1040 190 —

240 259 291 299 de
316 258 432 297 Thou
444 272 451 307 ;
480 260 1072 309 Montmorency-Bouteville,
1095 259 1133 298 le
1152 259 1398 298 connétable
1429 259 1480 297 de
1509 261 1691 310 Luynes,

239 310 563 358 Saint-Mégrin,
589 310 784 359 Ruvigny
808 313 847 348 et
867 310 905 348 le
927 314 1062 349 comte
1082 310 1133 348 de
1153 310 1367 358 Soissons;
1387 311 1437 348 H.
1459 309 1510 347 de
1529 310 1691 356 Rohan,

241 361 279 398 le
296 360 393 399 chef
407 360 481 398 des
497 360 760 408 Calvinistes,
776 361 837 399 les
857 362 984 400 Guise
1006 364 1046 399 et
1062 361 1123 399 les
1139 362 1356 409 Lorraine;
1371 360 1432 398 les
1446 360 1693 408 Coulanges,

241 410 301 449 les
324 410 508 457 Grignan
530 413 570 448 et
589 411 651 449 les
672 412 874 460 Simiane;
904 413 1097 454 Bouvart,
1124 411 1315 449 médecin
1347 411 1398 448 de
1429 411 1557 448 Louis
1586 412 1692 454 XIII,

242 464 282 499 et
294 461 445 509 Vallot,
464 461 651 499 médecin
668 462 719 499 de
738 462 864 500 Louis
882 463 989 500 XIV.
1006 482 1048 488 —
1065 462 1124 499 La
1143 461 1499 509 Rochefoucauld,
1521 461 1695 499 l’auteur

242 511 317 549 des
336 511 542 549 Maximes
562 524 574 554 ;
597 512 750 558 Rollin,
777 513 869 549 J.-J.
891 512 1110 550 Rousseau
1134 515 1174 550 et
1195 512 1442 550 Voltaire.—
1464 512 1546 549 Les
1571 511 1696 549 vieux

242 562 452 600 membres
473 562 523 600 de
549 562 802 601 l’Académie
820 562 1027 608 française
1053 575 1061 600 :
1084 562 1249 608 Balzac,
1277 561 1509 609 Renaudot,
1533 563 1700 610 Bussy-

241 612 438 658 Rabutin,
466 614 633 660 Bautru,
658 613 868 659 Dangeau,
896 612 1064 651 Godeau
1088 615 1127 650 et
1150 612 1247 650 bien
1272 613 1516 650 d'autres.—
1535 611 1697 650 Guadet

243 665 283 699 et
304 664 410 700 J.-B.
446 665 622 709 Louvet;
657 663 842 701 Couthon
873 664 912 700 et
946 663 1098 711 Joseph
1132 663 1293 710 Lebon;
1333 662 1487 710 Hoche,
1528 662 1693 708 Desaix,

244 713 438 750 Marceau
455 716 494 751 et
510 713 673 751 Kléber.
693 734 734 740 —
748 713 914 752 Samuel
938 713 1215 760 Richardson,
1242 713 1537 761 Washington,
1571 715 1646 750 etc.

294 764 458 800 Lettres
487 762 663 812 signées.
699 763 869 801 Charles
901 764 972 810 IX,
1007 763 1126 801 lettre
1166 763 1435 811 importante,
1477 773 1579 800 avec
1617 773 1700 800 une

244 813 493 862 demi-page
514 814 788 862 autographe;
816 813 1016 860 François
1040 815 1090 860 II,
1112 813 1612 851 Charles-le-Téméraire
1628 825 1635 860 ;
1662 812 1701 850 le

246 864 392 902 bâtard
416 863 467 902 de
492 864 664 911 Dunois,
687 863 863 901 l’amiral
885 863 936 902 de
955 864 1130 902 Bonivet
1143 876 1150 911 ;
1173 864 1212 902 le
1236 863 1447 902 maréchal
1464 864 1515 901 de
1538 863 1624 901 Gié.
1653 884 1701 890 —

246 914 495 953 Terminons
515 925 590 963 par
608 925 666 952 un
690 914 798 953 beau
823 924 1019 953 morceau
1035 927 1043 952 :
1064 924 1145 952 une
1165 913 1283 953 lettre
1304 914 1355 952 de
1379 913 1550 960 Racine,
1576 916 1700 951 auto¬

247 964 418 1014 graphe,
444 975 527 1003 non
546 965 704 1013 signée,
728 964 834 1002 mais
853 964 1046 1013 superbe,
1073 975 1174 1003 avec
1200 964 1357 1003 cachet.

298 1095 389 1133 Une
401 1096 523 1132 vente
540 1092 861 1141 d’autographes
877 1092 1127 1141 importante
1137 1091 1224 1130 doit
1237 1092 1352 1130 avoir
1363 1092 1445 1130 lieu
1460 1094 1484 1130 à
1498 1092 1700 1140 Londres,

248 1145 286 1183 le
310 1146 358 1182 23
386 1145 545 1192 janvier
578 1147 750 1181 courant
770 1145 809 1181 et
831 1143 893 1181 les
916 1143 1019 1181 trois
1041 1144 1155 1191 jours
1174 1143 1379 1191 suivants,
1406 1154 1481 1191 par
1505 1143 1568 1182 les
1587 1144 1703 1181 soins

249 1195 300 1233 de
322 1196 421 1232 MM.
444 1194 608 1233 Puttick
627 1196 666 1232 et
684 1193 899 1242 Simpson,
922 1193 1465 1241 commissaires-priseurs,
1487 1194 1594 1232 dans
1613 1194 1702 1232 leur

248 1245 358 1284 belle
387 1247 426 1283 et
456 1246 574 1282 vaste
601 1244 756 1293 galerie
780 1243 831 1281 de
859 1244 1068 1282 Leicester
1099 1254 1270 1292 square,
1292 1244 1352 1281 47.
1381 1245 1440 1281 La
1464 1243 1697 1290 collection,

250 1296 472 1344 composée
491 1306 566 1343 par
584 1305 640 1332 un
659 1294 892 1343 antiquaire
912 1294 963 1332 de
982 1293 1152 1341 Dresde,
1170 1294 1242 1342 qui
1261 1304 1285 1331 a
1304 1293 1385 1332 mis
1407 1298 1609 1343 quarante
1625 1305 1702 1332 ans

250 1348 275 1384 à
299 1346 340 1384 la
367 1344 521 1392 réunir,
552 1345 774 1393 comprend
808 1344 904 1392 plus
934 1344 985 1382 de
1017 1344 1119 1383 trois
1150 1344 1266 1382 mille
1300 1344 1454 1383 lettres.
1491 1346 1554 1383 On
1583 1356 1608 1394 y
1631 1355 1703 1383 re¬

252 1407 440 1445 marque,
461 1398 576 1434 entre
595 1398 735 1433 autres
746 1395 888 1444 pièces
904 1395 1157 1443 précieuses,
1176 1394 1251 1432 des
1268 1394 1411 1433 lettres
1424 1395 1705 1444 autographes

251 1447 419 1495 signées
436 1446 510 1484 des
526 1456 811 1494 personnages
828 1445 1017 1483 suivants
1036 1458 1043 1483 :
1065 1445 1283 1483 Catherine
1300 1447 1315 1482 I
1321 1450 1342 1462 ro
1359 1448 1399 1483 et
1417 1446 1636 1484 Catherine
1654 1448 1703 1492 II,

253 1496 542 1546 impératrices
570 1496 620 1534 de
652 1496 828 1544 Russie;
856 1496 971 1544 Benj.
1003 1495 1219 1543 Franklin,
1244 1496 1502 1545 Kosciusko;
1525 1497 1703 1542 Hébert,

252 1547 291 1586 le
328 1548 436 1585 Père
469 1546 712 1589 Duchesne;
746 1546 921 1593 Goethe,
959 1546 1149 1592 Schiller,
1187 1545 1278 1583 lord
1317 1547 1477 1594 Byron,
1515 1546 1703 1594 Diderot,

253 1598 481 1645 Helvétius,
502 1597 668 1637 Samuel
689 1596 963 1644 Richardson,
987 1596 1053 1634 W.
1078 1596 1327 1643 Robertson,
1349 1597 1448 1634 J.-J.
1470 1598 1703 1643 Rousseau,

253 1648 456 1696 Voltaire,
480 1648 617 1695 Euler,
635 1648 703 1685 W.
724 1646 960 1694 Iîerschell,
982 1646 1211 1693 Lavoisier,
1233 1647 1428 1694 Mesmer,
1450 1647 1703 1692 Beethoven,

254 1698 426 1747 Haydn,
462 1698 616 1737 Weber
634 1710 642 1746 ;
678 1697 753 1735 des
782 1707 1005 1735 morceaux
1035 1697 1086 1735 de
1117 1697 1309 1746 musique
1342 1698 1621 1746 autographes
1652 1697 1704 1735 de

254 1750 413 1787 Mozart
432 1751 471 1786 et
490 1748 541 1786 de
560 1749 689 1787 Franz
714 1747 917 1787 Schubert
931 1759 939 1794 ;
968 1747 1121 1796 Sophie
1140 1747 1328 1785 Arnould
1353 1751 1393 1786 et
1416 1748 1605 1795 Garrick,
1628 1750 1704 1786 etc.

255 1801 314 1838 La
344 1799 560 1838 collection
593 1798 800 1836 renferme
830 1797 944 1836 aussi
976 1808 1058 1835 une
1092 1797 1200 1835 série
1233 1798 1508 1836 intéressante
1542 1798 1706 1836 d’auto¬

256 1850 437 1898 graphes
455 1850 506 1888 de
524 1848 833 1896 réformateurs,
853 1847 933 1886 tels
952 1859 1032 1896 que
1054 1848 1223 1896 Luther,
1245 1847 1403 1896 Calvin,
1426 1849 1706 1896 Mélanchton,

254 1899 440 1948 Zuingle,
469 1899 655 1948 Gaspard
679 1900 836 1938 Peucer
861 1900 900 1936 et
922 1898 1138 1937 Théodore
1163 1898 1214 1936 de
1240 1900 1357 1937 Bèze.

304 1952 362 1989 Le
390 1950 604 1998 catalogue
637 1960 683 1988 se
715 1949 919 1987 distribue
954 1949 1053 1986 chez
1085 1959 1210 1997 nous,
1242 1949 1279 1996 8,
1315 1949 1413 1998 quai
1446 1949 1501 1987 du
1530 1951 1707 1988 Louvre.

255 2002 415 2039 Devant
434 2000 606 2039 assister
627 2001 650 2037 à
675 2002 781 2038 cette
804 2000 944 2045 vente,
965 2008 1072 2036 nous
1093 2009 1200 2037 nous
1219 1999 1472 2046 chargerons
1496 1999 1571 2038 des
1590 2010 1711 2039 com¬

256 2051 457 2090 missions
476 2060 556 2099 que
575 2060 652 2088 nos
673 2049 822 2088 clients
840 2048 1046 2087 voudront
1063 2049 1160 2087 bien
1179 2060 1287 2088 nous
1309 2050 1477 2088 confier.

306 2187 362 2223 M.
385 2183 527 2224 Alfred
544 2183 594 2222 de
611 2183 894 2231 Beauchesne,
911 2183 1060 2222 ancien
1076 2182 1300 2222 secrétaire
1323 2182 1378 2221 du
1397 2184 1714 2225 Conservatoire

256 2237 308 2275 de
332 2236 539 2284 musique,
566 2237 629 2273 est
656 2236 765 2272 mort
795 2234 832 2272 le
864 2234 912 2272 29
942 2234 1170 2273 novembre
1197 2233 1378 2282 dernier,
1410 2234 1516 2273 dans
1544 2246 1592 2274 sa
1623 2237 1715 2275 soi¬

256 2286 614 2326 xante-treizième
644 2286 789 2323 année.
820 2285 851 2323 Il
876 2285 1002 2322 laisse
1032 2294 1114 2322 une
1139 2284 1358 2323 collection
1391 2284 1716 2336 d’autographes

257 2338 461 2384 curieuse,
485 2335 599 2374 riche
626 2337 787 2374 surtout
811 2345 863 2373 en
886 2335 1028 2373 lettres
1057 2337 1096 2373 et
1126 2345 1179 2373 en
1206 2345 1430 2374 morceaux
1460 2336 1511 2375 de
1537 2337 1577 2375 la
1600 2338 1715 2376 main

258 2389 334 2427 des
349 2386 578 2425 musiciens
598 2386 784 2425 célèbres
803 2385 855 2424 de
875 2396 922 2424 ce
943 2385 1083 2423 siècle.
1106 2385 1224 2423 Nous
1239 2396 1424 2424 sommes
1445 2387 1599 2435 chargé
1619 2388 1713 2426 d’en

257 2438 423 2487 rédiger
441 2437 480 2475 le
499 2437 727 2485 catalogue,
750 2437 822 2485 qui
838 2438 1020 2485 paraîtra
1041 2435 1080 2474 le
1104 2436 1213 2474 mois
1230 2436 1444 2484 prochain.
1468 2439 1586 2476 Nous
1606 2449 1712 2477 nous

258 2499 493 2538 proposons
531 2488 583 2526 de
621 2487 804 2535 donner,
846 2487 952 2524 dans
1000 2486 1039 2524 le
1078 2488 1252 2525 numéro
1285 2488 1330 2525 51
1374 2487 1424 2525 de
1468 2488 1509 2526 la
1541 2489 1709 2534 Revue,

258 2550 341 2578 une
360 2539 495 2578 notice
519 2549 591 2577 sur
610 2540 674 2576 cet
698 2536 900 2577 excellent
923 2538 963 2575 et
987 2539 1136 2575 savant
1153 2537 1336 2586 homme,
1357 2538 1469 2577 l’ami
1489 2538 1637 2578 intime
1658 2539 1710 2578 de

261 2589 486 2630 Cherubini
505 2591 545 2628 et
562 2588 755 2628 d’Auber.
