1850 2885
802 165 844 170 —
868 148 889 180 9
912 165 953 170 —

182 239 225 272 24
248 239 426 284 Azeglio
458 239 658 284 (Massimo
686 239 753 295 d’J,
785 239 942 275 illustre
971 239 1124 274 homme
1144 239 1274 275 d’Etat
1301 241 1341 275 et
1368 239 1600 275 littérateur

249 283 403 319 italien.
422 304 464 309 —
493 285 532 319 L.
553 295 586 319 a.
608 295 637 319 s.
659 284 682 319 à
700 286 751 319 M.
772 284 921 326 Rufini,
944 286 955 319 1
978 295 1014 330 p.
1035 284 1130 320 in-4.
1514 286 1534 319 4
1580 298 1597 316 »

181 329 224 362 25
247 329 435 373 Babinet
454 329 600 375 (Jacq.),
621 331 759 364 savant
778 329 981 375 physicien
1002 332 1041 364 et
1059 331 1294 364 astronome.
1316 349 1358 354 —
1381 328 1423 364 L.
1444 339 1477 364 a.
1499 339 1529 364 s.
1549 339 1598 364 au

248 372 415 408 vicomte
435 373 481 408 de
502 374 721 414 Santarem,
741 384 809 409 son
825 374 1003 418 collègue
1019 374 1041 408 à
1060 372 1265 417 l’Institut,
1284 376 1379 417 1855,
1403 376 1413 408 1
1436 384 1471 419 p.
1493 373 1599 416 in-4.,

249 417 399 453 cachet.
1515 420 1535 453 8
1582 431 1598 449 »

287 462 404 501 Epitre
422 463 667 494 très-curieuse
686 471 745 493 sur
762 463 924 501 l’aiguille
945 463 1115 495 aimantée
1135 464 1169 493 et
1182 471 1241 493 sur
1259 463 1291 493 la
1307 463 1477 495 boussole.
1509 463 1537 493 Il
1553 463 1600 494 lui

250 502 378 532 semble
396 510 461 541 que
479 503 553 533 tout
568 510 588 532 a
609 502 662 533 été
677 503 836 541 organisé
858 511 942 541 pour
961 512 1003 533 ne
1021 511 1083 541 pas
1106 502 1210 533 vivre.
1230 503 1275 533 Ce
1294 501 1379 532 n’est
1395 511 1458 541 pas
1473 503 1505 533 la
1522 511 1600 541 pos¬

248 541 381 572 session
397 542 455 580 qui
471 551 491 572 a
512 542 564 572 été
582 542 712 572 donnée
731 542 751 571 à
770 541 938 575 l’homme,
959 542 1042 573 c’est
1059 541 1264 581 l’espérance
1282 550 1288 571 :
1313 541 1440 572 Viande
1460 550 1576 572 creuse
1591 541 1599 571 !

251 590 265 608 «
289 580 339 612 On
356 583 508 619 pourrait
525 581 596 612 dire
612 581 631 610 à
646 581 676 611 la
696 581 902 612 Providence
918 581 958 612 de
975 590 1017 611 ne
1032 590 1093 620 pas
1109 590 1145 612 se
1161 582 1281 611 mettre
1296 589 1339 611 en
1355 581 1501 619 dépense
1516 589 1601 620 pour

253 627 293 649 ne
311 620 440 651 donner
458 628 524 659 que
542 621 584 651 de
598 620 734 659 l’espoir
749 620 757 650 !
774 630 788 649 »

183 659 226 693 26
249 659 401 703 Balbis
437 659 578 703 (J.-B.),
615 661 754 694 savant
790 658 1000 702 botaniste,
1037 659 1238 694 directeur
1273 658 1323 693 du
1354 658 1601 694 Jardin-des-

262 703 422 738 Plantes
442 703 488 738 de
506 704 630 745 Lyon,
650 706 794 739 auteur
813 703 859 738 de
879 704 917 739 la
934 706 1026 739 Flore
1047 706 1239 745 Lyonnaise.
1242 723 1284 728 —
1294 703 1338 738 L.
1359 714 1394 739 a.
1414 714 1458 739 s.:
1479 703 1602 745 Lyon,

254 749 349 789 1820,
368 750 390 782 3
409 758 444 793 p.
469 750 529 791 1/2
548 751 642 783 in-4.
1516 749 1536 782 4
1582 762 1599 779 »»

290 792 520 824 Intéressante
535 794 632 824 lettre
648 801 655 823 :
669 793 836 824 demande
854 793 1003 826 d’arbres
1022 796 1056 824 et
1071 794 1228 825 arbustes
1244 801 1329 832 pour
1346 793 1377 824 le
1392 793 1605 824 Jardin-des-

251 830 389 863 Plantes
410 834 450 863 de
470 833 575 870 Lyon.

183 872 226 905 27
250 872 407 916 Balzac
427 871 594 916 (Honoré
615 871 689 916 de),
709 871 745 906 le
771 871 894 916 grand
916 871 1136 907 romancier
1160 871 1333 907 réaliste.
1353 891 1394 897 —
1414 871 1456 906 L.
1478 882 1511 906 a.
1532 882 1560 907 s.
1583 871 1605 905 à

263 914 529 962 Schlésinger,
554 918 648 958 1837,
675 919 686 951 1
709 926 744 962 p.
764 916 855 952 in-8.
1517 919 1537 951 7
1586 930 1603 947 »

186 961 228 994 28
253 961 428 1002 Bancel,
452 960 605 996 célèbre
637 961 779 1006 député
805 961 850 996 de
881 961 920 996 la
946 961 1087 996 Drôme
1108 963 1147 996 et
1166 960 1211 995 de
1232 960 1604 996 Paris.—Sentence

252 1004 551 1056 philosophique
577 1007 657 1041 aut.
684 1006 757 1051 sig.
772 1018 780 1048 ;
802 1007 924 1050 Gand,
945 1008 966 1041 2
990 1017 1093 1041 mars
1121 1008 1215 1048 1860,
1245 1007 1304 1048 1/2
1324 1016 1358 1051 p.
1381 1005 1491 1049 in-4.,
1513 1016 1604 1040 avec

253 1059 321 1083 son
342 1051 512 1095 portrait
531 1050 831 1096 photographié.
1521 1053 1541 1086 3
1587 1063 1604 1081 »

186 1095 229 1129 29
252 1096 489 1141 Banderali
509 1095 670 1141 (David),
691 1095 844 1131 célèbre
864 1095 1056 1131 chanteur
1075 1097 1114 1130 et
1133 1095 1410 1140 compositeur.
1429 1115 1470 1119 —
1489 1094 1605 1130 Pièce

254 1138 342 1181 sig.,
368 1141 462 1182 1830,
488 1143 498 1175 1
523 1151 558 1186 p.
580 1140 671 1175 in-4.
1521 1142 1543 1174 2
1589 1154 1605 1170 »

289 1184 384 1221 Reçu
407 1185 447 1216 de
468 1194 523 1216 ses
547 1185 821 1224 appointements
847 1193 979 1216 comme
998 1185 1190 1224 professeur
1213 1193 1257 1215 au
1283 1184 1541 1215 Conservatoire
1567 1184 1608 1215 de

258 1219 360 1257 Paris.
187 1262 230 1295 30
254 1263 455 1308 Banville
476 1263 689 1308 (Théodore
709 1263 783 1314 de),
805 1263 955 1298 célèbre
976 1263 1087 1308 poète
1108 1263 1417 1308 contemporain.
1436 1283 1478 1288 —
1499 1263 1606 1311 Reçu

253 1306 326 1351 sig.
349 1307 394 1342 de
414 1318 482 1343 son
504 1308 720 1343 indemnité
742 1307 950 1350 littéraire,
974 1309 1069 1351 1850,
1092 1310 1103 1342 1
1128 1318 1163 1352 p.
1184 1307 1269 1343 in-f.
1521 1301 1542 1342 2
1590 1322 1607 1338 »

187 1352 224 1386 31
254 1353 447 1396 Barante
471 1353 518 1396 (le
546 1353 666 1387 baron
693 1352 765 1397 de),
792 1353 984 1388 historien
1010 1352 1076 1388 des
1098 1352 1193 1387 ducs
1219 1352 1265 1387 de
1290 1352 1540 1397 Bourgogne,
1561 1352 1607 1388 de

254 1396 398 1432 l’Acad.
419 1397 468 1432 fr.
489 1417 530 1422 —
549 1398 592 1433 L.
614 1408 647 1432 a.
670 1407 714 1439 s.,
738 1400 833 1441 1850,
856 1400 866 1432 1
892 1409 927 1443 p.
949 1397 1044 1432 in-8.
1524 1400 1544 1432 2
1591 1411 1608 1428 »

187 1442 231 1475 32
253 1442 417 1487 Barras
432 1442 569 1487 (Paul),
590 1442 741 1477 célèbre
762 1442 1080 1482 conventionnel,
1096 1440 1297 1487 président
1317 1441 1365 1476 du
1389 1441 1609 1477 Directoire

255 1485 442 1522 exécutif.
462 1508 504 1512 —
522 1487 565 1522 L.
587 1498 620 1522 a.
642 1497 671 1523 s.
693 1487 715 1522 à
733 1487 785 1522 M.
807 1487 994 1530 Guillois,
1022 1487 1043 1521 à
1060 1486 1262 1532 Avignon;
1297 1486 1422 1530 Paris,
1442 1488 1485 1521 30
1498 1485 1609 1531 juill.

258 1532 353 1572 1815,
379 1534 388 1565 1
413 1542 448 1577 p.
470 1532 522 1577 pl.
544 1532 653 1570 in-4.,
675 1532 826 1567 cachet.
1506 1534 1544 1566 10
1590 1544 1606 1563 »

294 1576 549 1608 Très-curieuse
573 1577 673 1607 lettre
697 1573 756 1607 sdr
775 1577 824 1607 les
842 1577 1059 1607 événements
1082 1576 1141 1615 qui
1169 1577 1229 1606 ont
1248 1576 1336 1606 suivi
1355 1577 1388 1607 la
1413 1575 1551 1607 bataille
1570 1576 1612 1607 de

256 1615 441 1647 Waterloo.
465 1617 528 1647 Ces
549 1617 767 1647 événements
788 1625 824 1646 se
850 1616 1033 1647 succèdent
1049 1624 1131 1646 avec
1151 1623 1219 1645 une
1235 1615 1313 1645 telle
1328 1615 1484 1654 rapidité,
1509 1615 1611 1654 qu’on

259 1663 301 1685 ne
328 1657 408 1693 peut
433 1655 467 1686 ni
495 1656 543 1686 les
568 1655 725 1695 prévenir
751 1655 785 1685 ni
814 1656 863 1686 les
886 1655 1029 1685 utiliser.
1058 1655 1086 1685 Il
1108 1656 1160 1685 est
1189 1654 1347 1685 essentiel
1374 1664 1439 1694 que
1467 1656 1543 1685 tous
1562 1655 1611 1685 les

261 1694 423 1732 Français
440 1703 476 1726 se
493 1695 686 1726 réunissent
701 1696 735 1725 et
748 1703 813 1733 que
826 1695 939 1725 toutes
954 1695 1004 1725 les
1020 1702 1170 1725 nuances
1192 1696 1337 1724 cessent.
1355 1695 1420 1725 Les
1435 1695 1612 1729 étrangers

258 1731 350 1763 n’ont
380 1742 441 1772 pas
471 1734 613 1772 conquis
647 1735 680 1764 la
709 1735 837 1764 France
862 1742 869 1763 :
897 1734 959 1764 elle
985 1734 1067 1764 s’est
1094 1732 1254 1767 soumise,
1294 1735 1329 1763 et
1359 1734 1550 1772 cependant
1579 1733 1612 1763 la

257 1772 421 1804 situation
437 1775 489 1804 est
516 1773 672 1804 affreuse.
694 1774 806 1809 Quant
823 1774 843 1804 à
867 1772 926 1808 lui,
955 1773 979 1802 il
998 1772 1115 1804 attend
1132 1773 1163 1803 le
1186 1773 1300 1803 retour
1325 1772 1371 1803 du
1397 1773 1505 1803 calme
1526 1780 1613 1811 pour

256 1812 340 1842 aller
356 1820 423 1843 aux
440 1812 634 1850 Aigalades,
658 1813 723 1843 etc.

187 1852 231 1886 33
254 1852 541 1896 Barthélemy
560 1851 699 1897 (Aug.),
721 1852 864 1887 auteur
883 1851 929 1886 de
948 1852 982 1885 la
1000 1852 1199 1887 Némésis.—
1213 1850 1255 1886 L.
1276 1860 1310 1886 a.
1331 1860 1360 1886 s.
1382 1850 1404 1885 à
1423 1850 1475 1886 M.
1496 1850 1608 1891 Plon,

258 1896 353 1936 1836,
378 1899 389 1931 1
415 1906 450 1941 p.
472 1896 569 1931 in-8.
1526 1898 1547 1931 3
1595 1909 1610 1926 »

297 1941 451 1972 Relative
470 1941 490 1972 à
507 1950 543 1972 sa
566 1941 734 1972 brochure
756 1940 1028 1981 l’Orthographe
1047 1939 1186 1979 vengée.

189 1985 232 2019 34
256 1986 314 2019 Le
333 1987 487 2021 même.
508 2006 550 2010 —
575 1986 683 2026 Reçu
714 1985 788 2031 sig.
818 1986 864 2020 de
895 1996 937 2021 sa
966 1984 1128 2031 pension
1157 1984 1369 2028 littéraire,
1404 1986 1500 2028 1849,
1534 1986 1546 2031 1
1575 1996 1611 2031 p.

257 2023 348 2066 in-f.
1526 2031 1548 2064 2
1595 2043 1611 2062 »

190 2075 233 2109 35
256 2076 448 2121 Baschet
467 2075 679 2121 (Armand),
695 2074 915 2111 l’historien
935 2074 981 2110 de
996 2073 1153 2110 Venise.
1175 2094 1213 2099 —
1234 2074 1276 2109 L.
1297 2084 1330 2109 a.
1352 2084 1397 2117 s.,
1420 2076 1514 2117 1858,
1541 2077 1551 2109 1
1575 2085 1611 2120 p.

262 2121 321 2163 1/2
338 2119 433 2155 in-8.
1524 2122 1545 2154 2
1592 2133 1609 2152 »

191 2165 233 2199 36
256 2165 427 2209 Baudot
451 2165 604 2209 (M.-A.),
635 2164 940 2200 conventionnel
970 2163 1244 2208 montagnard,
1277 2163 1428 2198 célèbre
1457 2174 1528 2209 par
1552 2175 1613 2199 ses

258 2209 440 2244 missions
459 2220 536 2244 aux
566 2210 727 2245 armées.
756 2230 797 2234 —
823 2209 869 2244 L.
900 2220 934 2245 a.
957 2220 1009 2253 s.;
1038 2208 1293 2251 Montauban,
1322 2212 1341 2243 7
1368 2207 1474 2252 août,
1495 2219 1543 2243 an
1564 2209 1612 2252 II,

256 2245 1614 2297 3 p. pl. in-f. 8 »
300 2283 1610 2335 Envoyé dans le Midi pour y faire accepter la constitution, il donne
257 2337 317 2368 des
341 2338 462 2369 détails
488 2346 547 2368 sur
563 2338 613 2368 les
634 2338 744 2369 bruits
768 2338 933 2370 absurdes
959 2337 1017 2377 qui
1046 2339 1124 2367 sont
1144 2337 1315 2376 répandus
1341 2339 1456 2368 contre
1470 2338 1502 2368 la
1517 2337 1613 2368 Mon¬

259 2379 361 2414 tagne
389 2379 422 2407 et
448 2379 562 2408 contre
589 2378 696 2407 Paris.
717 2378 845 2408 Cahors
870 2377 955 2408 n’est
978 2385 1040 2416 pas
1061 2377 1145 2407 dans
1174 2376 1223 2407 les
1247 2376 1421 2407 meilleurs
1440 2376 1613 2416 principes

258 2416 487 2455 républicains
499 2427 506 2454 ;
527 2416 734 2447 Montauban
751 2419 834 2448 vaut
853 2417 967 2447 mieux
991 2424 1076 2455 pour
1097 2415 1226 2454 l'esprit
1250 2416 1375 2455 public.
1399 2415 1426 2445 Il
1442 2416 1523 2447 s’est
1547 2416 1613 2446 mis

259 2456 279 2485 à
305 2456 337 2485 la
358 2456 425 2486 tète
443 2455 489 2486 du
506 2455 670 2486 bataillon
692 2455 737 2486 du
762 2457 826 2487 Lot
850 2464 935 2495 pour
953 2456 984 2486 le
1005 2455 1165 2486 conduire
1181 2455 1201 2485 à
1223 2455 1402 2486 Toulouse.
1426 2465 1440 2484 «
1461 2455 1613 2495 Lorsque

261 2496 336 2525 tout
348 2503 424 2525 sera
437 2495 580 2525 terminé
598 2495 618 2525 à
631 2495 850 2530 Montauban,
867 2495 966 2530 dit-il,
985 2494 1071 2534 j’irai
1092 2496 1213 2525 mettre
1230 2495 1260 2525 le
1280 2494 1373 2532 siège
1391 2494 1432 2525 de
1451 2494 1484 2525 la
1498 2495 1613 2526 raison

261 2536 294 2565 et
311 2534 353 2565 de
371 2534 403 2564 la
419 2534 631 2573 philosophie
645 2535 769 2566 devant
781 2535 1012 2567 Bordeaux...
1034 2544 1049 2563 »

190 2570 232 2610 37
257 2574 419 2616 Baumé
448 2574 576 2616 (Ant.),
602 2573 784 2608 chimiste
812 2573 966 2608 célèbre
991 2583 1061 2619 par
1079 2583 1139 2608 ses
1160 2573 1279 2608 utiles
1299 2572 1569 2615 découvertes,
1590 2573 1612 2607 à

256 2619 322 2664 qui
344 2618 419 2654 l’on
439 2608 523 2654 doit
541 2618 800 2661 l’aéromètre,
822 2620 862 2655 et
881 2618 948 2663 qui
966 2618 1108 2654 établit
1127 2629 1175 2654 en
1195 2617 1345 2655 France
1360 2617 1399 2654 la
1412 2617 1611 2663 première
