1884 2823
921 58 1094 117 - 10 -
371 169 551 221 fabrique
572 172 841 215 d’ammoniac,
863 172 1004 208 memb.
1025 172 1072 207 de
1093 172 1348 209 l’Institut.—
1369 174 1411 209 L.
1432 185 1467 209 a.
1483 184 1513 209 s.
1535 184 1584 209 au
1605 177 1730 210 comte

372 214 419 249 de
439 215 568 262 Milly,
592 220 603 252 1
629 228 662 262 p.
684 217 793 261 in-4.,
816 218 965 253 cachet.
1645 220 1666 253 5
1713 234 1730 249 »

409 260 564 293 Relative
584 263 604 293 à
624 263 683 294 des
702 263 920 302 expériences
935 262 1235 302 minéralogiques.

304 305 346 338 38
369 306 560 352 Bazaine
579 307 628 352 (le
650 307 871 350 maréchal).
892 327 934 332 —
955 307 995 342 L.
1016 307 1105 352 sig.;
1130 309 1225 350 1870,
1249 309 1260 342 1
1284 317 1320 353 p.
1342 308 1428 344 in-f.
1645 309 1666 344 4
1715 322 1730 339 »

305 355 348 389 39
372 355 656 402 Beauchesne
675 359 730 402 (A.
752 358 797 393 H.
817 358 891 402 de),
919 357 1140 392 l’historien
1167 357 1212 392 de
1234 358 1353 393 Louis
1371 358 1493 395 XVII.—L.
1606 370 1640 394 a.
1661 369 1690 393 s.
1712 359 1734 392 à

371 399 423 434 M.
446 400 591 444 Miller,
613 403 660 437 de
682 403 887 445 l’Institut,
911 404 1005 444 1862,
1024 404 1045 436 2
1064 412 1099 447 p.
1121 401 1212 436 in-8.
1647 405 1668 437 5
1714 418 1731 433 »

413 445 506 475 Belle
535 448 569 477 et
598 448 840 479 très-curieuse
858 448 957 478 lettre
975 456 1034 477 sur
1047 447 1108 478 son
1133 446 1294 478 Histoire
1313 446 1356 478 de
1374 447 1480 478 Louis
1496 447 1597 478 XVII.
1618 448 1649 478 M
1653 455 1670 466 m
1673 454 1683 465 "
1702 448 1730 478 la

379 483 559 522 Dauphine
581 486 628 517 lui
650 496 670 517 a
689 487 739 518 dit
769 488 854 517 dans
868 487 898 517 le
920 487 1031 524 temps
1055 485 1136 525 qu’il
1153 494 1174 523 y
1192 486 1284 516 avait
1297 495 1339 517 eu
1357 486 1394 517 27
1411 487 1491 517 faux
1510 488 1615 518 Louis
1635 486 1732 517 XVII

379 522 437 561 qui
455 523 502 553 lui
521 525 658 556 avaient
675 527 759 557 écrit
780 535 822 557 en
844 526 892 557 lui
907 527 1060 557 donnant
1078 526 1108 556 le
1125 534 1204 556 nom
1223 526 1264 557 de
1283 535 1400 562 sœur;
1421 526 1508 557 mais
1524 527 1583 561 lui,
1604 526 1734 564 malgré

381 563 494 593 toutes
512 572 568 595 ses
586 565 798 600 recherches,
818 566 894 595 n’en
912 574 932 596 a
950 574 992 604 pu
1013 564 1190 596 découvrir
1208 573 1274 604 que
1294 564 1339 595 14.

309 607 352 641 40
376 608 680 655 Beauharnais
706 610 752 655 (le
775 610 908 655 prince
935 609 1061 654 Eug.),
1080 609 1248 644 vice-roi
1274 609 1438 646 d’Italie.
1459 631 1500 635 —
1519 610 1562 645 L.
1589 610 1663 655 sig.
1684 620 1733 644 au

377 650 451 685 duc
471 651 517 687 de
539 653 705 699 Cadore;
726 655 864 695 Milan,
888 656 983 696 1810,
1009 656 1019 688 1
1044 664 1079 699 p.
1101 654 1196 689 in-4.
1649 657 1669 690 4
1716 669 1733 686 »

418 696 442 726 Il
462 696 630 729 demande
645 709 711 731 une
728 701 823 739 place
841 700 882 730 de
902 700 1021 730 consul
1038 707 1124 737 pour
1138 700 1181 730 M.
1196 699 1332 735 Berdot,
1352 700 1474 730 ancien
1496 700 1677 731 secrétaire
1690 700 1734 730 du

376 736 514 773 général
534 738 663 769 Hoche.

308 781 346 815 41
373 781 718 828 Beaumarchais
738 783 876 828 (Caron
897 783 970 827 de),
997 782 1169 818 l’auteur
1188 782 1239 817 du
1260 784 1409 826 Mariage
1426 784 1465 818 de
1483 786 1614 827 Figaro.
1629 804 1672 809 —
1691 784 1734 818 L.

374 827 456 860 aut.
478 827 500 861 à
518 827 569 862 M.
591 828 637 863 de
659 828 830 873 Francy;
852 828 1072 870 Bordeaux,
1096 829 1192 871 1782,
1215 830 1227 862 1
1251 838 1286 873 p.
1310 828 1405 863 in-4.
1647 831 1667 863 6
1716 843 1733 859 »

309 876 352 909 42
375 876 552 920 Beffara
572 878 817 922 (L.-Franc.),
834 878 967 913 érudit
985 888 1114 912 connu
1135 888 1205 923 par
1223 888 1283 913 ses
1298 878 1530 914 recherches
1550 880 1733 914 savantes

375 930 443 954 sur
465 921 645 966 Molière,
665 923 713 958 né
739 924 834 959 dans
854 923 1000 958 l’Eure.
1020 943 1061 947 —
1081 922 1123 958 L.
1144 933 1178 958 a.
1199 932 1229 958 s.
1251 923 1273 957 à
1296 923 1422 959 Lucas
1442 923 1488 958 de
1509 924 1735 969 Montigny,

381 966 476 1008 1829,
494 968 515 1001 3
535 977 569 1012 p.
592 968 687 1003 in-4.
1647 969 1672 1003 5
1719 983 1736 999 »

416 1010 741 1044 Très-intéressante
762 1013 860 1044 lettre
873 1021 918 1043 au
934 1011 1022 1051 sujet
1041 1012 1082 1043 de
1100 1020 1156 1043 ses
1172 1012 1373 1043 recherches
1389 1021 1448 1043 sur
1464 1013 1514 1043 les
1529 1012 1642 1044 divers
1658 1022 1736 1052 por¬

378 1050 477 1080 traits
496 1051 537 1082 de
559 1052 698 1083 Molière
714 1061 776 1091 par
794 1052 935 1091 Drujon,
952 1052 1118 1086 Boucher,
1136 1051 1272 1082 Martini
1292 1054 1325 1082 et
1341 1054 1469 1082 autres.

310 1095 352 1129 43
376 1096 544 1139 Bellart
562 1096 755 1141 (Nie.-F.),
782 1097 941 1132 fameux
965 1096 1365 1141 procureur-général
1390 1107 1480 1131 sous
1506 1097 1545 1131 la
1568 1097 1737 1132 Restau¬

379 1138 523 1183 ration,
545 1141 767 1177 chansonné
787 1152 857 1187 par
874 1141 1090 1186 Béranger.
1099 1141 1195 1176 —L.
1216 1152 1250 1176 a.
1271 1151 1301 1176 s.
1323 1141 1345 1176 à
1362 1142 1414 1176 M.
1437 1141 1483 1176 de
1503 1142 1618 1185 Metz,
1643 1144 1738 1183 1824,

382 1185 392 1217 I
418 1194 453 1229 p.
476 1185 572 1220 in-8.
1654 1190 1676 1223 3
1722 1202 1738 1218 »

312 1228 355 1262 44
378 1229 604 1276 Belle-Isle
632 1231 679 1276 (le
708 1230 904 1266 maréchal
933 1230 1007 1275 de),
1034 1230 1081 1266 de
1109 1230 1254 1266 l’Acad.
1282 1230 1491 1278 française.
1511 1251 1553 1255 —
1577 1231 1620 1267 L.
1649 1231 1739 1276 sig.,

382 1275 479 1316 1758,
502 1277 513 1309 1
537 1285 572 1320 p.
595 1269 690 1311 in-4.
1655 1278 1677 1310 2
1724 1292 1741 1308 »

311 1323 354 1357 45
378 1325 611 1371 Benedetti
648 1326 697 1371 (le
739 1327 866 1361 comte
902 1325 1100 1370 Vincent),
1138 1325 1365 1370 diplomate,
1403 1325 1683 1361 ambassadeur
1719 1328 1741 1363 à

377 1367 515 1404 Berlin
536 1381 584 1405 en
608 1373 702 1411 1870,
718 1374 758 1407 et
777 1371 872 1406 dont
891 1371 927 1406 le
948 1381 1037 1405 nom
1057 1381 1097 1405 se
1117 1371 1257 1405 trouve
1278 1370 1377 1405 mêlé
1398 1370 1420 1404 à
1438 1370 1477 1405 la
1497 1370 1738 1407 déclaration

377 1412 424 1447 de
450 1424 608 1463 guerre.
629 1436 672 1441 —
690 1416 732 1451 L.
761 1426 794 1450 a.
815 1426 845 1450 s.
866 1416 888 1450 à
913 1426 965 1449 un
986 1414 1031 1449 de
1058 1425 1118 1450 ses
1138 1415 1249 1458 amis,
1276 1414 1489 1460 diplomate
1510 1426 1559 1450 en
1580 1416 1738 1459 Orient;

381 1457 508 1500 Paris,
532 1462 571 1495 13
590 1461 666 1495 mai
692 1463 786 1500 1859,
806 1462 827 1495 3
848 1471 881 1505 p.
905 1462 966 1504 1/4
986 1459 1078 1494 in-8.
1654 1463 1674 1496 8
1721 1476 1737 1494 »

420 1504 580 1536 Curieuse
611 1506 709 1536 lettre
742 1505 881 1536 relative
908 1505 928 1535 à
954 1505 987 1535 la
1014 1513 1136 1540 guerre
1162 1504 1292 1535 d’Italie
1319 1506 1351 1534 et
1378 1513 1445 1535 aux
1473 1505 1692 1543 précautions
1720 1507 1740 1537 à

381 1544 527 1581 prendre
540 1545 559 1574 à
572 1545 851 1583 Constantinople
866 1553 951 1583 pour
964 1543 1070 1574 éviter
1087 1552 1152 1583 que
1171 1544 1203 1574 la
1219 1544 1377 1583 question
1392 1543 1541 1575 d'Orient
1560 1553 1601 1575 ne
1616 1546 1740 1576 vienne

380 1583 593 1623 compliquer
627 1585 660 1615 la
694 1584 852 1624 question
891 1583 1061 1623 pendante
1096 1585 1130 1613 et
1163 1591 1353 1622 provoquer
1389 1592 1455 1614 une
1491 1583 1740 1623 conflagration

383 1624 610 1661 européenne.

314 1667 357 1701 46
380 1667 607 1713 Béranger
635 1668 781 1713 (P.-J.),
803 1669 838 1703 le
867 1666 1021 1702 célèbre
1041 1667 1154 1712 poète
1182 1666 1456 1702 chansonnier.
1477 1688 1518 1692 —
1538 1668 1580 1702 L.
1607 1678 1640 1703 a.
1664 1678 1692 1703 s.
1723 1668 1745 1703 à

381 1710 419 1745 M
424 1712 460 1733 110
478 1712 653 1755 Raoulx;
669 1713 802 1757 prison
822 1711 868 1747 de
888 1712 943 1747 La
961 1712 1096 1753 Force,
1123 1714 1160 1746 16
1174 1710 1284 1757 janv.
1309 1714 1403 1754 1829,
1419 1715 1440 1747 3
1459 1722 1495 1758 p.
1517 1712 1607 1748 in-8.
1656 1715 1676 1747 8
1723 1726 1739 1744 »

422 1755 586 1788 Curieuse
609 1758 707 1788 lettre
732 1766 791 1787 sur
816 1766 855 1787 sa
878 1757 1062 1788 détention.
1088 1757 1116 1787 Il
1141 1766 1183 1787 ne
1212 1756 1364 1787 s’étonne
1389 1757 1486 1795 point
1505 1766 1571 1796 que
1593 1758 1743 1788 certains

382 1795 565 1835 politiques
584 1796 642 1835 qui
661 1805 698 1827 se
713 1796 860 1827 disaient
875 1805 930 1826 ses
947 1797 1035 1826 amis
1051 1796 1099 1827 lui
1118 1796 1210 1827 aient
1227 1797 1347 1826 tourné
1365 1796 1395 1826 le
1411 1796 1485 1827 dos.
1505 1798 1554 1827 La
1568 1797 1685 1835 prison
1700 1807 1743 1828 ne

382 1836 412 1865 le
438 1835 571 1874 corrige
589 1844 660 1874 pas,
687 1837 720 1866 et
738 1836 760 1865 il
782 1835 933 1866 s’étonne
954 1844 1020 1881 que
1038 1835 1105 1866 l’on
1127 1844 1163 1866 se
1182 1835 1293 1866 donne
1311 1836 1343 1866 la
1362 1834 1461 1874 peine
1481 1836 1521 1866 de
1544 1837 1588 1874 l’y
1608 1838 1742 1866 mettre.

383 1874 410 1904 II
432 1874 482 1912 s’y
500 1874 643 1906 ennuira
660 1884 742 1906 sans
760 1875 872 1910 doute,
894 1875 981 1905 mais
1005 1875 1029 1905 il
1045 1874 1121 1905 n’en
1142 1874 1272 1905 vaudra
1290 1882 1353 1913 pas
1370 1875 1487 1906 mieux
1504 1883 1590 1913 pour
1609 1876 1693 1906 cela.
1718 1875 1744 1905 Il

383 1923 404 1944 a
419 1914 509 1944 deux
527 1915 729 1949 existences,
744 1914 829 1944 dont
847 1923 914 1944 une
936 1914 995 1953 qui
1013 1916 1066 1944 est
1084 1915 1157 1944 tout
1176 1914 1196 1944 à
1213 1914 1273 1944 fait
1290 1922 1333 1943 en
1350 1914 1474 1945 dehors
1493 1915 1534 1945 de
1552 1915 1585 1945 la
1602 1914 1744 1946 société.

314 1959 357 1992 47
380 1959 440 1993 Le
464 1960 619 1994 même.
639 1979 681 1983 —
699 1959 742 1993 L.
764 1969 798 1994 a.
818 1969 848 1993 s.
870 1958 892 1992 à
915 1968 984 1993 son
1010 1958 1104 1993 cher
1127 1960 1325 2004 Auguste;
1346 1958 1552 1993 dimanche
1579 1961 1616 1994 21
1648 1960 1739 2000 oct.,

381 2005 402 2038 3
421 2014 457 2047 p.
479 2003 576 2039 in-8.
597 2003 763 2039 Adresse
784 2002 958 2038 raturée.
1659 2006 1680 2038 6
1727 2018 1744 2034 »

422 2049 469 2080 Le
487 2050 570 2087 goût
589 2049 634 2079 du
656 2049 779 2079 monde
804 2048 1041 2079 l’abandonne.
1061 2047 1090 2078 Il
1106 2056 1127 2078 a
1145 2046 1220 2086 déjà
1245 2047 1307 2078 fait
1322 2057 1368 2078 un
1387 2056 1449 2087 pas
1468 2048 1549 2079 hors
1568 2048 1609 2079 de
1632 2048 1742 2082 Paris,

382 2090 416 2119 et
433 2088 456 2118 il
481 2090 535 2118 est
561 2087 784 2128 très-disposé
801 2088 821 2118 à
842 2088 925 2118 aller
950 2095 986 2118 se
1009 2087 1094 2117 fixer
1111 2087 1132 2117 à
1153 2087 1429 2121 Fontainebleau,
1458 2098 1472 2117 «
1494 2096 1538 2118 au
1556 2087 1674 2118 milieu
1702 2088 1746 2119 de

384 2128 472 2158 cette
491 2127 578 2158 belle
597 2127 683 2158 forêt
700 2129 744 2158 où
761 2127 818 2167 j’ai
835 2127 965 2161 trouvé,
985 2126 1085 2162 dit-il,
1104 2127 1179 2157 tant
1197 2122 1348 2157 d’ombre
1363 2128 1396 2157 et
1414 2127 1442 2157 si
1462 2135 1528 2165 peu
1545 2127 1587 2158 de
1602 2127 1706 2158 bruit.
1729 2137 1744 2156 »

385 2167 714 2198 Recommandation
733 2176 775 2198 en
792 2167 909 2197 faveur
927 2166 973 2196 du
995 2166 1049 2196 fils
1072 2166 1149 2196 aîné
1169 2165 1209 2195 de
1232 2166 1359 2201 Talma,
1380 2166 1439 2205 qui
1458 2166 1568 2197 désire
1587 2168 1703 2197 entrer
1725 2167 1745 2196 à

384 2206 501 2237 l’école
526 2207 567 2237 de
590 2206 746 2237 Saumur.
767 2206 795 2236 Il
820 2206 893 2236 faut
919 2214 1055 2236 assurer
1080 2206 1100 2236 à
1119 2213 1156 2236 ce
1173 2203 1274 2243 jeune
1294 2206 1429 2237 homme
1450 2215 1496 2236 un
1515 2215 1596 2237 nom
1617 2206 1676 2246 qui
1695 2205 1744 2236 lui

385 2246 453 2277 soit
470 2253 538 2275 une
555 2245 885 2277 recommandation.

318 2292 361 2325 48
384 2292 443 2325 Le
461 2291 617 2325 même.
637 2311 678 2315 —
697 2291 740 2326 L.
767 2301 800 2326 a.
820 2301 850 2325 s.
877 2290 899 2325 à
918 2289 968 2325 M.
995 2289 1208 2331 Tournier;
1230 2289 1364 2335 Passy,
1389 2291 1432 2325 20
1451 2291 1526 2326 oct.
1550 2292 1645 2333 1846,
1665 2293 1686 2325 2
1706 2300 1742 2335 p.

386 2335 483 2371 in-8.
1660 2338 1681 2370 5
1727 2348 1744 2366 »

423 2380 601 2419 Très-jolie
617 2380 715 2411 lettre
732 2387 791 2410 sur
808 2387 874 2411 une
891 2380 987 2419 pièce
1002 2379 1044 2410 de
1060 2387 1137 2410 vers
1156 2380 1214 2419 qui
1229 2379 1277 2410 lui
1293 2381 1345 2410 est
1362 2379 1525 2411 soumise.

316 2426 358 2462 49
381 2426 497 2471 Berg
517 2425 670 2471 (C.-M.),
691 2425 843 2460 célèbre
864 2424 1033 2470 pianiste
1053 2426 1093 2460 et
1112 2423 1388 2469 compositeur,
1409 2424 1457 2459 né
1477 2425 1499 2459 à
1517 2424 1741 2460 Colmar.—

383 2470 425 2505 L.
459 2481 492 2506 a.
524 2481 554 2506 s.
587 2470 610 2505 à
639 2470 691 2505 M.
723 2470 859 2506 Simon
895 2469 1103 2514 Richault;
1141 2469 1395 2515 Strasbourg,
1429 2471 1524 2513 1834,
1560 2472 1572 2504 1
1611 2479 1649 2515 p.
1684 2470 1748 2513 1/4

388 2515 485 2550 in-4.
1662 2516 1684 2549 6
1732 2528 1748 2546 »

426 2560 682 2593 Très-curieuse
701 2560 799 2593 lettre
820 2568 878 2592 sur
896 2567 953 2592 ses
972 2560 1217 2600 compositions
1233 2559 1428 2591 musicales.
