1432 2245
599 102 628 129 -
652 102 669 129 6
688 118 721 123 —

152 177 256 201 arriver
271 178 287 201 à
302 178 355 202 bon
373 179 441 209 port,
459 177 524 202 c’est
539 176 792 209 qu’apparemment
812 177 838 208 je
863 177 960 201 n’étais
975 184 1024 209 pas
1038 178 1087 201 fait
1099 183 1168 208 pour
1186 178 1243 201 être

151 210 258 233 auteur,
274 209 308 233 ,1e
325 216 358 233 ne
374 209 430 233 sais
445 211 575 240 pourtant
592 209 616 233 si
641 208 667 240 je
695 209 752 233 suis
774 209 837 233 bien
854 209 951 239 appelé
978 209 994 233 à
1022 208 1097 233 l’état
1111 208 1243 236 d’avocat,

151 246 205 270 que
221 239 246 270 je
264 240 323 264 suis
339 247 410 264 venu
427 240 584 271 reprendre.
598 249 609 263 »

99 269 132 298 19
152 272 270 307 Condé
286 271 394 307 (Henri
404 271 430 299 11
441 271 478 299 de
490 271 651 306 Bourbon,
668 271 776 307 prince
793 272 851 307 de),
870 272 943 308 père
953 271 994 298 du
1007 271 1111 299 Grand
1130 270 1246 299 Condé.

151 321 185 326 —
219 306 256 334 L.
295 316 324 335 a.
362 315 403 342 s.;
437 307 566 343 Valéry,
601 307 634 334 13
668 308 730 335 oct.
770 307 849 342 1621,
884 308 894 334 1
933 315 964 343 p.
1006 306 1087 334 in-4.
1123 306 1244 341 Légère

151 341 318 371 écornure.
1158 342 1192 370 15
1230 352 1243 367 »

190 378 315 402 Relative
340 379 356 402 à
381 378 555 409 l’expédition
577 378 625 402 des
647 378 737 402 Bulles
759 378 792 403 de
818 377 1011 403 l’Archevêché
1031 378 1064 402 de
1081 377 1202 407 Bourges
1216 379 1243 402 et

154 408 202 432 des
217 409 337 440 abbayes
352 410 384 434 de
400 409 521 435 Breteuil
534 412 561 434 et
576 409 608 433 de
624 409 767 433 Ferrières.

99 440 132 467 20
153 441 271 477 Condé
300 440 862 477 (Louise-Marie-Thérèse-Bathilde
898 440 915 468 d
920 440 1048 475 'Orléans,
1083 440 1243 476 princesse

154 475 214 511 de),
241 476 325 504 mère
348 477 388 504 du
414 476 475 504 duc
499 476 689 512 d’Enghien.
716 492 750 496 —
775 477 812 504 L.
842 484 871 504 a.
900 485 942 512 s.;
966 475 1030 504 fév.
1057 475 1137 510 1789,
1162 476 1173 502 1
1208 483 1239 511 p.

153 511 233 539 in-8.
1158 511 1191 537 10
1229 521 1243 535 »

192 548 332 572 Demande
349 548 382 571 de
399 548 515 578 pension
532 553 566 572 en
581 547 675 572 faveur
692 548 724 572 de
738 548 765 572 la
782 554 867 572 veuve
889 548 925 572 du
947 547 1021 572 sieur
1039 547 1117 575 Gros,
1132 547 1245 571 vétéran

154 578 187 602 de
201 579 227 602 la
242 579 369 610 musique
384 579 419 603 du
435 579 497 604 Roi.

100 610 129 637 21
154 611 333 646 Crébillon
349 610 433 646 père,
450 610 540 650 poète
558 609 717 646 tragique,
734 609 771 637 de
788 609 904 638 l’Acad.
921 610 961 638 fr.
978 626 1011 629 —
1028 608 1243 645 Approbation

154 645 191 672 de
214 646 230 672 4
255 645 313 680 lig.
341 647 409 673 aut.
438 654 501 680 sig.
530 653 568 673 au
592 645 646 673 bas
671 645 710 672 du
739 646 914 674 manuscrit
929 646 970 674 du
991 646 1065 680 Siège
1079 646 1111 672 de
1126 646 1244 680 Cythère,

152 677 1249 715 1743, 30 p. in-f. 5 »
101 716 135 743 22
618 717 830 751 e,
847 716 883 744 de
901 716 1018 744 l’Acad.
1039 716 1081 743 fr.
1101 732 1132 735 —
1154 716 1190 743 L.
1211 724 1242 743 a.

153 745 1245 793 s. à Michaud, 1 p. in-4. Rare aut. sig. 8 »
194 789 245 812 Sur
259 794 289 812 sa
305 789 501 812 collaboration
516 789 531 811 à
549 789 571 811 la
589 789 765 818 Biographie
782 787 926 811 Michaucl.

101 819 135 847 23
155 819 310 855 Gzynski
326 819 434 855 (Jean),
453 818 637 847 littérateur
653 821 685 847 et
698 818 855 847 historien
872 818 1027 854 polonais.
1056 834 1086 837 —
1108 818 1142 845 L.
1159 826 1186 846 a.
1203 826 1246 851 s.,

156 862 193 882 en
211 854 360 893 français,
376 855 393 881 à
409 863 452 882 un
468 856 583 882 auteur
601 854 811 890 dramatique,
828 854 906 887 1861,
923 854 938 881 2
955 862 985 895 p.
1006 854 1082 881 in-8.
1178 853 1193 880 3
1232 865 1245 878 »

195 890 217 914 Il
234 897 359 915 annonce
382 890 448 921 qu’il
473 897 488 914 a
511 890 558 914 fait
582 891 753 921 représenter
771 891 841 914 deux
856 890 993 914 comédies
1006 892 1032 914 et
1049 896 1086 913 un
1102 889 1196 914 drame
1211 896 1246 913 au

156 921 262 946 théâtre
277 922 310 946 de
325 922 350 945 la
368 920 662 949 Porte-Saint-Martin,
680 928 744 946 sous
759 921 784 945 le
801 922 989 952 pseudonyme
1003 920 1130 946 d’Ernest.
1143 920 1244 948 Rollin,

160 955 187 977 et
201 952 267 984 qu’il
282 953 320 977 lui
333 959 447 976 enverra
464 959 514 977 son
529 953 636 977 dernier
650 952 747 976 travail
762 953 871 977 intitulé
883 953 889 976 :
905 952 998 977 Israël
1012 959 1048 976 en
1063 952 1198 982 Pologne.

102 985 136 1011 24
156 985 353 1019 Delaroche
368 983 479 1023 (Paul),
496 984 619 1020 peintre
645 983 781 1011 célèbre.
803 1000 833 1003 —
849 984 886 1011 L.
909 992 938 1011 a.
958 992 984 1012 s.
1014 984 1032 1010 à
1053 983 1094 1011 M.
1118 983 1245 1011 Bureau

156 1021 193 1047 de
211 1019 241 1047 la
257 1020 363 1053 Malle,
381 1019 391 1045 1
411 1027 442 1054 p.
463 1019 538 1046 in-8.
558 1019 640 1047 Jolie
657 1019 764 1047 lettre.
1177 1018 1193 1045 5
1231 1029 1245 1043 »

103 1055 137 1083 25
157 1056 290 1083 Delisle
314 1056 357 1082 de
377 1055 413 1081 la
435 1056 644 1089 Drevetière
668 1055 796 1090 (L.-F.),
823 1054 913 1090 poète
938 1056 970 1081 et
992 1055 1108 1082 auteur
1123 1053 1247 1081 drama¬

156 1091 245 1126 tique
262 1090 302 1118 du
319 1098 396 1118 xvm
399 1096 410 1110 e
425 1090 532 1124 siècle,
554 1090 592 1118 né
618 1091 635 1118 à
660 1090 918 1118 Sèze-la-Rousse
942 1089 1087 1125 (Drôme).
1107 1105 1139 1109 —
1156 1089 1193 1117 L.
1214 1098 1243 1117 a.

157 1134 184 1154 s.
212 1127 230 1153 à
253 1125 405 1160 Danchet,
430 1126 468 1153 de
491 1126 606 1154 l’Acad.
625 1126 680 1161 fr.;
701 1125 887 1160 Versailles,
916 1125 949 1153 30
974 1125 1049 1162 juil.
1076 1125 1154 1159 1737,
1177 1126 1187 1152 1
1212 1133 1243 1161 p.

156 1161 229 1189 in-4.
246 1161 362 1189 Cachet
377 1161 524 1189 armorié.
1179 1161 1195 1188 5
1233 1172 1247 1186 »

105 1197 139 1225 26
159 1197 402 1232 Demoustiers
428 1197 565 1232 (Ch.-A.),
591 1197 776 1224 littérateur
801 1196 936 1230 célèbre,
953 1197 1069 1224 auteur
1084 1196 1137 1224 des
1154 1198 1250 1224 Lettres

157 1234 174 1260 à
195 1234 291 1260 Emilie
294 1254 301 1265 ,
324 1232 362 1260 né
387 1233 404 1259 à
422 1231 731 1261 Villers-Cotterets.
762 1248 793 1252 —
817 1232 853 1259 L.
874 1240 904 1259 a.
924 1240 951 1260 s.
972 1232 989 1259 à
1003 1232 1048 1259 M.
1074 1232 1249 1267 Deshayes;

158 1268 360 1309 Compïègne,
376 1267 409 1295 30
424 1268 538 1296 therm.
557 1276 595 1296 an
610 1268 692 1301 VIII,
710 1268 721 1294 1
740 1276 772 1304 p.
793 1268 843 1302 1/2
858 1267 935 1296 in-8.
1179 1268 1195 1295 5
1233 1278 1247 1293 >>

195 1304 266 1329 Jolie
280 1304 359 1328 lettre
372 1310 419 1328 sur
432 1304 457 1329 le
472 1304 597 1328 mauvais
612 1304 668 1328 état
683 1304 714 1328 de
729 1310 761 1328 sa
775 1304 862 1328 santé.

106 1340 138 1367 27
158 1341 228 1367 Des
244 1340 388 1373 Essarts
405 1339 578 1373 (Charlotte
591 1339 628 1366 de
645 1339 675 1366 la
689 1338 797 1375 Haye),
810 1340 963 1367 comtesse
976 1338 1012 1366 de
1025 1338 1247 1370 Romorantin,

157 1375 322 1403 maîtresse
339 1375 375 1402 de
391 1373 491 1402 Henri
507 1374 557 1408 IV,
574 1375 645 1410 puis
661 1374 701 1402 du
718 1374 861 1402 cardinal
886 1374 924 1402 de
945 1374 1053 1407 Guise,
1070 1374 1249 1402 maréchale

157 1411 194 1438 de
219 1410 397 1446 l’Hospital,
423 1410 614 1438 condamnée
639 1418 694 1446 par
718 1412 916 1444 contumace,
942 1418 980 1437 en
1003 1409 1082 1443 1633,
1114 1418 1192 1445 pour
1216 1418 1251 1438 sa

158 1446 381 1482 participation
399 1454 436 1473 au
455 1445 552 1473 traité
568 1446 658 1481 signé
678 1453 752 1473 avec
776 1445 954 1481 l’Espagne.
984 1461 1015 1465 —
1039 1445 1143 1476 Quitt.
1171 1445 1249 1481 sig.,

156 1489 211 1510 sur
226 1481 323 1515 vélin,
340 1481 419 1515 1622,
436 1481 511 1509 in-4.
529 1480 594 1508 obi.
1162 1481 1195 1508 15
1235 1492 1248 1506 »

193 1518 269 1547 Reçu
284 1517 316 1541 de
334 1517 360 1541 la
374 1523 480 1541 somme
496 1517 529 1541 dé
548 1516 632 1544 12,000
655 1516 745 1543 livres,
762 1517 778 1540 à
796 1516 846 1540 elle
863 1516 1001 1541 ordonnée
1018 1522 1067 1546 par
1087 1522 1118 1540 sa
1136 1516 1250 1547 Majesté

156 1555 225 1579 pour
242 1550 299 1573 être
316 1549 456 1579 employée
470 1549 486 1572 à
499 1548 715 1579 l’acquittement
724 1548 773 1572 des
786 1548 873 1572 dettes
887 1548 920 1572 de
936 1548 962 1571 M
964 1548 968 1561 1
972 1548 975 1562 '
980 1553 987 1562 0
990 1553 997 1563 ’
1009 1548 1043 1572 de
1058 1548 1248 1575 Romorantin,

156 1587 243 1604 sœurs
260 1580 408 1604 naturelles
421 1580 456 1604 du
472 1580 533 1604 Roi.

100 1615 133 1643 28
153 1616 279 1651 Fiquet
302 1615 485 1653 (François),
513 1614 678 1650 sculpteur
699 1614 862 1650 distingué
888 1614 929 1642 du
961 1622 1040 1642 xvm
1043 1619 1054 1634 e
1077 1614 1186 1642 siècle.
1216 1630 1248 1635 —

153 1651 258 1682 Quitt.
278 1651 356 1687 sig.,
372 1658 428 1678 sur
443 1650 539 1683 vélin,
557 1650 635 1684 1704,
653 1650 725 1677 in-8.
743 1649 815 1677 Obi.
1180 1650 1196 1677 3
1234 1661 1248 1675 »

99 1690 132 1718 29
151 1691 237 1725 Foix
251 1690 341 1725 (Paul
357 1690 414 1726 de),
432 1690 555 1718 homme
571 1690 698 1718 illustre
710 1689 750 1717 du
764 1690 861 1725 règne
874 1689 911 1716 de
927 1689 1056 1717 Charles
1067 1689 1111 1717 IX
1123 1698 1179 1730 par
1193 1699 1249 1718 son

152 1726 259 1754 savoir
274 1728 306 1754 et
322 1734 356 1754 sa
371 1726 542 1759 tolérance,
559 1725 756 1761 archevêque
773 1725 810 1752 de
826 1725 997 1753 Toulouse.
1022 1741 1056 1745 —
1079 1725 1165 1756 Quit.
1187 1726 1248 1763 sig.

152 1769 208 1789 sur
216 1761 314 1796 vélin,
326 1761 359 1788 16
370 1761 436 1789 déc.
451 1761 527 1793 1578,
539 1761 616 1795 in-4,
630 1761 789 1797 fragment
806 1760 843 1788 de
860 1760 979 1788 cachet.
998 1762 1139 1789 Très-rare.
1166 1761 1195 1788 10
1235 1772 1247 1787 »

191 1798 267 1827 Reçu
283 1798 315 1822 de
331 1798 375 1821 300
387 1797 453 1821 écus
471 1798 526 1821 sols
542 1803 648 1821 comme
672 1805 682 1818 »
704 1796 894 1821 commissaire
910 1797 1009 1826 député
1027 1803 1076 1827 par
1089 1803 1119 1820 sa
1135 1796 1248 1827 Majesté

152 1835 222 1859 pour
237 1828 462 1853 l’établissement
475 1830 501 1852 et
518 1828 684 1852 observance
695 1828 727 1852 de
738 1828 813 1852 l’édit
828 1828 861 1852 de
876 1827 1051 1858 pacification
1066 1828 1114 1852 des
1129 1829 1249 1853 troubles

151 1860 200 1884 des
215 1860 358 1891 provinces
375 1860 407 1883 do
425 1860 556 1886 Guienne,
573 1860 738 1889 Languedoc
751 1860 778 1883 et
795 1859 947 1889 Dauphiné.
964 1866 974 1881 »

98 1895 132 1924 30
151 1896 319 1929 Girardin
334 1894 445 1929 (Emile
462 1895 522 1930 de),
540 1894 568 1922 le
585 1894 707 1922 célèbre
724 1894 910 1930 publiciste.
937 1910 968 1914 —
992 1894 1028 1922 L.
1055 1903 1085 1922 a.
1111 1903 1138 1923 s.
1166 1895 1184 1922 à
1206 1903 1248 1922 un

151 1931 351 1966 littérateur;
377 1930 535 1966 Enghien,
554 1930 646 1967 jeudi
671 1930 686 1957 2
711 1930 797 1964 août,
822 1930 838 1957 5
863 1930 978 1958 heures
994 1930 1035 1957 du
1053 1930 1165 1964 matin,
1182 1930 1197 1957 4
1214 1939 1245 1966 p.

154 1967 235 1994 in-8.
1163 1966 1195 1992 12
1235 1977 1248 1990 »

189 2002 263 2026 Belle
280 2004 307 2026 et
324 2002 515 2033 remarquable
531 2001 619 2026 lettre.
639 2001 725 2032 Après
743 2001 819 2025 avoir
835 2001 934 2026 débuté
957 2008 1005 2032 par
1028 2008 1082 2025 une
1105 2001 1202 2032 espèce
1216 2002 1250 2026 de

152 2040 233 2058 cours
249 2032 401 2064 d'hygiène,
428 2034 447 2057 il
466 2040 494 2057 se
513 2032 579 2057 livre
608 2032 624 2056 à
649 2033 696 2057 des
714 2033 934 2057 considérations
961 2032 1187 2063 physiologiques
1202 2039 1250 2056 sur

151 2064 255 2096 l’esprit
278 2065 311 2089 de
336 2066 413 2089 notre
437 2065 551 2096 époque.
576 2065 630 2088 Des
652 2064 775 2093 femmes,
791 2064 867 2089 selon
885 2064 932 2093 lui,
950 2056 1168 2089 s'accoutument
1186 2066 1248 2095 trop
