<?xml version="1.0" encoding="UTF-8" standalone="yes"?>
<PcGts xmlns="http://schema.primaresearch.org/PAGE/gts/pagecontent/2013-07-15" xmlns:xsi="http://www.w3.org/2001/XMLSchema-instance" xsi:schemaLocation="http://schema.primaresearch.org/PAGE/gts/pagecontent/2013-07-15 http://schema.primaresearch.org/PAGE/gts/pagecontent/2013-07-15/pagecontent.xsd">
    <Metadata>
        <Creator></Creator>
        <Created>2018-09-26T17:38:06.3+02:00</Created>
        <LastChange>2018-09-27T13:49:03.697+02:00</LastChange>
        <Comments>
                Measurement unit: pixel
                PrimaryLanguage: English
                Language: FrenchStandard
                Producer: ABBYY FineReader Engine 11</Comments>
        <TranskribusMetadata docId="164159" pageId="6045958" pageNr="6" tsid="10278055" status="DONE" userId="10612" imgUrl="https://files.transkribus.eu/Get?id=YLGDXOFTRFBTENZTUACMJFCJ&amp;fileType=view" xmlUrl="https://files.transkribus.eu/Get?id=PYRAODYMQNPOMGMRJAUXZQAS" imageId="1899176"/>
    </Metadata>
    <Page imageFilename="1881_11_RDA_N070-6.png" imageWidth="1432" imageHeight="2245">
        <PrintSpace>
            <Coords points="107,98 1284,98 1284,2119 107,2119"/>
        </PrintSpace>
        <ReadingOrder>
            <OrderedGroup id="ro_1604139744427" caption="Regions reading order">
                <RegionRefIndexed index="0" regionRef="r_1_1"/>
                <RegionRefIndexed index="1" regionRef="r_2_1"/>
                <RegionRefIndexed index="2" regionRef="r_2_2"/>
                <RegionRefIndexed index="3" regionRef="r_2_3"/>
                <RegionRefIndexed index="4" regionRef="r_2_4"/>
                <RegionRefIndexed index="5" regionRef="r_2_5"/>
                <RegionRefIndexed index="6" regionRef="r_2_6"/>
                <RegionRefIndexed index="7" regionRef="r_2_7"/>
                <RegionRefIndexed index="8" regionRef="r_2_8"/>
                <RegionRefIndexed index="9" regionRef="r_2_9"/>
                <RegionRefIndexed index="10" regionRef="r_2_10"/>
                <RegionRefIndexed index="11" regionRef="r_2_11"/>
                <RegionRefIndexed index="12" regionRef="r_2_12"/>
                <RegionRefIndexed index="13" regionRef="r_2_13"/>
                <RegionRefIndexed index="14" regionRef="r_2_14"/>
                <RegionRefIndexed index="15" regionRef="r_2_15"/>
                <RegionRefIndexed index="16" regionRef="r_2_16"/>
                <RegionRefIndexed index="17" regionRef="r_2_17"/>
                <RegionRefIndexed index="18" regionRef="r_2_18"/>
                <RegionRefIndexed index="19" regionRef="r_2_19"/>
                <RegionRefIndexed index="20" regionRef="r_2_20"/>
                <RegionRefIndexed index="21" regionRef="r_2_21"/>
            </OrderedGroup>
        </ReadingOrder>
        <TextRegion type="paragraph" id="r_1_1" custom="readingOrder {index:0;}">
            <Coords points="620,103 744,103 744,133 620,133"/>
            <TextLine id="tl_1" primaryLanguage="English" custom="readingOrder {index:0;}">
                <Coords points="621,104 743,104 743,132 621,132"/>
                <Baseline points="621,125 655,125 691,132 743,125"/>
                <Word id="w_w2aab1b1b2b1b1ab1" language="English" custom="readingOrder {index:0;}">
                    <Coords points="621,104 655,104 655,132 621,132"/>
                    <TextEquiv>
                        <Unicode>—</Unicode>
                    </TextEquiv>
                    <TextStyle fontFamily="Times New Roman" fontSize="4.0"/>
                </Word>
                <Word id="w_w2aab1b1b2b1b1b1b1" language="English" custom="readingOrder {index:1;}">
                    <Coords points="674,104 691,104 691,132 674,132"/>
                    <TextEquiv>
                        <Unicode>6</Unicode>
                    </TextEquiv>
                    <TextStyle fontFamily="Times New Roman" fontSize="9.0" bold="true"/>
                </Word>
                <Word id="w_w2aab1b1b2b1b1b2b3" language="English" custom="readingOrder {index:2;}">
                    <Coords points="710,121 743,121 743,125 710,125"/>
                    <TextEquiv>
                        <Unicode>-</Unicode>
                    </TextEquiv>
                    <TextStyle fontFamily="Times New Roman" fontSize="4.0"/>
                </Word>
                <TextEquiv>
                    <Unicode>— 6 -</Unicode>
                </TextEquiv>
            </TextLine>
            <TextEquiv>
                <Unicode>— 6 -</Unicode>
            </TextEquiv>
        </TextRegion>
        <TextRegion type="paragraph" id="r_2_1" custom="readingOrder {index:1;}">
            <Coords points="131,178 1266,178 1266,218 131,218"/>
            <TextLine id="tl_2" primaryLanguage="English" custom="readingOrder {index:0;}">
                <Coords points="132,179 1265,179 1265,217 132,217"/>
                <Baseline points="132,205 146,205 196,208 502,215 704,208 751,209 945,209 1212,210 1265,203"/>
                <Word id="w_w2aab1b3b2b1b1ab1" language="English" custom="readingOrder {index:0;}">
                    <Coords points="132,179 146,179 146,208 132,208"/>
                    <TextEquiv>
                        <Unicode>7</Unicode>
                    </TextEquiv>
                    <TextStyle fontFamily="Times New Roman" fontSize="10.0"/>
                </Word>
                <Word id="w_w2aab1b3b2b1b1b1b1" language="English" custom="readingOrder {index:1;}">
                    <Coords points="166,180 330,180 330,215 166,215"/>
                    <TextEquiv>
                        <Unicode>Aubryet</Unicode>
                    </TextEquiv>
                    <TextStyle fontFamily="Times New Roman" fontSize="9.5" bold="true"/>
                </Word>
                <Word id="w_w2aab1b3b2b1b1b2b1" language="English" custom="readingOrder {index:2;}">
                    <Coords points="344,180 502,180 502,216 344,216"/>
                    <TextEquiv>
                        <Unicode>(Xavier),</Unicode>
                    </TextEquiv>
                    <TextStyle fontFamily="Times New Roman" fontSize="10.0"/>
                </Word>
                <Word id="w_w2aab1b3b2b1b1b2c21" language="English" custom="readingOrder {index:3;}">
                    <Coords points="518,180 704,180 704,209 518,209"/>
                    <TextEquiv>
                        <Unicode>littérateur</Unicode>
                    </TextEquiv>
                    <TextStyle fontFamily="Times New Roman" fontSize="10.0"/>
                </Word>
                <Word id="w_w2aab1b3b2b1b1b2c45" language="English" custom="readingOrder {index:4;}">
                    <Coords points="719,181 751,181 751,209 719,209"/>
                    <TextEquiv>
                        <Unicode>et</Unicode>
                    </TextEquiv>
                    <TextStyle fontFamily="Times New Roman" fontSize="10.0"/>
                </Word>
                <Word id="w_w2aab1b3b2b1b1b2c51" language="English" custom="readingOrder {index:5;}">
                    <Coords points="766,181 945,181 945,209 766,209"/>
                    <TextEquiv>
                        <Unicode>romancier</Unicode>
                    </TextEquiv>
                    <TextStyle fontFamily="Times New Roman" fontSize="10.0"/>
                </Word>
                <Word id="w_w2aab1b3b2b1b1b2c71" language="English" custom="readingOrder {index:6;}">
                    <Coords points="960,182 1212,182 1212,217 960,217"/>
                    <TextEquiv>
                        <Unicode>contemporain.</Unicode>
                    </TextEquiv>
                    <TextStyle fontFamily="Times New Roman" fontSize="10.0"/>
                </Word>
                <Word id="w_w2aab1b3b2b1b1b2c99" language="English" custom="readingOrder {index:7;}">
                    <Coords points="1234,199 1265,199 1265,203 1234,203"/>
                    <TextEquiv>
                        <Unicode>—</Unicode>
                    </TextEquiv>
                    <TextStyle fontFamily="Times New Roman" fontSize="10.0"/>
                </Word>
                <TextEquiv>
                    <Unicode>7 Aubryet (Xavier), littérateur et romancier contemporain. —</Unicode>
                </TextEquiv>
            </TextLine>
            <TextEquiv>
                <Unicode>7 Aubryet (Xavier), littérateur et romancier contemporain. —</Unicode>
            </TextEquiv>
        </TextRegion>
        <TextRegion type="paragraph" id="r_2_2" custom="readingOrder {index:2;}">
            <Coords points="165,214 1266,214 1266,253 165,253"/>
            <TextLine id="tl_3" primaryLanguage="English" custom="readingOrder {index:0;}">
                <Coords points="166,215 1265,215 1265,252 166,252"/>
                <Baseline points="166,243 204,243 254,243 300,243 339,243 516,244 677,250 704,243 754,244 865,244 1213,245 1265,244"/>
                <Word id="w_w2aab1b3b2b3b1ab1" language="English" custom="readingOrder {index:0;}">
                    <Coords points="166,215 204,215 204,243 166,243"/>
                    <TextEquiv>
                        <Unicode>L.</Unicode>
                    </TextEquiv>
                    <TextStyle fontFamily="Times New Roman" fontSize="10.0"/>
                </Word>
                <Word id="w_w2aab1b3b2b3b1ab7" language="English" custom="readingOrder {index:1;}">
                    <Coords points="224,224 254,224 254,243 224,243"/>
                    <TextEquiv>
                        <Unicode>a.</Unicode>
                    </TextEquiv>
                    <TextStyle fontFamily="Times New Roman" fontSize="10.0"/>
                </Word>
                <Word id="w_w2aab1b3b2b3b1ac13" language="English" custom="readingOrder {index:2;}">
                    <Coords points="274,225 300,225 300,243 274,243"/>
                    <TextEquiv>
                        <Unicode>s.</Unicode>
                    </TextEquiv>
                    <TextStyle fontFamily="Times New Roman" fontSize="10.0"/>
                </Word>
                <Word id="w_w2aab1b3b2b3b1ac19" language="English" custom="readingOrder {index:3;}">
                    <Coords points="321,216 339,216 339,243 321,243"/>
                    <TextEquiv>
                        <Unicode>à</Unicode>
                    </TextEquiv>
                    <TextStyle fontFamily="Times New Roman" fontSize="10.0"/>
                </Word>
                <Word id="w_w2aab1b3b2b3b1ac23" language="English" custom="readingOrder {index:4;}">
                    <Coords points="354,216 516,216 516,244 354,244"/>
                    <TextEquiv>
                        <Unicode>Philarète</Unicode>
                    </TextEquiv>
                    <TextStyle fontFamily="Times New Roman" fontSize="10.0"/>
                </Word>
                <Word id="w_w2aab1b3b2b3b1ac43" language="English" custom="readingOrder {index:5;}">
                    <Coords points="532,216 677,216 677,250 532,250"/>
                    <TextEquiv>
                        <Unicode>Chasles,</Unicode>
                    </TextEquiv>
                    <TextStyle fontFamily="Times New Roman" fontSize="10.0"/>
                </Word>
                <Word id="w_w2aab1b3b2b3b1ac61" language="English" custom="readingOrder {index:6;}">
                    <Coords points="695,217 704,217 704,243 695,243"/>
                    <TextEquiv>
                        <Unicode>1</Unicode>
                    </TextEquiv>
                    <TextStyle fontFamily="Times New Roman" fontSize="10.0"/>
                </Word>
                <Word id="w_w2aab1b3b2b3b1ac65" language="English" custom="readingOrder {index:7;}">
                    <Coords points="725,224 754,224 754,252 725,252"/>
                    <TextEquiv>
                        <Unicode>p.</Unicode>
                    </TextEquiv>
                    <TextStyle fontFamily="Times New Roman" fontSize="10.0"/>
                </Word>
                <Word id="w_w2aab1b3b2b3b1ac71" language="English" custom="readingOrder {index:8;}">
                    <Coords points="771,216 865,216 865,244 771,244"/>
                    <TextEquiv>
                        <Unicode>in-18.</Unicode>
                    </TextEquiv>
                    <TextStyle fontFamily="Times New Roman" fontSize="10.0"/>
                </Word>
                <Word id="w_w2aab1b3b2b3b1ac85" language="English" custom="readingOrder {index:9;}">
                    <Coords points="1197,218 1213,218 1213,245 1197,245"/>
                    <TextEquiv>
                        <Unicode>3</Unicode>
                    </TextEquiv>
                    <TextStyle fontFamily="Times New Roman" fontSize="10.0"/>
                </Word>
                <Word id="w_w2aab1b3b2b3b1ac89" language="English" custom="readingOrder {index:10;}">
                    <Coords points="1251,229 1265,229 1265,244 1251,244"/>
                    <TextEquiv>
                        <Unicode>»</Unicode>
                    </TextEquiv>
                    <TextStyle fontFamily="Times New Roman" fontSize="10.0"/>
                </Word>
                <TextEquiv>
                    <Unicode>L. a. s. à Philarète Chasles, 1 p. in-18. 3 »</Unicode>
                </TextEquiv>
                <TextStyle fontFamily="Times New Roman" fontSize="10.0"/>
            </TextLine>
            <TextEquiv>
                <Unicode>L. a. s. à Philarète Chasles, 1 p. in-18. 3 »</Unicode>
            </TextEquiv>
        </TextRegion>
        <TextRegion type="paragraph" id="r_2_3" custom="readingOrder {index:3;}">
            <Coords points="166,250 1267,250 1267,316 166,316"/>
            <TextLine id="tl_4" primaryLanguage="English" custom="readingOrder {index:0;}">
                <Coords points="205,251 1266,251 1266,285 205,285"/>
                <Baseline points="205,275 360,276 451,276 637,276 717,276 853,280 900,277 1171,281 1202,278 1266,279"/>
                <Word id="w_w2aab1b3b2b5b1ab1" language="English" custom="readingOrder {index:0;}">
                    <Coords points="205,251 360,251 360,282 205,282"/>
                    <TextEquiv>
                        <Unicode>Spirituelle</Unicode>
                    </TextEquiv>
                    <TextStyle fontFamily="Times New Roman" fontSize="8.5"/>
                </Word>
                <Word id="w_w2aab1b3b2b5b1ac25" language="English" custom="readingOrder {index:1;}">
                    <Coords points="373,252 451,252 451,276 373,276"/>
                    <TextEquiv>
                        <Unicode>lettre</Unicode>
                    </TextEquiv>
                    <TextStyle fontFamily="Times New Roman" fontSize="8.5"/>
                </Word>
                <Word id="w_w2aab1b3b2b5b1ac39" language="English" custom="readingOrder {index:2;}">
                    <Coords points="465,252 637,252 637,277 465,277"/>
                    <TextEquiv>
                        <Unicode>d'invitation</Unicode>
                    </TextEquiv>
                    <TextStyle fontFamily="Times New Roman" fontSize="8.5"/>
                </Word>
                <Word id="w_w2aab1b3b2b5b1ac65" language="English" custom="readingOrder {index:3;}">
                    <Coords points="649,259 717,259 717,283 649,283"/>
                    <TextEquiv>
                        <Unicode>pour</Unicode>
                    </TextEquiv>
                    <TextStyle fontFamily="Times New Roman" fontSize="8.5"/>
                </Word>
                <Word id="w_w2aab1b3b2b5b1ac75" language="English" custom="readingOrder {index:4;}">
                    <Coords points="732,252 853,252 853,280 732,280"/>
                    <TextEquiv>
                        <Unicode>assister,</Unicode>
                    </TextEquiv>
                    <TextStyle fontFamily="Times New Roman" fontSize="8.5"/>
                </Word>
                <Word id="w_w2aab1b3b2b5b1ac95" language="English" custom="readingOrder {index:5;}">
                    <Coords points="866,260 900,260 900,277 866,277"/>
                    <TextEquiv>
                        <Unicode>au</Unicode>
                    </TextEquiv>
                    <TextStyle fontFamily="Times New Roman" fontSize="8.5"/>
                </Word>
                <Word id="w_w2aab1b3b2b5b1ad101" language="English" custom="readingOrder {index:6;}">
                    <Coords points="913,252 1171,252 1171,285 913,285"/>
                    <TextEquiv>
                        <Unicode>Théâtre-Lyrique,</Unicode>
                    </TextEquiv>
                    <TextStyle fontFamily="Times New Roman" fontSize="8.5"/>
                </Word>
                <Word id="w_w2aab1b3b2b5b1ad135" language="English" custom="readingOrder {index:7;}">
                    <Coords points="1186,255 1202,255 1202,278 1186,278"/>
                    <TextEquiv>
                        <Unicode>à</Unicode>
                    </TextEquiv>
                    <TextStyle fontFamily="Times New Roman" fontSize="8.5"/>
                </Word>
                <Word id="w_w2aab1b3b2b5b1ad139" language="English" custom="readingOrder {index:8;}">
                    <Coords points="1213,261 1266,261 1266,279 1213,279"/>
                    <TextEquiv>
                        <Unicode>une</Unicode>
                    </TextEquiv>
                    <TextStyle fontFamily="Times New Roman" fontSize="8.5"/>
                </Word>
                <TextEquiv>
                    <Unicode>Spirituelle lettre d'invitation pour assister, au Théâtre-Lyrique, à une</Unicode>
                </TextEquiv>
                <TextStyle fontFamily="Times New Roman" fontSize="8.5"/>
            </TextLine>
            <TextLine id="tl_5" primaryLanguage="English" custom="readingOrder {index:1;}">
                <Coords points="167,283 1249,283 1249,315 167,315"/>
                <Baseline points="167,306 386,307 417,308 581,307 711,307 735,307 777,314 848,308 896,308 1042,308 1107,308 1249,309"/>
                <Word id="w_w2aab1b3b2b5b3ab1" language="English" custom="readingOrder {index:0;}">
                    <Coords points="167,283 386,283 386,313 167,313"/>
                    <TextEquiv>
                        <Unicode>représentation</Unicode>
                    </TextEquiv>
                    <TextStyle fontFamily="Times New Roman" fontSize="8.5"/>
                </Word>
                <Word id="w_w2aab1b3b2b5b3ac31" language="English" custom="readingOrder {index:1;}">
                    <Coords points="401,283 436,283 436,308 401,308"/>
                    <TextEquiv>
                        <Unicode>du</Unicode>
                    </TextEquiv>
                    <TextStyle fontFamily="Times New Roman" fontSize="8.5"/>
                </Word>
                <Word id="w_w2aab1b3b2b5b3b1b1" language="English" custom="readingOrder {index:2;}">
                    <Coords points="454,283 581,283 581,308 454,308"/>
                    <TextEquiv>
                        <Unicode>Médecin</Unicode>
                    </TextEquiv>
                    <TextStyle fontFamily="Times New Roman" fontSize="8.5" italic="true"/>
                </Word>
                <Word id="w_w2aab1b3b2b5b3b1c17" language="English" custom="readingOrder {index:3;}">
                    <Coords points="598,283 711,283 711,314 598,314"/>
                    <TextEquiv>
                        <Unicode>malgré</Unicode>
                    </TextEquiv>
                    <TextStyle fontFamily="Times New Roman" fontSize="8.5" italic="true"/>
                </Word>
                <Word id="w_w2aab1b3b2b5b3b1c31" language="English" custom="readingOrder {index:4;}">
                    <Coords points="727,283 769,283 769,308 727,308"/>
                    <TextEquiv>
                        <Unicode>lui</Unicode>
                    </TextEquiv>
                    <TextStyle fontFamily="Times New Roman" fontSize="8.5" italic="true"/>
                </Word>
                <Word id="w_w2aab1b3b2b5b3b2b1" language="English" custom="readingOrder {index:5;}">
                    <Coords points="772,303 777,303 777,314 772,314"/>
                    <TextEquiv>
                        <Unicode>,</Unicode>
                    </TextEquiv>
                    <TextStyle fontFamily="Times New Roman" fontSize="8.5"/>
                </Word>
                <Word id="w_w2aab1b3b2b5b3b2b5" language="English" custom="readingOrder {index:6;}">
                    <Coords points="794,284 848,284 848,308 794,308"/>
                    <TextEquiv>
                        <Unicode>mis</Unicode>
                    </TextEquiv>
                    <TextStyle fontFamily="Times New Roman" fontSize="8.5"/>
                </Word>
                <Word id="w_w2aab1b3b2b5b3b2c13" language="English" custom="readingOrder {index:7;}">
                    <Coords points="864,291 896,291 896,308 864,308"/>
                    <TextEquiv>
                        <Unicode>en</Unicode>
                    </TextEquiv>
                    <TextStyle fontFamily="Times New Roman" fontSize="8.5"/>
                </Word>
                <Word id="w_w2aab1b3b2b5b3b2c19" language="English" custom="readingOrder {index:8;}">
                    <Coords points="915,284 1042,284 1042,315 915,315"/>
                    <TextEquiv>
                        <Unicode>musique</Unicode>
                    </TextEquiv>
                    <TextStyle fontFamily="Times New Roman" fontSize="8.5"/>
                </Word>
                <Word id="w_w2aab1b3b2b5b3b2c35" language="English" custom="readingOrder {index:9;}">
                    <Coords points="1058,291 1107,291 1107,315 1058,315"/>
                    <TextEquiv>
                        <Unicode>par</Unicode>
                    </TextEquiv>
                    <TextStyle fontFamily="Times New Roman" fontSize="8.5"/>
                </Word>
                <Word id="w_w2aab1b3b2b5b3b2c43" language="English" custom="readingOrder {index:10;}">
                    <Coords points="1124,285 1249,285 1249,310 1124,310"/>
                    <TextEquiv>
                        <Unicode>Gounod.</Unicode>
                    </TextEquiv>
                    <TextStyle fontFamily="Times New Roman" fontSize="8.5"/>
                </Word>
                <TextEquiv>
                    <Unicode>représentation du Médecin malgré lui, mis en musique par Gounod.</Unicode>
                </TextEquiv>
            </TextLine>
            <TextEquiv>
                <Unicode>Spirituelle lettre d'invitation pour assister, au Théâtre-Lyrique, à une
représentation du Médecin malgré lui, mis en musique par Gounod.</Unicode>
            </TextEquiv>
        </TextRegion>
        <TextRegion type="paragraph" id="r_2_4" custom="readingOrder {index:4;}">
            <Coords points="130,313 1269,313 1269,357 130,357"/>
            <TextLine id="tl_6" primaryLanguage="English" custom="readingOrder {index:0;}">
                <Coords points="131,314 1268,314 1268,356 131,356"/>
                <Baseline points="131,341 147,341 260,341 486,348 633,342 681,343 808,343 923,349 1170,343 1220,343 1268,344"/>
                <Word id="w_w2aab1b3b2b7b1ab1" language="English" custom="readingOrder {index:0;}">
                    <Coords points="131,315 147,315 147,341 131,341"/>
                    <TextEquiv>
                        <Unicode>8</Unicode>
                    </TextEquiv>
                    <TextStyle fontFamily="Times New Roman" fontSize="10.0"/>
                </Word>
                <Word id="w_w2aab1b3b2b7b1ab5" language="English" custom="readingOrder {index:1;}">
                    <Coords points="168,315 260,315 260,341 168,341"/>
                    <TextEquiv>
                        <Unicode>Baer</Unicode>
                    </TextEquiv>
                    <TextStyle fontFamily="Times New Roman" fontSize="10.0"/>
                </Word>
                <Word id="w_w2aab1b3b2b7b1ac15" language="English" custom="readingOrder {index:2;}">
                    <Coords points="275,314 486,314 486,350 275,350"/>
                    <TextEquiv>
                        <Unicode>(Alexandre),</Unicode>
                    </TextEquiv>
                    <TextStyle fontFamily="Times New Roman" fontSize="10.0"/>
                </Word>
                <Word id="w_w2aab1b3b2b7b1ac41" language="English" custom="readingOrder {index:3;}">
                    <Coords points="504,314 633,314 633,351 504,351"/>
                    <TextEquiv>
                        <Unicode>général</Unicode>
                    </TextEquiv>
                    <TextStyle fontFamily="Times New Roman" fontSize="10.0"/>
                </Word>
                <Word id="w_w2aab1b3b2b7b1ac57" language="English" custom="readingOrder {index:4;}">
                    <Coords points="649,316 681,316 681,343 649,343"/>
                    <TextEquiv>
                        <Unicode>et</Unicode>
                    </TextEquiv>
                    <TextStyle fontFamily="Times New Roman" fontSize="10.0"/>
                </Word>
                <Word id="w_w2aab1b3b2b7b1ac63" language="English" custom="readingOrder {index:5;}">
                    <Coords points="696,316 808,316 808,343 696,343"/>
                    <TextEquiv>
                        <Unicode>savant</Unicode>
                    </TextEquiv>
                    <TextStyle fontFamily="Times New Roman" fontSize="10.0"/>
                </Word>
                <Word id="w_w2aab1b3b2b7b1ac77" language="English" custom="readingOrder {index:6;}">
                    <Coords points="824,323 923,323 923,349 824,349"/>
                    <TextEquiv>
                        <Unicode>russe,</Unicode>
                    </TextEquiv>
                    <TextStyle fontFamily="Times New Roman" fontSize="10.0"/>
                </Word>
                <Word id="w_w2aab1b3b2b7b1ac91" language="English" custom="readingOrder {index:7;}">
                    <Coords points="941,314 1170,314 1170,356 941,356"/>
                    <TextEquiv>
                        <Unicode>grand-maître</Unicode>
                    </TextEquiv>
                    <TextStyle fontFamily="Times New Roman" fontSize="10.0"/>
                </Word>
                <Word id="w_w2aab1b3b2b7b1ad117" language="English" custom="readingOrder {index:8;}">
                    <Coords points="1183,316 1220,316 1220,343 1183,343"/>
                    <TextEquiv>
                        <Unicode>de</Unicode>
                    </TextEquiv>
                    <TextStyle fontFamily="Times New Roman" fontSize="10.0"/>
                </Word>
                <Word id="w_w2aab1b3b2b7b1ad123" language="English" custom="readingOrder {index:9;}">
                    <Coords points="1237,317 1268,317 1268,344 1237,344"/>
                    <TextEquiv>
                        <Unicode>la</Unicode>
                    </TextEquiv>
                    <TextStyle fontFamily="Times New Roman" fontSize="10.0"/>
                </Word>
                <TextEquiv>
                    <Unicode>8 Baer (Alexandre), général et savant russe, grand-maître de la</Unicode>
                </TextEquiv>
                <TextStyle fontFamily="Times New Roman" fontSize="10.0"/>
            </TextLine>
            <TextEquiv>
                <Unicode>8 Baer (Alexandre), général et savant russe, grand-maître de la</Unicode>
            </TextEquiv>
        </TextRegion>
        <TextRegion type="paragraph" id="r_2_5" custom="readingOrder {index:5;}">
            <Coords points="113,348 1269,348 1269,574 113,574"/>
            <TextLine id="tl_7" primaryLanguage="English" custom="readingOrder {index:0;}">
                <Coords points="166,349 1267,349 1267,412 166,412"/>
                <Baseline points="170,376 191,376 269,377 304,377 414,384 500,378 534,378 689,378 771,378 812,378 868,385 922,378 1084,384 1165,379 1267,380"/>
                <Word id="w_w2aab1b3b2b9b1b1b1" language="English" custom="readingOrder {index:0;}">
                    <Coords points="168,349 269,349 269,377 168,377"/>
                    <TextEquiv>
                        <Unicode>olice</Unicode>
                    </TextEquiv>
                    <TextStyle fontFamily="Times New Roman" fontSize="10.0"/>
                </Word>
                <Word id="w_w2aab1b3b2b9b1b1c13" language="English" custom="readingOrder {index:1;}">
                    <Coords points="287,350 304,350 304,377 287,377"/>
                    <TextEquiv>
                        <Unicode>à</Unicode>
                    </TextEquiv>
                    <TextStyle fontFamily="Times New Roman" fontSize="10.0"/>
                </Word>
                <Word id="w_w2aab1b3b2b9b1b1c17" language="English" custom="readingOrder {index:2;}">
                    <Coords points="319,350 414,350 414,386 319,386"/>
                    <TextEquiv>
                        <Unicode>Riga,</Unicode>
                    </TextEquiv>
                    <TextStyle fontFamily="Times New Roman" fontSize="10.0"/>
                </Word>
                <Word id="w_w2aab1b3b2b9b1b1c29" language="English" custom="readingOrder {index:3;}">
                    <Coords points="429,351 500,351 500,387 429,387"/>
                    <TextEquiv>
                        <Unicode>puis</Unicode>
                    </TextEquiv>
                    <TextStyle fontFamily="Times New Roman" fontSize="10.0"/>
                </Word>
                <Word id="w_w2aab1b3b2b9b1b1c39" language="English" custom="readingOrder {index:4;}">
                    <Coords points="517,351 534,351 534,378 517,378"/>
                    <TextEquiv>
                        <Unicode>à</Unicode>
                    </TextEquiv>
                    <TextStyle fontFamily="Times New Roman" fontSize="10.0"/>
                </Word>
                <Word id="w_w2aab1b3b2b9b1b1c43" language="English" custom="readingOrder {index:5;}">
                    <Coords points="549,350 689,350 689,378 549,378"/>
                    <TextEquiv>
                        <Unicode>Moscou.</Unicode>
                    </TextEquiv>
                    <TextStyle fontFamily="Times New Roman" fontSize="10.0"/>
                </Word>
                <Word id="w_w2aab1b3b2b9b1b1c59" language="English" custom="readingOrder {index:6;}">
                    <Coords points="698,350 771,350 771,378 698,378"/>
                    <TextEquiv>
                        <Unicode>—L.</Unicode>
                    </TextEquiv>
                    <TextStyle fontFamily="Times New Roman" fontSize="10.0"/>
                </Word>
                <Word id="w_w2aab1b3b2b9b1b1c67" language="English" custom="readingOrder {index:7;}">
                    <Coords points="785,359 812,359 812,378 785,378"/>
                    <TextEquiv>
                        <Unicode>a.</Unicode>
                    </TextEquiv>
                    <TextStyle fontFamily="Times New Roman" fontSize="10.0"/>
                </Word>
                <Word id="w_w2aab1b3b2b9b1b1c73" language="English" custom="readingOrder {index:8;}">
                    <Coords points="826,359 868,359 868,385 826,385"/>
                    <TextEquiv>
                        <Unicode>s.,</Unicode>
                    </TextEquiv>
                    <TextStyle fontFamily="Times New Roman" fontSize="10.0"/>
                </Word>
                <Word id="w_w2aab1b3b2b9b1b1c81" language="English" custom="readingOrder {index:9;}">
                    <Coords points="885,359 922,359 922,378 885,378"/>
                    <TextEquiv>
                        <Unicode>en</Unicode>
                    </TextEquiv>
                    <TextStyle fontFamily="Times New Roman" fontSize="10.0"/>
                </Word>
                <Word id="w_w2aab1b3b2b9b1b1c87" language="English" custom="readingOrder {index:10;}">
                    <Coords points="935,351 1084,351 1084,389 935,389"/>
                    <TextEquiv>
                        <Unicode>irançais,</Unicode>
                    </TextEquiv>
                    <TextStyle fontFamily="Times New Roman" fontSize="10.0"/>
                </Word>
                <Word id="w_w2aab1b3b2b9b1b1d107" language="English" custom="readingOrder {index:11;}">
                    <Coords points="1096,351 1115,351 1115,379 1096,379"/>
                    <TextEquiv>
                        <Unicode>àM.</Unicode>
                    </TextEquiv>
                    <TextStyle fontFamily="Times New Roman" fontSize="10.0"/>
                </Word>
                <Word id="w_w2aab1b3b2b9b1b1d115" language="English" custom="readingOrder {index:12;}">
                    <Coords points="1177,351 1267,351 1267,380 1177,380"/>
                    <TextEquiv>
                        <Unicode>Jules</Unicode>
                    </TextEquiv>
                    <TextStyle fontFamily="Times New Roman" fontSize="10.0"/>
                </Word>
                <Word id="word_1537981928107_74" custom="readingOrder {index:13;}">
                    <Coords points="1124,350 1164,350 1164,381 1124,381"/>
                    <TextEquiv>
                        <Unicode></Unicode>
                    </TextEquiv>
                </Word>
                <TextEquiv>
                    <Unicode>police à Riga, puis à Moscou. —L. a. s., en français, à M. Jules</Unicode>
                </TextEquiv>
            </TextLine>
            <TextLine id="tl_8" primaryLanguage="English" custom="readingOrder {index:1;}">
                <Coords points="168,380 1265,380 1265,423 167,414"/>
                <Baseline points="169,409 333,413 349,421 700,420 797,421 829,414 873,415 936,413 1022,414 1158,415 1213,415 1265,412"/>
                <Word id="w_w2aab1b3b2b9b3ab1" language="English" custom="readingOrder {index:0;}">
                    <Coords points="167,381 333,385 333,420 167,416"/>
                    <TextEquiv>
                        <Unicode>eportier</Unicode>
                    </TextEquiv>
                    <TextStyle fontFamily="Times New Roman" fontSize="10.0"/>
                </Word>
                <Word id="w_w2aab1b3b2b9b3ac19" language="English" custom="readingOrder {index:1;}">
                    <Coords points="343,396 349,396 349,421 343,421"/>
                    <TextEquiv>
                        <Unicode>;</Unicode>
                    </TextEquiv>
                    <TextStyle fontFamily="Times New Roman" fontSize="10.0"/>
                </Word>
                <Word id="w_w2aab1b3b2b9b3ac23" language="English" custom="readingOrder {index:2;}">
                    <Coords points="367,385 700,385 700,422 367,422"/>
                    <TextEquiv>
                        <Unicode>Saint-Pétersbourg,</Unicode>
                    </TextEquiv>
                    <TextStyle fontFamily="Times New Roman" fontSize="10.0"/>
                </Word>
                <Word id="w_w2aab1b3b2b9b3ac61" language="English" custom="readingOrder {index:3;}">
                    <Coords points="717,386 797,386 797,421 717,421"/>
                    <TextEquiv>
                        <Unicode>1836,</Unicode>
                    </TextEquiv>
                    <TextStyle fontFamily="Times New Roman" fontSize="10.0"/>
                </Word>
                <Word id="w_w2aab1b3b2b9b3ac73" language="English" custom="readingOrder {index:4;}">
                    <Coords points="813,386 829,386 829,414 813,414"/>
                    <TextEquiv>
                        <Unicode>3</Unicode>
                    </TextEquiv>
                    <TextStyle fontFamily="Times New Roman" fontSize="10.0"/>
                </Word>
                <Word id="w_w2aab1b3b2b9b3ac77" language="English" custom="readingOrder {index:5;}">
                    <Coords points="845,395 873,395 873,423 845,423"/>
                    <TextEquiv>
                        <Unicode>p.</Unicode>
                    </TextEquiv>
                    <TextStyle fontFamily="Times New Roman" fontSize="10.0"/>
                </Word>
                <Word id="w_w2aab1b3b2b9b3ac83" language="English" custom="readingOrder {index:6;}">
                    <Coords points="888,386 936,386 936,421 888,421"/>
                    <TextEquiv>
                        <Unicode>1/2</Unicode>
                    </TextEquiv>
                    <TextStyle fontFamily="Times New Roman" fontSize="10.0"/>
                </Word>
                <Word id="w_w2aab1b3b2b9b3ac91" language="English" custom="readingOrder {index:7;}">
                    <Coords points="948,388 1023,388 1025,419 947,414"/>
                    <TextEquiv>
                        <Unicode>in-4°</Unicode>
                    </TextEquiv>
                    <TextStyle fontFamily="Times New Roman" fontSize="10.0"/>
                </Word>
                <Word id="w_w2aab1b3b2b9b3ad103" language="English" custom="readingOrder {index:8;}">
                    <Coords points="1038,386 1158,386 1158,415 1038,415"/>
                    <TextEquiv>
                        <Unicode>cachet.</Unicode>
                    </TextEquiv>
                    <TextStyle fontFamily="Times New Roman" fontSize="10.0"/>
                </Word>
                <Word id="w_w2aab1b3b2b9b3ad119" language="English" custom="readingOrder {index:9;}">
                    <Coords points="1197,387 1213,387 1213,415 1197,415"/>
                    <TextEquiv>
                        <Unicode>3</Unicode>
                    </TextEquiv>
                    <TextStyle fontFamily="Times New Roman" fontSize="10.0"/>
                </Word>
                <Word id="w_w2aab1b3b2b9b3ad123" language="English" custom="readingOrder {index:10;}">
                    <Coords points="1252,399 1265,399 1265,412 1252,412"/>
                    <TextEquiv>
                        <Unicode>»</Unicode>
                    </TextEquiv>
                    <TextStyle fontFamily="Times New Roman" fontSize="10.0"/>
                </Word>
                <TextEquiv>
                    <Unicode>Leportier ; Saint-Pétersbourg, 1836, 3 p. 1/2 in-4, cachet. 3 »</Unicode>
                </TextEquiv>
                <TextStyle fontFamily="Times New Roman" fontSize="10.0"/>
            </TextLine>
            <TextLine id="tl_9" primaryLanguage="English" custom="readingOrder {index:2;}">
                <Coords points="130,420 1268,420 1268,462 130,462"/>
                <Baseline points="130,451 146,450 193,453 467,453 559,460 612,453 736,453 952,455 1001,446 1051,454 1095,454 1137,454 1198,454 1268,455"/>
                <Word id="w_w2aab1b3b2b9b5ab1" language="English" custom="readingOrder {index:0;}">
                    <Coords points="130,420 146,420 146,451 130,451"/>
                    <TextEquiv>
                        <Unicode>f)</Unicode>
                    </TextEquiv>
                    <TextStyle fontFamily="Times New Roman" fontSize="9.5" bold="true"/>
                </Word>
                <Word id="w_w2aab1b3b2b9b5ab7" language="English" custom="readingOrder {index:1;}">
                    <Coords points="166,426 297,426 297,462 166,462"/>
                    <TextEquiv>
                        <Unicode>Balzac</Unicode>
                    </TextEquiv>
                    <TextStyle fontFamily="Times New Roman" fontSize="9.5" bold="true"/>
                </Word>
                <Word id="w_w2aab1b3b2b9b5b1b1" language="English" custom="readingOrder {index:2;}">
                    <Coords points="322,425 467,425 467,462 322,462"/>
                    <TextEquiv>
                        <Unicode>(Honoré</Unicode>
                    </TextEquiv>
                    <TextStyle fontFamily="Times New Roman" fontSize="10.0"/>
                </Word>
                <Word id="w_w2aab1b3b2b9b5b1c17" language="English" custom="readingOrder {index:3;}">
                    <Coords points="483,426 559,426 559,462 483,462"/>
                    <TextEquiv>
                        <Unicode>de),</Unicode>
                    </TextEquiv>
                    <TextStyle fontFamily="Times New Roman" fontSize="10.0"/>
                </Word>
                <Word id="w_w2aab1b3b2b9b5b1c27" language="English" custom="readingOrder {index:4;}">
                    <Coords points="583,425 612,425 612,454 583,454"/>
                    <TextEquiv>
                        <Unicode>le</Unicode>
                    </TextEquiv>
                    <TextStyle fontFamily="Times New Roman" fontSize="10.0"/>
                </Word>
                <Word id="w_w2aab1b3b2b9b5b1c33" language="English" custom="readingOrder {index:5;}">
                    <Coords points="637,426 736,426 736,462 637,462"/>
                    <TextEquiv>
                        <Unicode>grand</Unicode>
                    </TextEquiv>
                    <TextStyle fontFamily="Times New Roman" fontSize="10.0"/>
                </Word>
                <Word id="w_w2aab1b3b2b9b5b1c45" language="English" custom="readingOrder {index:6;}">
                    <Coords points="762,426 952,426 952,455 762,455"/>
                    <TextEquiv>
                        <Unicode>romancier.</Unicode>
                    </TextEquiv>
                    <TextStyle fontFamily="Times New Roman" fontSize="10.0"/>
                </Word>
                <Word id="w_w2aab1b3b2b9b5b1c67" language="English" custom="readingOrder {index:7;}">
                    <Coords points="969,442 1001,442 1001,446 969,446"/>
                    <TextEquiv>
                        <Unicode>—</Unicode>
                    </TextEquiv>
                    <TextStyle fontFamily="Times New Roman" fontSize="10.0"/>
                </Word>
                <Word id="w_w2aab1b3b2b9b5b1c71" language="English" custom="readingOrder {index:8;}">
                    <Coords points="1017,426 1051,426 1051,454 1017,454"/>
                    <TextEquiv>
                        <Unicode>L.</Unicode>
                    </TextEquiv>
                    <TextStyle fontFamily="Times New Roman" fontSize="10.0"/>
                </Word>
                <Word id="w_w2aab1b3b2b9b5b1c77" language="English" custom="readingOrder {index:9;}">
                    <Coords points="1068,435 1095,435 1095,454 1068,454"/>
                    <TextEquiv>
                        <Unicode>a.</Unicode>
                    </TextEquiv>
                    <TextStyle fontFamily="Times New Roman" fontSize="10.0"/>
                </Word>
                <Word id="w_w2aab1b3b2b9b5b1c83" language="English" custom="readingOrder {index:10;}">
                    <Coords points="1113,435 1137,435 1137,454 1113,454"/>
                    <TextEquiv>
                        <Unicode>s.</Unicode>
                    </TextEquiv>
                    <TextStyle fontFamily="Times New Roman" fontSize="10.0"/>
                </Word>
                <Word id="w_w2aab1b3b2b9b5b1c89" language="English" custom="readingOrder {index:11;}">
                    <Coords points="1161,427 1198,427 1198,454 1161,454"/>
                    <TextEquiv>
                        <Unicode>de</Unicode>
                    </TextEquiv>
                    <TextStyle fontFamily="Times New Roman" fontSize="10.0"/>
                </Word>
                <Word id="w_w2aab1b3b2b9b5b1c95" language="English" custom="readingOrder {index:12;}">
                    <Coords points="1219,435 1268,435 1268,455 1219,455"/>
                    <TextEquiv>
                        <Unicode>ses</Unicode>
                    </TextEquiv>
                    <TextStyle fontFamily="Times New Roman" fontSize="10.0"/>
                </Word>
                <TextEquiv>
                    <Unicode>9 Balzac (Honoré de), le grand romancier. — L. a. s. de ses</Unicode>
                </TextEquiv>
            </TextLine>
            <TextLine id="tl_10" primaryLanguage="English" custom="readingOrder {index:3;}">
                <Coords points="166,460 1267,460 1267,498 166,498"/>
                <Baseline points="166,488 310,489 343,489 389,489 410,479 471,490 536,489 625,489 660,489 725,489 849,496 876,488 925,490 1018,497 1157,490 1215,490 1267,488"/>
                <Word id="w_w2aab1b3b2b9b7ab1" language="English" custom="readingOrder {index:0;}">
                    <Coords points="166,460 310,460 310,489 166,489"/>
                    <TextEquiv>
                        <Unicode>initiales</Unicode>
                    </TextEquiv>
                    <TextStyle fontFamily="Times New Roman" fontSize="10.0"/>
                </Word>
                <Word id="w_w2aab1b3b2b9b7ac21" language="English" custom="readingOrder {index:1;}">
                    <Coords points="326,463 343,463 343,489 326,489"/>
                    <TextEquiv>
                        <Unicode>à</Unicode>
                    </TextEquiv>
                    <TextStyle fontFamily="Times New Roman" fontSize="10.0"/>
                </Word>
                <Word id="w_w2aab1b3b2b9b7ac25" language="English" custom="readingOrder {index:2;}">
                    <Coords points="357,461 389,461 389,489 357,489"/>
                    <TextEquiv>
                        <Unicode>M</Unicode>
                    </TextEquiv>
                    <TextStyle fontFamily="Times New Roman" fontSize="10.0"/>
                </Word>
                <Word id="w_w2aab1b3b2b9b7b1b1" language="English" custom="readingOrder {index:3;}">
                    <Coords points="393,466 422,466 422,479 393,479"/>
                    <TextEquiv>
                        <Unicode>m8</Unicode>
                    </TextEquiv>
                    <TextStyle fontFamily="Times New Roman" fontSize="10.0" superscript="true"/>
                </Word>
                <Word id="w_w2aab1b3b2b9b7b2b1" language="English" custom="readingOrder {index:4;}">
                    <Coords points="430,482 471,482 471,490 430,490"/>
                    <TextEquiv>
                        <Unicode>...</Unicode>
                    </TextEquiv>
                    <TextStyle fontFamily="Times New Roman" fontSize="10.0"/>
                </Word>
                <Word id="w_w2aab1b3b2b9b7b2b9" language="English" custom="readingOrder {index:5;}">
                    <Coords points="492,461 536,461 536,498 492,498"/>
                    <TextEquiv>
                        <Unicode>(le</Unicode>
                    </TextEquiv>
                    <TextStyle fontFamily="Times New Roman" fontSize="10.0"/>
                </Word>
                <Word id="w_w2aab1b3b2b9b7b2c17" language="English" custom="readingOrder {index:6;}">
                    <Coords points="553,469 625,469 625,489 553,489"/>
                    <TextEquiv>
                        <Unicode>nom</Unicode>
                    </TextEquiv>
                    <TextStyle fontFamily="Times New Roman" fontSize="10.0"/>
                </Word>
                <Word id="w_w2aab1b3b2b9b7b2c25" language="English" custom="readingOrder {index:7;}">
                    <Coords points="642,471 660,471 660,489 642,489"/>
                    <TextEquiv>
                        <Unicode>a</Unicode>
                    </TextEquiv>
                    <TextStyle fontFamily="Times New Roman" fontSize="10.0"/>
                </Word>
                <Word id="w_w2aab1b3b2b9b7b2c29" language="English" custom="readingOrder {index:8;}">
                    <Coords points="676,461 725,461 725,489 676,489"/>
                    <TextEquiv>
                        <Unicode>été</Unicode>
                    </TextEquiv>
                    <TextStyle fontFamily="Times New Roman" fontSize="10.0"/>
                </Word>
                <Word id="w_w2aab1b3b2b9b7b2c37" language="English" custom="readingOrder {index:9;}">
                    <Coords points="740,461 849,461 849,497 740,497"/>
                    <TextEquiv>
                        <Unicode>biffé),</Unicode>
                    </TextEquiv>
                    <TextStyle fontFamily="Times New Roman" fontSize="10.0"/>
                </Word>
                <Word id="w_w2aab1b3b2b9b7b2c53" language="English" custom="readingOrder {index:10;}">
                    <Coords points="867,463 876,463 876,488 867,488"/>
                    <TextEquiv>
                        <Unicode>1</Unicode>
                    </TextEquiv>
                    <TextStyle fontFamily="Times New Roman" fontSize="10.0"/>
                </Word>
                <Word id="w_w2aab1b3b2b9b7b2c57" language="English" custom="readingOrder {index:11;}">
                    <Coords points="897,470 925,470 925,498 897,498"/>
                    <TextEquiv>
                        <Unicode>p.</Unicode>
                    </TextEquiv>
                    <TextStyle fontFamily="Times New Roman" fontSize="10.0"/>
                </Word>
                <Word id="w_w2aab1b3b2b9b7b2c63" language="English" custom="readingOrder {index:12;}">
                    <Coords points="942,461 1018,461 1018,497 942,497"/>
                    <TextEquiv>
                        <Unicode>in-4,</Unicode>
                    </TextEquiv>
                    <TextStyle fontFamily="Times New Roman" fontSize="10.0"/>
                </Word>
                <Word id="w_w2aab1b3b2b9b7b2c75" language="English" custom="readingOrder {index:13;}">
                    <Coords points="1035,462 1157,462 1157,490 1035,490"/>
                    <TextEquiv>
                        <Unicode>cachet.</Unicode>
                    </TextEquiv>
                    <TextStyle fontFamily="Times New Roman" fontSize="10.0"/>
                </Word>
                <Word id="w_w2aab1b3b2b9b7b2c91" language="English" custom="readingOrder {index:14;}">
                    <Coords points="1199,463 1215,463 1215,490 1199,490"/>
                    <TextEquiv>
                        <Unicode>4</Unicode>
                    </TextEquiv>
                    <TextStyle fontFamily="Times New Roman" fontSize="10.0"/>
                </Word>
                <Word id="w_w2aab1b3b2b9b7b2c95" language="English" custom="readingOrder {index:15;}">
                    <Coords points="1253,474 1267,474 1267,488 1253,488"/>
                    <TextEquiv>
                        <Unicode>»</Unicode>
                    </TextEquiv>
                    <TextStyle fontFamily="Times New Roman" fontSize="10.0"/>
                </Word>
                <TextEquiv>
                    <Unicode>initiales à Mme... (le nom a été biffé), 1 p. in-4, cachet. 4 »</Unicode>
                </TextEquiv>
            </TextLine>
            <TextLine id="tl_11" primaryLanguage="English" custom="readingOrder {index:4;}">
                <Coords points="114,500 1267,500 1267,538 114,538"/>
                <Baseline points="114,527 123,527 192,527 318,536 441,529 475,535 615,528 762,529 805,529 941,529 1067,529 1119,522 1172,530 1212,530 1267,538"/>
                <Word id="w_w2aab1b3b2b9b9ab1" language="English" custom="readingOrder {index:0;}">
                    <Coords points="114,500 146,500 146,527 114,527"/>
                    <TextEquiv>
                        <Unicode>10</Unicode>
                    </TextEquiv>
                    <TextStyle fontFamily="Times New Roman" fontSize="10.0"/>
                </Word>
                <Word id="w_w2aab1b3b2b9b9b1b1" language="English" custom="readingOrder {index:1;}">
                    <Coords points="166,501 296,501 296,536 166,536"/>
                    <TextEquiv>
                        <Unicode>Barrot</Unicode>
                    </TextEquiv>
                    <TextStyle fontFamily="Times New Roman" fontSize="9.5" bold="true"/>
                </Word>
                <Word id="w_w2aab1b3b2b9b9b2b1" language="English" custom="readingOrder {index:2;}">
                    <Coords points="311,501 318,501 318,536 311,536"/>
                    <TextEquiv>
                        <Unicode>(</Unicode>
                    </TextEquiv>
                    <TextStyle fontFamily="Times New Roman" fontSize="10.0"/>
                </Word>
                <Word id="w_w2aab1b3b2b9b9b2b5" language="English" custom="readingOrder {index:3;}">
                    <Coords points="328,501 441,501 441,529 328,529"/>
                    <TextEquiv>
                        <Unicode>Odilon</Unicode>
                    </TextEquiv>
                    <TextStyle fontFamily="Times New Roman" fontSize="10.0"/>
                </Word>
                <Word id="w_w2aab1b3b2b9b9b2c19" language="English" custom="readingOrder {index:4;}">
                    <Coords points="451,502 475,502 475,537 451,537"/>
                    <TextEquiv>
                        <Unicode>),</Unicode>
                    </TextEquiv>
                    <TextStyle fontFamily="Times New Roman" fontSize="10.0"/>
                </Word>
                <Word id="w_w2aab1b3b2b9b9b2c25" language="English" custom="readingOrder {index:5;}">
                    <Coords points="492,501 615,501 615,529 492,529"/>
                    <TextEquiv>
                        <Unicode>célèbre</Unicode>
                    </TextEquiv>
                    <TextStyle fontFamily="Times New Roman" fontSize="10.0"/>
                </Word>
                <Word id="w_w2aab1b3b2b9b9b2c41" language="English" custom="readingOrder {index:6;}">
                    <Coords points="631,503 762,503 762,529 631,529"/>
                    <TextEquiv>
                        <Unicode>orateur</Unicode>
                    </TextEquiv>
                    <TextStyle fontFamily="Times New Roman" fontSize="10.0"/>
                </Word>
                <Word id="w_w2aab1b3b2b9b9b2c57" language="English" custom="readingOrder {index:7;}">
                    <Coords points="773,504 805,504 805,529 773,529"/>
                    <TextEquiv>
                        <Unicode>et</Unicode>
                    </TextEquiv>
                    <TextStyle fontFamily="Times New Roman" fontSize="10.0"/>
                </Word>
                <Word id="w_w2aab1b3b2b9b9b2c63" language="English" custom="readingOrder {index:8;}">
                    <Coords points="816,501 941,501 941,529 816,529"/>
                    <TextEquiv>
                        <Unicode>homme</Unicode>
                    </TextEquiv>
                    <TextStyle fontFamily="Times New Roman" fontSize="10.0"/>
                </Word>
                <Word id="w_w2aab1b3b2b9b9b2c75" language="English" custom="readingOrder {index:9;}">
                    <Coords points="953,502 1067,502 1067,530 953,530"/>
                    <TextEquiv>
                        <Unicode>d’Etat.</Unicode>
                    </TextEquiv>
                    <TextStyle fontFamily="Times New Roman" fontSize="10.0"/>
                </Word>
                <Word id="w_w2aab1b3b2b9b9b2c91" language="English" custom="readingOrder {index:10;}">
                    <Coords points="1088,518 1119,518 1119,522 1088,522"/>
                    <TextEquiv>
                        <Unicode>—</Unicode>
                    </TextEquiv>
                    <TextStyle fontFamily="Times New Roman" fontSize="10.0"/>
                </Word>
                <Word id="w_w2aab1b3b2b9b9b2c95" language="English" custom="readingOrder {index:11;}">
                    <Coords points="1137,502 1172,502 1172,530 1137,530"/>
                    <TextEquiv>
                        <Unicode>L.</Unicode>
                    </TextEquiv>
                    <TextStyle fontFamily="Times New Roman" fontSize="10.0"/>
                </Word>
                <Word id="w_w2aab1b3b2b9b9b2d101" language="English" custom="readingOrder {index:12;}">
                    <Coords points="1185,511 1212,511 1212,530 1185,530"/>
                    <TextEquiv>
                        <Unicode>a.</Unicode>
                    </TextEquiv>
                    <TextStyle fontFamily="Times New Roman" fontSize="10.0"/>
                </Word>
                <Word id="w_w2aab1b3b2b9b9b2d107" language="English" custom="readingOrder {index:13;}">
                    <Coords points="1225,511 1267,511 1267,538 1225,538"/>
                    <TextEquiv>
                        <Unicode>s.;</Unicode>
                    </TextEquiv>
                    <TextStyle fontFamily="Times New Roman" fontSize="10.0"/>
                </Word>
                <TextEquiv>
                    <Unicode>10 Barrot (Odilon), célèbre orateur et homme d’Etat. — L. a. s.;</Unicode>
                </TextEquiv>
            </TextLine>
            <TextLine id="tl_12" primaryLanguage="English" custom="readingOrder {index:5;}">
                <Coords points="164,535 1266,535 1266,573 164,573"/>
                <Baseline points="164,564 368,571 455,565 626,570 659,564 756,565 851,571 884,563 928,565 1026,565 1214,565 1266,563"/>
                <Word id="w_w2aab1b3b2b9c11ab1" language="English" custom="readingOrder {index:0;}">
                    <Coords points="164,535 368,535 368,571 164,571"/>
                    <TextEquiv>
                        <Unicode>Villeneuve,</Unicode>
                    </TextEquiv>
                    <TextStyle fontFamily="Times New Roman" fontSize="10.0"/>
                </Word>
                <Word id="w_w2aab1b3b2b9c11ac25" language="English" custom="readingOrder {index:1;}">
                    <Coords points="384,537 455,537 455,573 384,573"/>
                    <TextEquiv>
                        <Unicode>près</Unicode>
                    </TextEquiv>
                    <TextStyle fontFamily="Times New Roman" fontSize="10.0"/>
                </Word>
                <Word id="w_w2aab1b3b2b9c11ac35" language="English" custom="readingOrder {index:2;}">
                    <Coords points="471,537 626,537 626,570 471,570"/>
                    <TextEquiv>
                        <Unicode>Soissons,</Unicode>
                    </TextEquiv>
                    <TextStyle fontFamily="Times New Roman" fontSize="10.0"/>
                </Word>
                <Word id="w_w2aab1b3b2b9c11ac55" language="English" custom="readingOrder {index:3;}">
                    <Coords points="643,537 659,537 659,564 643,564"/>
                    <TextEquiv>
                        <Unicode>2</Unicode>
                    </TextEquiv>
                    <TextStyle fontFamily="Times New Roman" fontSize="10.0"/>
                </Word>
                <Word id="w_w2aab1b3b2b9c11ac59" language="English" custom="readingOrder {index:4;}">
                    <Coords points="675,537 756,537 756,565 675,565"/>
                    <TextEquiv>
                        <Unicode>avril</Unicode>
                    </TextEquiv>
                    <TextStyle fontFamily="Times New Roman" fontSize="10.0"/>
                </Word>
                <Word id="w_w2aab1b3b2b9c11ac71" language="English" custom="readingOrder {index:5;}">
                    <Coords points="773,538 851,538 851,571 773,571"/>
                    <TextEquiv>
                        <Unicode>1848,</Unicode>
                    </TextEquiv>
                    <TextStyle fontFamily="Times New Roman" fontSize="10.0"/>
                </Word>
                <Word id="w_w2aab1b3b2b9c11ac83" language="English" custom="readingOrder {index:6;}">
                    <Coords points="868,537 884,537 884,563 868,563"/>
                    <TextEquiv>
                        <Unicode>2</Unicode>
                    </TextEquiv>
                    <TextStyle fontFamily="Times New Roman" fontSize="10.0"/>
                </Word>
                <Word id="w_w2aab1b3b2b9c11ac87" language="English" custom="readingOrder {index:7;}">
                    <Coords points="900,545 928,545 928,573 900,573"/>
                    <TextEquiv>
                        <Unicode>p.</Unicode>
                    </TextEquiv>
                    <TextStyle fontFamily="Times New Roman" fontSize="10.0"/>
                </Word>
                <Word id="w_w2aab1b3b2b9c11ac93" language="English" custom="readingOrder {index:8;}">
                    <Coords points="946,537 1026,537 1026,565 946,565"/>
                    <TextEquiv>
                        <Unicode>in-8.</Unicode>
                    </TextEquiv>
                    <TextStyle fontFamily="Times New Roman" fontSize="10.0"/>
                </Word>
                <Word id="w_w2aab1b3b2b9c11ad105" language="English" custom="readingOrder {index:9;}">
                    <Coords points="1199,538 1214,538 1214,565 1199,565"/>
                    <TextEquiv>
                        <Unicode>3</Unicode>
                    </TextEquiv>
                    <TextStyle fontFamily="Times New Roman" fontSize="10.0"/>
                </Word>
                <Word id="w_w2aab1b3b2b9c11ad109" language="English" custom="readingOrder {index:10;}">
                    <Coords points="1253,548 1266,548 1266,564 1253,564"/>
                    <TextEquiv>
                        <Unicode>&gt;&gt;</Unicode>
                    </TextEquiv>
                    <TextStyle fontFamily="Times New Roman" fontSize="10.0"/>
                </Word>
                <TextEquiv>
                    <Unicode>Villeneuve, près Soissons, 2 avril 1848, 2 p. in-8. 3 »</Unicode>
                </TextEquiv>
                <TextStyle fontFamily="Times New Roman" fontSize="10.0"/>
            </TextLine>
            <TextEquiv>
                <Unicode>police à Riga, puis à Moscou. —L. a. s., en français, à M. Jules
Leportier ; Saint-Pétersbourg, 1836, 3 p. 1/2 in-4, cachet. 3 »
9 Balzac (Honoré de), le grand romancier. — L. a. s. de ses
initiales à Mme... (le nom a été biffé), 1 p. in-4, cachet. 4 »
10 Barrot (Odilon), célèbre orateur et homme d’Etat. — L. a. s.;
Villeneuve, près Soissons, 2 avril 1848, 2 p. in-8. 3 »</Unicode>
            </TextEquiv>
        </TextRegion>
        <TextRegion type="paragraph" id="r_2_6" custom="readingOrder {index:6;}">
            <Coords points="165,571 1270,571 1270,698 165,698"/>
            <TextLine id="tl_13" primaryLanguage="English" custom="readingOrder {index:0;}">
                <Coords points="201,572 1268,572 1268,604 201,604"/>
                <Baseline points="201,596 332,597 430,597 491,597 546,597 701,596 737,597 842,597 906,596 1035,597 1099,597 1187,597 1268,591"/>
                <Word id="w_w2aab1b3b2c11b1ab1" language="English" custom="readingOrder {index:0;}">
                    <Coords points="201,572 332,572 332,597 201,597"/>
                    <TextEquiv>
                        <Unicode>Curieuse</Unicode>
                    </TextEquiv>
                    <TextStyle fontFamily="Times New Roman" fontSize="8.5"/>
                </Word>
                <Word id="w_w2aab1b3b2c11b1ac19" language="English" custom="readingOrder {index:1;}">
                    <Coords points="350,573 430,573 430,597 350,597"/>
                    <TextEquiv>
                        <Unicode>lettre</Unicode>
                    </TextEquiv>
                    <TextStyle fontFamily="Times New Roman" fontSize="8.5"/>
                </Word>
                <Word id="w_w2aab1b3b2c11b1ac33" language="English" custom="readingOrder {index:2;}">
                    <Coords points="444,580 491,580 491,597 444,597"/>
                    <TextEquiv>
                        <Unicode>sur</Unicode>
                    </TextEquiv>
                    <TextStyle fontFamily="Times New Roman" fontSize="8.5"/>
                </Word>
                <Word id="w_w2aab1b3b2c11b1ac41" language="English" custom="readingOrder {index:3;}">
                    <Coords points="506,574 546,574 546,598 506,598"/>
                    <TextEquiv>
                        <Unicode>les</Unicode>
                    </TextEquiv>
                    <TextStyle fontFamily="Times New Roman" fontSize="8.5"/>
                </Word>
                <Word id="w_w2aab1b3b2c11b1ac49" language="English" custom="readingOrder {index:4;}">
                    <Coords points="560,572 701,572 701,597 560,597"/>
                    <TextEquiv>
                        <Unicode>élections.</Unicode>
                    </TextEquiv>
                    <TextStyle fontFamily="Times New Roman" fontSize="8.5"/>
                </Word>
                <Word id="w_w2aab1b3b2c11b1ac71" language="English" custom="readingOrder {index:5;}">
                    <Coords points="716,573 737,573 737,597 716,597"/>
                    <TextEquiv>
                        <Unicode>Il</Unicode>
                    </TextEquiv>
                    <TextStyle fontFamily="Times New Roman" fontSize="8.5"/>
                </Word>
                <Word id="w_w2aab1b3b2c11b1ac77" language="English" custom="readingOrder {index:6;}">
                    <Coords points="752,573 842,573 842,598 752,598"/>
                    <TextEquiv>
                        <Unicode>donne</Unicode>
                    </TextEquiv>
                    <TextStyle fontFamily="Times New Roman" fontSize="8.5"/>
                </Word>
                <Word id="w_w2aab1b3b2c11b1ac89" language="English" custom="readingOrder {index:7;}">
                    <Coords points="857,579 906,579 906,597 857,597"/>
                    <TextEquiv>
                        <Unicode>son</Unicode>
                    </TextEquiv>
                    <TextStyle fontFamily="Times New Roman" fontSize="8.5"/>
                </Word>
                <Word id="w_w2aab1b3b2c11b1ac97" language="English" custom="readingOrder {index:8;}">
                    <Coords points="924,573 1035,573 1035,604 924,604"/>
                    <TextEquiv>
                        <Unicode>opinion</Unicode>
                    </TextEquiv>
                    <TextStyle fontFamily="Times New Roman" fontSize="8.5"/>
                </Word>
                <Word id="w_w2aab1b3b2c11b1ad113" language="English" custom="readingOrder {index:9;}">
                    <Coords points="1052,580 1099,580 1099,597 1052,597"/>
                    <TextEquiv>
                        <Unicode>sur</Unicode>
                    </TextEquiv>
                    <TextStyle fontFamily="Times New Roman" fontSize="8.5"/>
                </Word>
                <Word id="w_w2aab1b3b2c11b1ad121" language="English" custom="readingOrder {index:10;}">
                    <Coords points="1116,574 1187,574 1187,598 1116,598"/>
                    <TextEquiv>
                        <Unicode>deux</Unicode>
                    </TextEquiv>
                    <TextStyle fontFamily="Times New Roman" fontSize="8.5"/>
                </Word>
                <Word id="w_w2aab1b3b2c11b1ad131" language="English" custom="readingOrder {index:11;}">
                    <Coords points="1202,580 1268,580 1268,598 1202,598"/>
                    <TextEquiv>
                        <Unicode>can¬</Unicode>
                    </TextEquiv>
                    <TextStyle fontFamily="Times New Roman" fontSize="8.5"/>
                </Word>
                <TextEquiv>
                    <Unicode>Curieuse lettre sur les élections. Il donne son opinion sur deux can¬</Unicode>
                </TextEquiv>
                <TextStyle fontFamily="Times New Roman" fontSize="8.5"/>
            </TextLine>
            <TextLine id="tl_14" primaryLanguage="English" custom="readingOrder {index:1;}">
                <Coords points="170,602 1269,602 1269,636 170,636"/>
                <Baseline points="170,627 269,634 349,627 491,629 619,627 665,628 805,628 845,629 930,628 970,628 1104,628 1269,623"/>
                <Word id="w_w2aab1b3b2c11b3ab1" language="English" custom="readingOrder {index:0;}">
                    <Coords points="170,602 269,602 269,634 170,634"/>
                    <TextEquiv>
                        <Unicode>didats,</Unicode>
                    </TextEquiv>
                    <TextStyle fontFamily="Times New Roman" fontSize="8.5"/>
                </Word>
                <Word id="w_w2aab1b3b2c11b3ac17" language="English" custom="readingOrder {index:1;}">
                    <Coords points="287,603 349,603 349,627 287,627"/>
                    <TextEquiv>
                        <Unicode>MM.</Unicode>
                    </TextEquiv>
                    <TextStyle fontFamily="Times New Roman" fontSize="8.5"/>
                </Word>
                <Word id="w_w2aab1b3b2c11b3ac25" language="English" custom="readingOrder {index:2;}">
                    <Coords points="366,604 491,604 491,629 366,629"/>
                    <TextEquiv>
                        <Unicode>Evariste</Unicode>
                    </TextEquiv>
                    <TextStyle fontFamily="Times New Roman" fontSize="8.5"/>
                </Word>
                <Word id="w_w2aab1b3b2c11b3ac43" language="English" custom="readingOrder {index:3;}">
                    <Coords points="506,604 619,604 619,629 506,629"/>
                    <TextEquiv>
                        <Unicode>Bavoux</Unicode>
                    </TextEquiv>
                    <TextStyle fontFamily="Times New Roman" fontSize="8.5"/>
                </Word>
                <Word id="w_w2aab1b3b2c11b3ac57" language="English" custom="readingOrder {index:4;}">
                    <Coords points="637,607 665,607 665,628 637,628"/>
                    <TextEquiv>
                        <Unicode>et</Unicode>
                    </TextEquiv>
                    <TextStyle fontFamily="Times New Roman" fontSize="8.5"/>
                </Word>
                <Word id="w_w2aab1b3b2c11b3ac63" language="English" custom="readingOrder {index:5;}">
                    <Coords points="684,604 805,604 805,629 684,629"/>
                    <TextEquiv>
                        <Unicode>Bastide.</Unicode>
                    </TextEquiv>
                    <TextStyle fontFamily="Times New Roman" fontSize="8.5"/>
                </Word>
                <Word id="w_w2aab1b3b2c11b3ac81" language="English" custom="readingOrder {index:6;}">
                    <Coords points="823,604 845,604 845,629 823,629"/>
                    <TextEquiv>
                        <Unicode>Il</Unicode>
                    </TextEquiv>
                    <TextStyle fontFamily="Times New Roman" fontSize="8.5"/>
                </Word>
                <Word id="w_w2aab1b3b2c11b3ac87" language="English" custom="readingOrder {index:7;}">
                    <Coords points="863,604 930,604 930,628 863,628"/>
                    <TextEquiv>
                        <Unicode>croit</Unicode>
                    </TextEquiv>
                    <TextStyle fontFamily="Times New Roman" fontSize="8.5"/>
                </Word>
                <Word id="w_w2aab1b3b2c11b3ac99" language="English" custom="readingOrder {index:8;}">
                    <Coords points="945,605 970,605 970,628 945,628"/>
                    <TextEquiv>
                        <Unicode>le</Unicode>
                    </TextEquiv>
                    <TextStyle fontFamily="Times New Roman" fontSize="8.5"/>
                </Word>
                <Word id="w_w2aab1b3b2c11b3ad105" language="English" custom="readingOrder {index:9;}">
                    <Coords points="985,605 1104,605 1104,635 985,635"/>
                    <TextEquiv>
                        <Unicode>premier</Unicode>
                    </TextEquiv>
                    <TextStyle fontFamily="Times New Roman" fontSize="8.5"/>
                </Word>
                <Word id="w_w2aab1b3b2c11b3ad121" language="English" custom="readingOrder {index:10;}">
                    <Coords points="1119,605 1269,605 1269,636 1119,636"/>
                    <TextEquiv>
                        <Unicode>complète¬</Unicode>
                    </TextEquiv>
                    <TextStyle fontFamily="Times New Roman" fontSize="8.5"/>
                </Word>
                <TextEquiv>
                    <Unicode>didats, MM. Evariste Bavoux et Bastide. Il croit le premier complète¬</Unicode>
                </TextEquiv>
                <TextStyle fontFamily="Times New Roman" fontSize="8.5"/>
            </TextLine>
            <TextLine id="tl_15" primaryLanguage="English" custom="readingOrder {index:2;}">
                <Coords points="168,635 1269,635 1269,667 168,667"/>
                <Baseline points="168,658 245,658 362,659 431,659 523,660 735,666 835,659 887,659 1014,664 1051,661 1095,660 1184,660 1269,660"/>
                <Word id="w_w2aab1b3b2c11b5ab1" language="English" custom="readingOrder {index:0;}">
                    <Coords points="168,637 245,637 245,658 168,658"/>
                    <TextEquiv>
                        <Unicode>ment</Unicode>
                    </TextEquiv>
                    <TextStyle fontFamily="Times New Roman" fontSize="8.5"/>
                </Word>
                <Word id="w_w2aab1b3b2c11b5ac11" language="English" custom="readingOrder {index:1;}">
                    <Coords points="259,635 362,635 362,666 259,666"/>
                    <TextEquiv>
                        <Unicode>opposé</Unicode>
                    </TextEquiv>
                    <TextStyle fontFamily="Times New Roman" fontSize="8.5"/>
                </Word>
                <Word id="w_w2aab1b3b2c11b5ac25" language="English" custom="readingOrder {index:2;}">
                    <Coords points="377,642 431,642 431,660 377,660"/>
                    <TextEquiv>
                        <Unicode>aux</Unicode>
                    </TextEquiv>
                    <TextStyle fontFamily="Times New Roman" fontSize="8.5"/>
                </Word>
                <Word id="w_w2aab1b3b2c11b5ac33" language="English" custom="readingOrder {index:3;}">
                    <Coords points="448,636 523,636 523,660 448,660"/>
                    <TextEquiv>
                        <Unicode>idées</Unicode>
                    </TextEquiv>
                    <TextStyle fontFamily="Times New Roman" fontSize="8.5"/>
                </Word>
                <Word id="w_w2aab1b3b2c11b5ac45" language="English" custom="readingOrder {index:4;}">
                    <Coords points="538,635 735,635 735,666 538,666"/>
                    <TextEquiv>
                        <Unicode>anti-sociales;</Unicode>
                    </TextEquiv>
                    <TextStyle fontFamily="Times New Roman" fontSize="8.5"/>
                </Word>
                <Word id="w_w2aab1b3b2c11b5ac75" language="English" custom="readingOrder {index:5;}">
                    <Coords points="749,637 835,637 835,667 749,667"/>
                    <TextEquiv>
                        <Unicode>quant</Unicode>
                    </TextEquiv>
                    <TextStyle fontFamily="Times New Roman" fontSize="8.5"/>
                </Word>
                <Word id="w_w2aab1b3b2c11b5ac87" language="English" custom="readingOrder {index:6;}">
                    <Coords points="852,642 887,642 887,659 852,659"/>
                    <TextEquiv>
                        <Unicode>au</Unicode>
                    </TextEquiv>
                    <TextStyle fontFamily="Times New Roman" fontSize="8.5"/>
                </Word>
                <Word id="w_w2aab1b3b2c11b5ac93" language="English" custom="readingOrder {index:7;}">
                    <Coords points="900,637 1014,637 1014,664 900,664"/>
                    <TextEquiv>
                        <Unicode>second,</Unicode>
                    </TextEquiv>
                    <TextStyle fontFamily="Times New Roman" fontSize="8.5"/>
                </Word>
                <Word id="w_w2aab1b3b2c11b5ad109" language="English" custom="readingOrder {index:8;}">
                    <Coords points="1032,636 1051,636 1051,661 1032,661"/>
                    <TextEquiv>
                        <Unicode>il</Unicode>
                    </TextEquiv>
                    <TextStyle fontFamily="Times New Roman" fontSize="8.5"/>
                </Word>
                <Word id="w_w2aab1b3b2c11b5ad115" language="English" custom="readingOrder {index:9;}">
                    <Coords points="1071,636 1095,636 1095,660 1071,660"/>
                    <TextEquiv>
                        <Unicode>le</Unicode>
                    </TextEquiv>
                    <TextStyle fontFamily="Times New Roman" fontSize="8.5"/>
                </Word>
                <Word id="w_w2aab1b3b2c11b5ad121" language="English" custom="readingOrder {index:10;}">
                    <Coords points="1117,636 1184,636 1184,660 1117,660"/>
                    <TextEquiv>
                        <Unicode>tient</Unicode>
                    </TextEquiv>
                    <TextStyle fontFamily="Times New Roman" fontSize="8.5"/>
                </Word>
                <Word id="w_w2aab1b3b2c11b5ad133" language="English" custom="readingOrder {index:11;}">
                    <Coords points="1200,643 1269,643 1269,667 1200,667"/>
                    <TextEquiv>
                        <Unicode>pour</Unicode>
                    </TextEquiv>
                    <TextStyle fontFamily="Times New Roman" fontSize="8.5"/>
                </Word>
                <TextEquiv>
                    <Unicode>ment opposé aux idées anti-sociales; quant au second, il le tient pour</Unicode>
                </TextEquiv>
                <TextStyle fontFamily="Times New Roman" fontSize="8.5"/>
            </TextLine>
            <TextLine id="tl_16" primaryLanguage="English" custom="readingOrder {index:3;}">
                <Coords points="166,666 531,666 531,697 166,697"/>
                <Baseline points="166,690 337,691 531,691"/>
                <Word id="w_w2aab1b3b2c11b7ab1" language="English" custom="readingOrder {index:0;}">
                    <Coords points="166,666 337,666 337,697 166,697"/>
                    <TextEquiv>
                        <Unicode>républicain</Unicode>
                    </TextEquiv>
                    <TextStyle fontFamily="Times New Roman" fontSize="8.5"/>
                </Word>
                <Word id="w_w2aab1b3b2c11b7ac25" language="English" custom="readingOrder {index:1;}">
                    <Coords points="349,667 531,667 531,691 349,691"/>
                    <TextEquiv>
                        <Unicode>très-avancé.</Unicode>
                    </TextEquiv>
                    <TextStyle fontFamily="Times New Roman" fontSize="8.5"/>
                </Word>
                <TextEquiv>
                    <Unicode>républicain très-avancé.</Unicode>
                </TextEquiv>
                <TextStyle fontFamily="Times New Roman" fontSize="8.5"/>
            </TextLine>
            <TextEquiv>
                <Unicode>Curieuse lettre sur les élections. Il donne son opinion sur deux can¬
didats, MM. Evariste Bavoux et Bastide. Il croit le premier complète¬
ment opposé aux idées anti-sociales; quant au second, il le tient pour
républicain très-avancé.</Unicode>
            </TextEquiv>
        </TextRegion>
        <TextRegion type="paragraph" id="r_2_7" custom="readingOrder {index:7;}">
            <Coords points="113,701 1269,701 1269,811 113,811"/>
            <TextLine id="tl_17" primaryLanguage="English" custom="readingOrder {index:0;}">
                <Coords points="114,702 1268,702 1268,738 114,738"/>
                <Baseline points="114,728 143,728 319,730 472,737 612,730 686,730 748,730 864,731 988,731 1050,731 1268,731"/>
                <Word id="w_w2aab1b3b2c13b1ab1" language="English" custom="readingOrder {index:0;}">
                    <Coords points="114,702 143,702 143,728 114,728"/>
                    <TextEquiv>
                        <Unicode>11</Unicode>
                    </TextEquiv>
                    <TextStyle fontFamily="Times New Roman" fontSize="10.0"/>
                </Word>
                <Word id="w_w2aab1b3b2c13b1ab7" language="English" custom="readingOrder {index:1;}">
                    <Coords points="167,702 319,702 319,730 167,730"/>
                    <TextEquiv>
                        <Unicode>Barruel</Unicode>
                    </TextEquiv>
                    <TextStyle fontFamily="Times New Roman" fontSize="10.0"/>
                </Word>
                <Word id="w_w2aab1b3b2c13b1ac23" language="English" custom="readingOrder {index:2;}">
                    <Coords points="334,702 472,702 472,738 334,738"/>
                    <TextEquiv>
                        <Unicode>(l’abbé),</Unicode>
                    </TextEquiv>
                    <TextStyle fontFamily="Times New Roman" fontSize="10.0"/>
                </Word>
                <Word id="w_w2aab1b3b2c13b1ac43" language="English" custom="readingOrder {index:3;}">
                    <Coords points="490,702 612,702 612,730 490,730"/>
                    <TextEquiv>
                        <Unicode>célèbre</Unicode>
                    </TextEquiv>
                    <TextStyle fontFamily="Times New Roman" fontSize="10.0"/>
                </Word>
                <Word id="w_w2aab1b3b2c13b1ac59" language="English" custom="readingOrder {index:4;}">
                    <Coords points="629,710 686,710 686,738 629,738"/>
                    <TextEquiv>
                        <Unicode>par</Unicode>
                    </TextEquiv>
                    <TextStyle fontFamily="Times New Roman" fontSize="10.0"/>
                </Word>
                <Word id="w_w2aab1b3b2c13b1ac67" language="English" custom="readingOrder {index:5;}">
                    <Coords points="700,711 748,711 748,730 700,730"/>
                    <TextEquiv>
                        <Unicode>ses</Unicode>
                    </TextEquiv>
                    <TextStyle fontFamily="Times New Roman" fontSize="10.0"/>
                </Word>
                <Word id="w_w2aab1b3b2c13b1ac75" language="English" custom="readingOrder {index:6;}">
                    <Coords points="765,703 864,703 864,731 765,731"/>
                    <TextEquiv>
                        <Unicode>luttes</Unicode>
                    </TextEquiv>
                    <TextStyle fontFamily="Times New Roman" fontSize="10.0"/>
                </Word>
                <Word id="w_w2aab1b3b2c13b1ac89" language="English" custom="readingOrder {index:7;}">
                    <Coords points="879,705 988,705 988,731 879,731"/>
                    <TextEquiv>
                        <Unicode>contre</Unicode>
                    </TextEquiv>
                    <TextStyle fontFamily="Times New Roman" fontSize="10.0"/>
                </Word>
                <Word id="w_w2aab1b3b2c13b1ad103" language="English" custom="readingOrder {index:8;}">
                    <Coords points="1005,702 1050,702 1050,731 1005,731"/>
                    <TextEquiv>
                        <Unicode>les</Unicode>
                    </TextEquiv>
                    <TextStyle fontFamily="Times New Roman" fontSize="10.0"/>
                </Word>
                <Word id="w_w2aab1b3b2c13b1ad111" language="English" custom="readingOrder {index:9;}">
                    <Coords points="1066,702 1268,702 1268,738 1066,738"/>
                    <TextEquiv>
                        <Unicode>philosophes</Unicode>
                    </TextEquiv>
                    <TextStyle fontFamily="Times New Roman" fontSize="10.0"/>
                </Word>
                <TextEquiv>
                    <Unicode>11 Barruel (l’abbé), célèbre par ses luttes contre les philosophes</Unicode>
                </TextEquiv>
                <TextStyle fontFamily="Times New Roman" fontSize="10.0"/>
            </TextLine>
            <TextLine id="tl_18" primaryLanguage="English" custom="readingOrder {index:1;}">
                <Coords points="165,737 1267,737 1267,772 165,772"/>
                <Baseline points="165,765 197,765 243,765 462,772 596,765 628,765 815,766 879,766 922,767 1115,766 1165,758 1267,766"/>
                <Word id="w_w2aab1b3b2c13b3ab1" language="English" custom="readingOrder {index:0;}">
                    <Coords points="165,738 197,738 197,765 165,765"/>
                    <TextEquiv>
                        <Unicode>et</Unicode>
                    </TextEquiv>
                    <TextStyle fontFamily="Times New Roman" fontSize="10.0"/>
                </Word>
                <Word id="w_w2aab1b3b2c13b3ab7" language="English" custom="readingOrder {index:1;}">
                    <Coords points="213,737 243,737 243,765 213,765"/>
                    <TextEquiv>
                        <Unicode>la</Unicode>
                    </TextEquiv>
                    <TextStyle fontFamily="Times New Roman" fontSize="10.0"/>
                </Word>
                <Word id="w_w2aab1b3b2c13b3ac13" language="English" custom="readingOrder {index:2;}">
                    <Coords points="259,738 462,738 462,772 259,772"/>
                    <TextEquiv>
                        <Unicode>Révolution,</Unicode>
                    </TextEquiv>
                    <TextStyle fontFamily="Times New Roman" fontSize="10.0"/>
                </Word>
                <Word id="w_w2aab1b3b2c13b3ac37" language="English" custom="readingOrder {index:3;}">
                    <Coords points="479,741 596,741 596,766 479,766"/>
                    <TextEquiv>
                        <Unicode>auteur</Unicode>
                    </TextEquiv>
                    <TextStyle fontFamily="Times New Roman" fontSize="10.0"/>
                </Word>
                <Word id="w_w2aab1b3b2c13b3ac51" language="English" custom="readingOrder {index:4;}">
                    <Coords points="611,738 665,738 665,766 611,766"/>
                    <TextEquiv>
                        <Unicode>des</Unicode>
                    </TextEquiv>
                    <TextStyle fontFamily="Times New Roman" fontSize="10.0"/>
                </Word>
                <Word id="w_w2aab1b3b2c13b3b1b1" language="English" custom="readingOrder {index:5;}">
                    <Coords points="680,740 815,740 815,766 680,766"/>
                    <TextEquiv>
                        <Unicode>Mémoires</Unicode>
                    </TextEquiv>
                    <TextStyle fontFamily="Times New Roman" fontSize="8.5" italic="true"/>
                </Word>
                <Word id="w_w2aab1b3b2c13b3b1c19" language="English" custom="readingOrder {index:6;}">
                    <Coords points="834,747 879,747 879,767 834,767"/>
                    <TextEquiv>
                        <Unicode>sur</Unicode>
                    </TextEquiv>
                    <TextStyle fontFamily="Times New Roman" fontSize="8.5" italic="true"/>
                </Word>
                <Word id="w_w2aab1b3b2c13b3b1c27" language="English" custom="readingOrder {index:7;}">
                    <Coords points="900,740 922,740 922,767 900,767"/>
                    <TextEquiv>
                        <Unicode>le</Unicode>
                    </TextEquiv>
                    <TextStyle fontFamily="Times New Roman" fontSize="8.5" italic="true"/>
                </Word>
                <Word id="w_w2aab1b3b2c13b3b1c33" language="English" custom="readingOrder {index:8;}">
                    <Coords points="941,739 1123,739 1123,767 941,767"/>
                    <TextEquiv>
                        <Unicode>Jacobinisme.</Unicode>
                    </TextEquiv>
                    <TextStyle fontFamily="Times New Roman" fontSize="8.5" italic="true"/>
                </Word>
                <Word id="w_w2aab1b3b2c13b3b2b1" language="English" custom="readingOrder {index:9;}">
                    <Coords points="1133,754 1165,754 1165,758 1133,758"/>
                    <TextEquiv>
                        <Unicode>—</Unicode>
                    </TextEquiv>
                    <TextStyle fontFamily="Times New Roman" fontSize="9.5" italic="true"/>
                </Word>
                <Word id="w_w2aab1b3b2c13b3b3b3" language="English" custom="readingOrder {index:10;}">
                    <Coords points="1180,739 1267,739 1267,766 1180,766"/>
                    <TextEquiv>
                        <Unicode>Reçu</Unicode>
                    </TextEquiv>
                    <TextStyle fontFamily="Times New Roman" fontSize="10.0"/>
                </Word>
                <TextEquiv>
                    <Unicode>et la Révolution, auteur des Mémoires sur le Jacobinisme. — Reçu</Unicode>
                </TextEquiv>
            </TextLine>
            <TextLine id="tl_19" primaryLanguage="English" custom="readingOrder {index:2;}">
                <Coords points="165,768 1265,768 1265,810 165,810"/>
                <Baseline points="165,800 203,800 235,800 314,801 403,802 501,808 598,807 665,800 712,801 814,802 1213,801 1265,799"/>
                <Word id="w_w2aab1b3b2c13b5ab1" language="English" custom="readingOrder {index:0;}">
                    <Coords points="165,772 203,772 203,800 165,800"/>
                    <TextEquiv>
                        <Unicode>de</Unicode>
                    </TextEquiv>
                    <TextStyle fontFamily="Times New Roman" fontSize="10.0"/>
                </Word>
                <Word id="w_w2aab1b3b2c13b5ab7" language="English" custom="readingOrder {index:1;}">
                    <Coords points="219,773 235,773 235,800 219,800"/>
                    <TextEquiv>
                        <Unicode>2</Unicode>
                    </TextEquiv>
                    <TextStyle fontFamily="Times New Roman" fontSize="10.0"/>
                </Word>
                <Word id="w_w2aab1b3b2c13b5ac11" language="English" custom="readingOrder {index:2;}">
                    <Coords points="255,773 314,773 314,810 255,810"/>
                    <TextEquiv>
                        <Unicode>lig.</Unicode>
                    </TextEquiv>
                    <TextStyle fontFamily="Times New Roman" fontSize="10.0"/>
                </Word>
                <Word id="w_w2aab1b3b2c13b5ac21" language="English" custom="readingOrder {index:3;}">
                    <Coords points="335,775 403,775 403,802 335,802"/>
                    <TextEquiv>
                        <Unicode>aut.</Unicode>
                    </TextEquiv>
                    <TextStyle fontFamily="Times New Roman" fontSize="10.0"/>
                </Word>
                <Word id="w_w2aab1b3b2c13b5ac31" language="English" custom="readingOrder {index:4;}">
                    <Coords points="423,774 501,774 501,810 423,810"/>
                    <TextEquiv>
                        <Unicode>sig.,</Unicode>
                    </TextEquiv>
                    <TextStyle fontFamily="Times New Roman" fontSize="10.0"/>
                </Word>
                <Word id="w_w2aab1b3b2c13b5ac43" language="English" custom="readingOrder {index:5;}">
                    <Coords points="519,774 598,774 598,807 519,807"/>
                    <TextEquiv>
                        <Unicode>1789,</Unicode>
                    </TextEquiv>
                    <TextStyle fontFamily="Times New Roman" fontSize="10.0"/>
                </Word>
                <Word id="w_w2aab1b3b2c13b5ac55" language="English" custom="readingOrder {index:6;}">
                    <Coords points="615,774 665,774 665,809 615,809"/>
                    <TextEquiv>
                        <Unicode>1/2</Unicode>
                    </TextEquiv>
                    <TextStyle fontFamily="Times New Roman" fontSize="10.0"/>
                </Word>
                <Word id="w_w2aab1b3b2c13b5ac63" language="English" custom="readingOrder {index:7;}">
                    <Coords points="682,782 712,782 712,810 682,810"/>
                    <TextEquiv>
                        <Unicode>p.</Unicode>
                    </TextEquiv>
                    <TextStyle fontFamily="Times New Roman" fontSize="10.0"/>
                </Word>
                <Word id="w_w2aab1b3b2c13b5ac69" language="English" custom="readingOrder {index:8;}">
                    <Coords points="733,774 814,774 814,802 733,802"/>
                    <TextEquiv>
                        <Unicode>in-4.</Unicode>
                    </TextEquiv>
                    <TextStyle fontFamily="Times New Roman" fontSize="10.0"/>
                </Word>
                <Word id="w_w2aab1b3b2c13b5ac81" language="English" custom="readingOrder {index:9;}">
                    <Coords points="1197,774 1213,774 1213,801 1197,801"/>
                    <TextEquiv>
                        <Unicode>2</Unicode>
                    </TextEquiv>
                    <TextStyle fontFamily="Times New Roman" fontSize="10.0"/>
                </Word>
                <Word id="w_w2aab1b3b2c13b5ac85" language="English" custom="readingOrder {index:10;}">
                    <Coords points="1245,780 1266,779 1265,799 1244,799"/>
                    <TextEquiv>
                        <Unicode>°»</Unicode>
                    </TextEquiv>
                    <TextStyle fontFamily="Times New Roman" fontSize="10.0"/>
                </Word>
                <TextEquiv>
                    <Unicode>de 2 lig. aut. sig., 1789, 1/2 p. in-4. 2 »</Unicode>
                </TextEquiv>
                <TextStyle fontFamily="Times New Roman" fontSize="10.0"/>
            </TextLine>
            <TextEquiv>
                <Unicode>11 Barruel (l’abbé), célèbre par ses luttes contre les philosophes
et la Révolution, auteur des Mémoires sur le Jacobinisme. — Reçu
de 2 lig. aut. sig., 1789, 1/2 p. in-4. 2 »</Unicode>
            </TextEquiv>
        </TextRegion>
        <TextRegion type="paragraph" id="r_2_8" custom="readingOrder {index:8;}">
            <Coords points="112,811 1268,811 1268,922 112,922"/>
            <TextLine id="tl_20" primaryLanguage="English" custom="readingOrder {index:0;}">
                <Coords points="113,812 1266,812 1266,854 113,854"/>
                <Baseline points="113,839 145,839 675,841 815,848 1029,845 1217,841 1266,842"/>
                <Word id="w_w2aab1b3b2c15b1ab1" language="English" custom="readingOrder {index:0;}">
                    <Coords points="113,812 145,812 145,839 113,839"/>
                    <TextEquiv>
                        <Unicode>12</Unicode>
                    </TextEquiv>
                    <TextStyle fontFamily="Times New Roman" fontSize="10.0"/>
                </Word>
                <Word id="w_w2aab1b3b2c15b1ab7" language="English" custom="readingOrder {index:1;}">
                    <Coords points="165,814 675,814 675,854 165,854"/>
                    <TextEquiv>
                        <Unicode>Barthélemy-Saint-Hilaire</Unicode>
                    </TextEquiv>
                    <TextStyle fontFamily="Times New Roman" fontSize="10.0"/>
                </Word>
                <Word id="w_w2aab1b3b2c15b1ac57" language="English" custom="readingOrder {index:2;}">
                    <Coords points="691,813 815,813 815,850 691,850"/>
                    <TextEquiv>
                        <Unicode>(Jules),</Unicode>
                    </TextEquiv>
                    <TextStyle fontFamily="Times New Roman" fontSize="10.0"/>
                </Word>
                <Word id="w_w2aab1b3b2c15b1ac75" language="English" custom="readingOrder {index:3;}">
                    <Coords points="833,814 1029,814 1029,850 833,850"/>
                    <TextEquiv>
                        <Unicode>philosophe,</Unicode>
                    </TextEquiv>
                    <TextStyle fontFamily="Times New Roman" fontSize="10.0"/>
                </Word>
                <Word id="w_w2aab1b3b2c15b1ac99" language="English" custom="readingOrder {index:4;}">
                    <Coords points="1047,813 1217,813 1217,850 1047,850"/>
                    <TextEquiv>
                        <Unicode>publiciste</Unicode>
                    </TextEquiv>
                    <TextStyle fontFamily="Times New Roman" fontSize="10.0"/>
                </Word>
                <Word id="w_w2aab1b3b2c15b1ad121" language="English" custom="readingOrder {index:5;}">
                    <Coords points="1234,815 1266,815 1266,842 1234,842"/>
                    <TextEquiv>
                        <Unicode>et</Unicode>
                    </TextEquiv>
                    <TextStyle fontFamily="Times New Roman" fontSize="10.0"/>
                </Word>
                <TextEquiv>
                    <Unicode>12 Barthélemy-Saint-Hilaire (Jules), philosophe, publiciste et</Unicode>
                </TextEquiv>
                <TextStyle fontFamily="Times New Roman" fontSize="10.0"/>
            </TextLine>
            <TextLine id="tl_21" primaryLanguage="English" custom="readingOrder {index:1;}">
                <Coords points="166,849 1262,849 1262,893 166,893"/>
                <Baseline points="166,876 292,876 477,884 640,877 710,877 853,878 1065,878 1111,870 1164,877 1214,877 1262,877"/>
                <Word id="w_w2aab1b3b2c15b3ab1" language="English" custom="readingOrder {index:0;}">
                    <Coords points="166,849 292,849 292,877 166,877"/>
                    <TextEquiv>
                        <Unicode>homme</Unicode>
                    </TextEquiv>
                    <TextStyle fontFamily="Times New Roman" fontSize="10.0"/>
                </Word>
                <Word id="w_w2aab1b3b2c15b3ac13" language="English" custom="readingOrder {index:1;}">
                    <Coords points="309,849 477,849 477,893 309,893"/>
                    <TextEquiv>
                        <Unicode>politique,</Unicode>
                    </TextEquiv>
                    <TextStyle fontFamily="Times New Roman" fontSize="10.0"/>
                </Word>
                <Word id="w_w2aab1b3b2c15b3ac35" language="English" custom="readingOrder {index:2;}">
                    <Coords points="494,849 640,849 640,877 494,877"/>
                    <TextEquiv>
                        <Unicode>ministre</Unicode>
                    </TextEquiv>
                    <TextStyle fontFamily="Times New Roman" fontSize="10.0"/>
                </Word>
                <Word id="w_w2aab1b3b2c15b3ac53" language="English" custom="readingOrder {index:3;}">
                    <Coords points="657,849 710,849 710,877 657,877"/>
                    <TextEquiv>
                        <Unicode>des</Unicode>
                    </TextEquiv>
                    <TextStyle fontFamily="Times New Roman" fontSize="10.0"/>
                </Word>
                <Word id="w_w2aab1b3b2c15b3ac61" language="English" custom="readingOrder {index:4;}">
                    <Coords points="727,850 853,850 853,878 727,878"/>
                    <TextEquiv>
                        <Unicode>affaires</Unicode>
                    </TextEquiv>
                    <TextStyle fontFamily="Times New Roman" fontSize="10.0"/>
                </Word>
                <Word id="w_w2aab1b3b2c15b3ac79" language="English" custom="readingOrder {index:5;}">
                    <Coords points="870,849 1065,849 1065,886 870,886"/>
                    <TextEquiv>
                        <Unicode>étrangères.</Unicode>
                    </TextEquiv>
                    <TextStyle fontFamily="Times New Roman" fontSize="10.0"/>
                </Word>
                <Word id="w_w2aab1b3b2c15b3ad103" language="English" custom="readingOrder {index:6;}">
                    <Coords points="1082,866 1111,866 1111,870 1082,870"/>
                    <TextEquiv>
                        <Unicode>—</Unicode>
                    </TextEquiv>
                    <TextStyle fontFamily="Times New Roman" fontSize="10.0"/>
                </Word>
                <Word id="w_w2aab1b3b2c15b3ad107" language="English" custom="readingOrder {index:7;}">
                    <Coords points="1128,850 1164,850 1164,877 1128,877"/>
                    <TextEquiv>
                        <Unicode>L.</Unicode>
                    </TextEquiv>
                    <TextStyle fontFamily="Times New Roman" fontSize="10.0"/>
                </Word>
                <Word id="w_w2aab1b3b2c15b3ad113" language="English" custom="readingOrder {index:8;}">
                    <Coords points="1184,858 1214,858 1214,877 1184,877"/>
                    <TextEquiv>
                        <Unicode>a.</Unicode>
                    </TextEquiv>
                    <TextStyle fontFamily="Times New Roman" fontSize="10.0"/>
                </Word>
                <Word id="w_w2aab1b3b2c15b3ad119" language="English" custom="readingOrder {index:9;}">
                    <Coords points="1235,858 1262,858 1262,878 1235,878"/>
                    <TextEquiv>
                        <Unicode>s.</Unicode>
                    </TextEquiv>
                    <TextStyle fontFamily="Times New Roman" fontSize="10.0"/>
                </Word>
                <TextEquiv>
                    <Unicode>homme politique, ministre des affaires étrangères. — L. a. s.</Unicode>
                </TextEquiv>
                <TextStyle fontFamily="Times New Roman" fontSize="10.0"/>
            </TextLine>
            <TextLine id="tl_22" primaryLanguage="English" custom="readingOrder {index:2;}">
                <Coords points="166,884 1267,884 1267,921 166,921"/>
                <Baseline points="166,912 184,912 348,913 484,920 579,917 607,912 657,912 754,912 1215,913 1267,911"/>
                <Word id="w_w2aab1b3b2c15b5ab1" language="English" custom="readingOrder {index:0;}">
                    <Coords points="166,885 184,885 184,912 166,912"/>
                    <TextEquiv>
                        <Unicode>à</Unicode>
                    </TextEquiv>
                    <TextStyle fontFamily="Times New Roman" fontSize="10.0"/>
                </Word>
                <Word id="w_w2aab1b3b2c15b5ab5" language="English" custom="readingOrder {index:1;}">
                    <Coords points="198,884 348,884 348,913 198,913"/>
                    <TextEquiv>
                        <Unicode>l’éditeur</Unicode>
                    </TextEquiv>
                    <TextStyle fontFamily="Times New Roman" fontSize="10.0"/>
                </Word>
                <Word id="w_w2aab1b3b2c15b5ac25" language="English" custom="readingOrder {index:2;}">
                    <Coords points="363,885 484,885 484,920 363,920"/>
                    <TextEquiv>
                        <Unicode>Didier,</Unicode>
                    </TextEquiv>
                    <TextStyle fontFamily="Times New Roman" fontSize="10.0"/>
                </Word>
                <Word id="w_w2aab1b3b2c15b5ac41" language="English" custom="readingOrder {index:3;}">
                    <Coords points="501,885 579,885 579,917 501,917"/>
                    <TextEquiv>
                        <Unicode>1858,</Unicode>
                    </TextEquiv>
                    <TextStyle fontFamily="Times New Roman" fontSize="10.0"/>
                </Word>
                <Word id="w_w2aab1b3b2c15b5ac53" language="English" custom="readingOrder {index:4;}">
                    <Coords points="598,886 607,886 607,912 598,912"/>
                    <TextEquiv>
                        <Unicode>1</Unicode>
                    </TextEquiv>
                    <TextStyle fontFamily="Times New Roman" fontSize="10.0"/>
                </Word>
                <Word id="w_w2aab1b3b2c15b5ac57" language="English" custom="readingOrder {index:5;}">
                    <Coords points="628,893 657,893 657,921 628,921"/>
                    <TextEquiv>
                        <Unicode>p.</Unicode>
                    </TextEquiv>
                    <TextStyle fontFamily="Times New Roman" fontSize="10.0"/>
                </Word>
                <Word id="w_w2aab1b3b2c15b5ac63" language="English" custom="readingOrder {index:6;}">
                    <Coords points="675,885 754,885 754,913 675,913"/>
                    <TextEquiv>
                        <Unicode>in-8.</Unicode>
                    </TextEquiv>
                    <TextStyle fontFamily="Times New Roman" fontSize="10.0"/>
                </Word>
                <Word id="w_w2aab1b3b2c15b5ac75" language="English" custom="readingOrder {index:7;}">
                    <Coords points="1200,885 1215,885 1215,913 1200,913"/>
                    <TextEquiv>
                        <Unicode>3</Unicode>
                    </TextEquiv>
                    <TextStyle fontFamily="Times New Roman" fontSize="10.0"/>
                </Word>
                <Word id="w_w2aab1b3b2c15b5ac79" language="English" custom="readingOrder {index:8;}">
                    <Coords points="1254,895 1267,895 1267,911 1254,911"/>
                    <TextEquiv>
                        <Unicode>»</Unicode>
                    </TextEquiv>
                    <TextStyle fontFamily="Times New Roman" fontSize="10.0"/>
                </Word>
                <TextEquiv>
                    <Unicode>à l’éditeur Didier, 1858, 1 p. in-8. 3 »</Unicode>
                </TextEquiv>
                <TextStyle fontFamily="Times New Roman" fontSize="10.0"/>
            </TextLine>
            <TextEquiv>
                <Unicode>12 Barthélemy-Saint-Hilaire (Jules), philosophe, publiciste et
homme politique, ministre des affaires étrangères. — L. a. s.
à l’éditeur Didier, 1858, 1 p. in-8. 3 »</Unicode>
            </TextEquiv>
        </TextRegion>
        <TextRegion type="paragraph" id="r_2_9" custom="readingOrder {index:9;}">
            <Coords points="201,919 962,919 962,953 201,953"/>
            <TextLine id="tl_23" primaryLanguage="English" custom="readingOrder {index:0;}">
                <Coords points="202,920 961,920 961,952 202,952"/>
                <Baseline points="202,944 277,945 372,945 433,945 474,946 613,945 731,945 762,945 961,945"/>
                <Word id="w_w2aab1b3b2c17b1ab1" language="English" custom="readingOrder {index:0;}">
                    <Coords points="202,920 277,920 277,945 202,945"/>
                    <TextEquiv>
                        <Unicode>Belle</Unicode>
                    </TextEquiv>
                    <TextStyle fontFamily="Times New Roman" fontSize="8.5"/>
                </Word>
                <Word id="w_w2aab1b3b2c17b1ac13" language="English" custom="readingOrder {index:1;}">
                    <Coords points="292,921 372,921 372,946 292,946"/>
                    <TextEquiv>
                        <Unicode>lettre</Unicode>
                    </TextEquiv>
                    <TextStyle fontFamily="Times New Roman" fontSize="8.5"/>
                </Word>
                <Word id="w_w2aab1b3b2c17b1ac27" language="English" custom="readingOrder {index:2;}">
                    <Coords points="386,928 433,928 433,946 386,946"/>
                    <TextEquiv>
                        <Unicode>sur</Unicode>
                    </TextEquiv>
                    <TextStyle fontFamily="Times New Roman" fontSize="8.5"/>
                </Word>
                <Word id="w_w2aab1b3b2c17b1ac35" language="English" custom="readingOrder {index:3;}">
                    <Coords points="447,922 474,922 474,946 447,946"/>
                    <TextEquiv>
                        <Unicode>la</Unicode>
                    </TextEquiv>
                    <TextStyle fontFamily="Times New Roman" fontSize="8.5"/>
                </Word>
                <Word id="w_w2aab1b3b2c17b1ac41" language="English" custom="readingOrder {index:4;}">
                    <Coords points="487,921 613,921 613,946 487,946"/>
                    <TextEquiv>
                        <Unicode>nouvelle</Unicode>
                    </TextEquiv>
                    <TextStyle fontFamily="Times New Roman" fontSize="8.5"/>
                </Word>
                <Word id="w_w2aab1b3b2c17b1ac59" language="English" custom="readingOrder {index:5;}">
                    <Coords points="628,921 731,921 731,945 628,945"/>
                    <TextEquiv>
                        <Unicode>édition</Unicode>
                    </TextEquiv>
                    <TextStyle fontFamily="Times New Roman" fontSize="8.5"/>
                </Word>
                <Word id="w_w2aab1b3b2c17b1ac75" language="English" custom="readingOrder {index:6;}">
                    <Coords points="747,921 780,921 780,946 747,946"/>
                    <TextEquiv>
                        <Unicode>de</Unicode>
                    </TextEquiv>
                    <TextStyle fontFamily="Times New Roman" fontSize="8.5"/>
                </Word>
                <Word id="w_w2aab1b3b2c17b1b1b1" language="English" custom="readingOrder {index:7;}">
                    <Coords points="797,920 961,920 961,952 797,952"/>
                    <TextEquiv>
                        <Unicode>Channing.</Unicode>
                    </TextEquiv>
                    <TextStyle fontFamily="Times New Roman" fontSize="8.5" italic="true"/>
                </Word>
                <TextEquiv>
                    <Unicode>Belle lettre sur la nouvelle édition de Channing.</Unicode>
                </TextEquiv>
            </TextLine>
            <TextEquiv>
                <Unicode>Belle lettre sur la nouvelle édition de Channing.</Unicode>
            </TextEquiv>
        </TextRegion>
        <TextRegion type="paragraph" id="r_2_10" custom="readingOrder {index:10;}">
            <Coords points="114,955 1269,955 1269,1065 114,1065"/>
            <TextLine id="tl_24" primaryLanguage="English" custom="readingOrder {index:0;}">
                <Coords points="115,956 1267,956 1267,992 115,992"/>
                <Baseline points="115,983 123,983 191,983 495,991 644,984 794,990 856,984 897,984 1025,984 1067,976 1125,985 1169,984 1210,985 1267,984"/>
                <Word id="w_w2aab1b3b2c19b1ab1" language="English" custom="readingOrder {index:0;}">
                    <Coords points="120,954 150,954 145,984 115,984"/>
                    <TextEquiv>
                        <Unicode>13</Unicode>
                    </TextEquiv>
                    <TextStyle fontFamily="Times New Roman" fontSize="10.0"/>
                </Word>
                <Word id="w_w2aab1b3b2c19b1b1b1" language="English" custom="readingOrder {index:1;}">
                    <Coords points="164,956 304,956 304,992 164,992"/>
                    <TextEquiv>
                        <Unicode>Baudin</Unicode>
                    </TextEquiv>
                    <TextStyle fontFamily="Times New Roman" fontSize="9.5" bold="true"/>
                </Word>
                <Word id="w_w2aab1b3b2c19b1b2b1" language="English" custom="readingOrder {index:2;}">
                    <Coords points="330,956 495,956 495,992 330,992"/>
                    <TextEquiv>
                        <Unicode>(Charles),</Unicode>
                    </TextEquiv>
                    <TextStyle fontFamily="Times New Roman" fontSize="10.0"/>
                </Word>
                <Word id="w_w2aab1b3b2c19b1b2c23" language="English" custom="readingOrder {index:3;}">
                    <Coords points="520,956 644,956 644,984 520,984"/>
                    <TextEquiv>
                        <Unicode>célèbre</Unicode>
                    </TextEquiv>
                    <TextStyle fontFamily="Times New Roman" fontSize="10.0"/>
                </Word>
                <Word id="w_w2aab1b3b2c19b1b2c39" language="English" custom="readingOrder {index:4;}">
                    <Coords points="670,957 794,957 794,990 670,990"/>
                    <TextEquiv>
                        <Unicode>amiral,</Unicode>
                    </TextEquiv>
                    <TextStyle fontFamily="Times New Roman" fontSize="10.0"/>
                </Word>
                <Word id="w_w2aab1b3b2c19b1b2c55" language="English" custom="readingOrder {index:5;}">
                    <Coords points="818,957 856,957 856,984 818,984"/>
                    <TextEquiv>
                        <Unicode>né</Unicode>
                    </TextEquiv>
                    <TextStyle fontFamily="Times New Roman" fontSize="10.0"/>
                </Word>
                <Word id="w_w2aab1b3b2c19b1b2c61" language="English" custom="readingOrder {index:6;}">
                    <Coords points="880,957 897,957 897,984 880,984"/>
                    <TextEquiv>
                        <Unicode>à</Unicode>
                    </TextEquiv>
                    <TextStyle fontFamily="Times New Roman" fontSize="10.0"/>
                </Word>
                <Word id="w_w2aab1b3b2c19b1b2c65" language="English" custom="readingOrder {index:7;}">
                    <Coords points="912,956 1025,956 1025,985 912,985"/>
                    <TextEquiv>
                        <Unicode>Sedan.</Unicode>
                    </TextEquiv>
                    <TextStyle fontFamily="Times New Roman" fontSize="10.0"/>
                </Word>
                <Word id="w_w2aab1b3b2c19b1b2c79" language="English" custom="readingOrder {index:8;}">
                    <Coords points="1042,973 1067,973 1067,976 1042,976"/>
                    <TextEquiv>
                        <Unicode>—</Unicode>
                    </TextEquiv>
                    <TextStyle fontFamily="Times New Roman" fontSize="10.0"/>
                </Word>
                <Word id="w_w2aab1b3b2c19b1b2c83" language="English" custom="readingOrder {index:9;}">
                    <Coords points="1091,957 1125,957 1125,985 1091,985"/>
                    <TextEquiv>
                        <Unicode>L.</Unicode>
                    </TextEquiv>
                    <TextStyle fontFamily="Times New Roman" fontSize="10.0"/>
                </Word>
                <Word id="w_w2aab1b3b2c19b1b2c89" language="English" custom="readingOrder {index:10;}">
                    <Coords points="1143,965 1169,965 1169,984 1143,984"/>
                    <TextEquiv>
                        <Unicode>a.</Unicode>
                    </TextEquiv>
                    <TextStyle fontFamily="Times New Roman" fontSize="10.0"/>
                </Word>
                <Word id="w_w2aab1b3b2c19b1b2c95" language="English" custom="readingOrder {index:11;}">
                    <Coords points="1186,965 1210,965 1210,985 1186,985"/>
                    <TextEquiv>
                        <Unicode>s.</Unicode>
                    </TextEquiv>
                    <TextStyle fontFamily="Times New Roman" fontSize="10.0"/>
                </Word>
                <Word id="w_w2aab1b3b2c19b1b2d101" language="English" custom="readingOrder {index:12;}">
                    <Coords points="1228,965 1267,965 1267,984 1228,984"/>
                    <TextEquiv>
                        <Unicode>au</Unicode>
                    </TextEquiv>
                    <TextStyle fontFamily="Times New Roman" fontSize="10.0"/>
                </Word>
                <TextEquiv>
                    <Unicode>13 Baudin (Charles), célèbre amiral, né à Sedan. — L. a. s. au</Unicode>
                </TextEquiv>
            </TextLine>
            <TextLine id="tl_25" primaryLanguage="English" custom="readingOrder {index:1;}">
                <Coords points="165,991 1268,991 1268,1029 165,1029"/>
                <Baseline points="165,1019 240,1019 464,1020 517,1020 564,1020 724,1020 851,1020 869,1027 1142,1027 1171,1019 1268,1020"/>
                <Word id="w_w2aab1b3b2c19b3ab1" language="English" custom="readingOrder {index:0;}">
                    <Coords points="165,991 240,991 240,1019 165,1019"/>
                    <TextEquiv>
                        <Unicode>chef</Unicode>
                    </TextEquiv>
                    <TextStyle fontFamily="Times New Roman" fontSize="10.0"/>
                </Word>
                <Word id="w_w2aab1b3b2c19b3ac11" language="English" custom="readingOrder {index:1;}">
                    <Coords points="248,991 464,991 464,1029 248,1029"/>
                    <TextEquiv>
                        <Unicode>d’état-major</Unicode>
                    </TextEquiv>
                    <TextStyle fontFamily="Times New Roman" fontSize="10.0"/>
                </Word>
                <Word id="w_w2aab1b3b2c19b3ac37" language="English" custom="readingOrder {index:2;}">
                    <Coords points="479,993 517,993 517,1020 479,1020"/>
                    <TextEquiv>
                        <Unicode>de</Unicode>
                    </TextEquiv>
                    <TextStyle fontFamily="Times New Roman" fontSize="10.0"/>
                </Word>
                <Word id="w_w2aab1b3b2c19b3ac43" language="English" custom="readingOrder {index:3;}">
                    <Coords points="533,992 564,992 564,1020 533,1020"/>
                    <TextEquiv>
                        <Unicode>la</Unicode>
                    </TextEquiv>
                    <TextStyle fontFamily="Times New Roman" fontSize="10.0"/>
                </Word>
                <Word id="w_w2aab1b3b2c19b3ac49" language="English" custom="readingOrder {index:4;}">
                    <Coords points="575,992 724,992 724,1028 575,1028"/>
                    <TextEquiv>
                        <Unicode>province</Unicode>
                    </TextEquiv>
                    <TextStyle fontFamily="Times New Roman" fontSize="10.0"/>
                </Word>
                <Word id="w_w2aab1b3b2c19b3ac67" language="English" custom="readingOrder {index:5;}">
                    <Coords points="736,992 851,992 851,1020 736,1020"/>
                    <TextEquiv>
                        <Unicode>d’Oran</Unicode>
                    </TextEquiv>
                    <TextStyle fontFamily="Times New Roman" fontSize="10.0"/>
                </Word>
                <Word id="w_w2aab1b3b2c19b3ac81" language="English" custom="readingOrder {index:6;}">
                    <Coords points="862,1002 869,1002 869,1027 862,1027"/>
                    <TextEquiv>
                        <Unicode>;</Unicode>
                    </TextEquiv>
                    <TextStyle fontFamily="Times New Roman" fontSize="10.0"/>
                </Word>
                <Word id="w_w2aab1b3b2c19b3ac85" language="English" custom="readingOrder {index:7;}">
                    <Coords points="882,992 1142,992 1142,1027 882,1027"/>
                    <TextEquiv>
                        <Unicode>Mers-el-Kébir,</Unicode>
                    </TextEquiv>
                    <TextStyle fontFamily="Times New Roman" fontSize="10.0"/>
                </Word>
                <Word id="w_w2aab1b3b2c19b3ad115" language="English" custom="readingOrder {index:8;}">
                    <Coords points="1156,992 1171,992 1171,1019 1156,1019"/>
                    <TextEquiv>
                        <Unicode>2</Unicode>
                    </TextEquiv>
                    <TextStyle fontFamily="Times New Roman" fontSize="10.0"/>
                </Word>
                <Word id="w_w2aab1b3b2c19b3ad119" language="English" custom="readingOrder {index:9;}">
                    <Coords points="1184,1000 1268,1000 1268,1020 1184,1020"/>
                    <TextEquiv>
                        <Unicode>mars</Unicode>
                    </TextEquiv>
                    <TextStyle fontFamily="Times New Roman" fontSize="10.0"/>
                </Word>
                <TextEquiv>
                    <Unicode>chef d’état-major de la province d’Oran ; Mers-el-Kébir, 2 mars</Unicode>
                </TextEquiv>
                <TextStyle fontFamily="Times New Roman" fontSize="10.0"/>
            </TextLine>
            <TextLine id="tl_26" primaryLanguage="English" custom="readingOrder {index:2;}">
                <Coords points="169,1027 1268,1027 1268,1064 169,1064"/>
                <Baseline points="169,1055 246,1062 280,1055 325,1056 418,1055 1216,1055 1268,1053"/>
                <Word id="w_w2aab1b3b2c19b5ab1" language="English" custom="readingOrder {index:0;}">
                    <Coords points="169,1027 246,1027 246,1062 169,1062"/>
                    <TextEquiv>
                        <Unicode>1837,</Unicode>
                    </TextEquiv>
                    <TextStyle fontFamily="Times New Roman" fontSize="10.0"/>
                </Word>
                <Word id="w_w2aab1b3b2c19b5ac13" language="English" custom="readingOrder {index:1;}">
                    <Coords points="263,1029 280,1029 280,1055 263,1055"/>
                    <TextEquiv>
                        <Unicode>2</Unicode>
                    </TextEquiv>
                    <TextStyle fontFamily="Times New Roman" fontSize="10.0"/>
                </Word>
                <Word id="w_w2aab1b3b2c19b5ac17" language="English" custom="readingOrder {index:2;}">
                    <Coords points="296,1036 325,1036 325,1064 296,1064"/>
                    <TextEquiv>
                        <Unicode>p.</Unicode>
                    </TextEquiv>
                    <TextStyle fontFamily="Times New Roman" fontSize="10.0"/>
                </Word>
                <Word id="w_w2aab1b3b2c19b5ac23" language="English" custom="readingOrder {index:3;}">
                    <Coords points="343,1028 418,1028 418,1055 343,1055"/>
                    <TextEquiv>
                        <Unicode>in-4.</Unicode>
                    </TextEquiv>
                    <TextStyle fontFamily="Times New Roman" fontSize="10.0"/>
                </Word>
                <Word id="w_w2aab1b3b2c19b5ac35" language="English" custom="readingOrder {index:4;}">
                    <Coords points="1201,1029 1216,1029 1216,1055 1201,1055"/>
                    <TextEquiv>
                        <Unicode>4</Unicode>
                    </TextEquiv>
                    <TextStyle fontFamily="Times New Roman" fontSize="10.0"/>
                </Word>
                <Word id="w_w2aab1b3b2c19b5ac39" language="English" custom="readingOrder {index:5;}">
                    <Coords points="1254,1039 1268,1039 1268,1053 1254,1053"/>
                    <TextEquiv>
                        <Unicode>»</Unicode>
                    </TextEquiv>
                    <TextStyle fontFamily="Times New Roman" fontSize="10.0"/>
                </Word>
                <TextEquiv>
                    <Unicode>1837, 2 p. in-4. 4 »</Unicode>
                </TextEquiv>
                <TextStyle fontFamily="Times New Roman" fontSize="10.0"/>
            </TextLine>
            <TextEquiv>
                <Unicode>13 Baudin (Charles), célèbre amiral, né à Sedan. — L. a. s. au
chef d’état-major de la province d’Oran ; Mers-el-Kébir, 2 mars
1837, 2 p. in-4. 4 »</Unicode>
            </TextEquiv>
        </TextRegion>
        <TextRegion type="paragraph" id="r_2_11" custom="readingOrder {index:11;}">
            <Coords points="202,1062 860,1062 860,1096 202,1096"/>
            <TextLine id="tl_27" primaryLanguage="English" custom="readingOrder {index:0;}">
                <Coords points="203,1063 859,1063 859,1095 203,1095"/>
                <Baseline points="203,1088 333,1088 426,1088 486,1088 526,1088 691,1088 859,1088"/>
                <Word id="w_w2aab1b3b2c21b1ab1" language="English" custom="readingOrder {index:0;}">
                    <Coords points="203,1063 333,1063 333,1088 203,1088"/>
                    <TextEquiv>
                        <Unicode>Curieuse</Unicode>
                    </TextEquiv>
                    <TextStyle fontFamily="Times New Roman" fontSize="8.5"/>
                </Word>
                <Word id="w_w2aab1b3b2c21b1ac19" language="English" custom="readingOrder {index:1;}">
                    <Coords points="347,1064 426,1064 426,1088 347,1088"/>
                    <TextEquiv>
                        <Unicode>lettre</Unicode>
                    </TextEquiv>
                    <TextStyle fontFamily="Times New Roman" fontSize="8.5"/>
                </Word>
                <Word id="w_w2aab1b3b2c21b1ac33" language="English" custom="readingOrder {index:2;}">
                    <Coords points="439,1070 486,1070 486,1088 439,1088"/>
                    <TextEquiv>
                        <Unicode>sur</Unicode>
                    </TextEquiv>
                    <TextStyle fontFamily="Times New Roman" fontSize="8.5"/>
                </Word>
                <Word id="w_w2aab1b3b2c21b1ac41" language="English" custom="readingOrder {index:3;}">
                    <Coords points="500,1064 526,1064 526,1088 500,1088"/>
                    <TextEquiv>
                        <Unicode>la</Unicode>
                    </TextEquiv>
                    <TextStyle fontFamily="Times New Roman" fontSize="8.5"/>
                </Word>
                <Word id="w_w2aab1b3b2c21b1ac47" language="English" custom="readingOrder {index:4;}">
                    <Coords points="539,1070 691,1070 691,1095 539,1095"/>
                    <TextEquiv>
                        <Unicode>campagne</Unicode>
                    </TextEquiv>
                    <TextStyle fontFamily="Times New Roman" fontSize="8.5"/>
                </Word>
                <Word id="w_w2aab1b3b2c21b1ac65" language="English" custom="readingOrder {index:5;}">
                    <Coords points="709,1064 859,1064 859,1095 709,1095"/>
                    <TextEquiv>
                        <Unicode>d’Afrique.</Unicode>
                    </TextEquiv>
                    <TextStyle fontFamily="Times New Roman" fontSize="8.5"/>
                </Word>
                <TextEquiv>
                    <Unicode>Curieuse lettre sur la campagne d’Afrique.</Unicode>
                </TextEquiv>
                <TextStyle fontFamily="Times New Roman" fontSize="8.5"/>
            </TextLine>
            <TextEquiv>
                <Unicode>Curieuse lettre sur la campagne d’Afrique.</Unicode>
            </TextEquiv>
        </TextRegion>
        <TextRegion type="paragraph" id="r_2_12" custom="readingOrder {index:12;}">
            <Coords points="115,1097 1273,1097 1273,1208 115,1208"/>
            <TextLine id="tl_28" primaryLanguage="English" custom="readingOrder {index:0;}">
                <Coords points="116,1098 1272,1098 1272,1135 116,1135"/>
                <Baseline points="116,1126 126,1126 195,1127 446,1133 583,1126 843,1127 1149,1134 1272,1119"/>
                <Word id="w_w2aab1b3b2c23b1ab1" language="English" custom="readingOrder {index:0;}">
                    <Coords points="118,1091 150,1091 148,1126 116,1126"/>
                    <TextEquiv>
                        <Unicode>14</Unicode>
                    </TextEquiv>
                    <TextStyle fontFamily="Times New Roman" fontSize="10.0"/>
                </Word>
                <Word id="w_w2aab1b3b2c23b1b1b1" language="English" custom="readingOrder {index:1;}">
                    <Coords points="168,1100 308,1100 308,1132 168,1132"/>
                    <TextEquiv>
                        <Unicode>Baudot</Unicode>
                    </TextEquiv>
                    <TextStyle fontFamily="Times New Roman" fontSize="9.5" bold="true"/>
                </Word>
                <Word id="w_w2aab1b3b2c23b1b2b1" language="English" custom="readingOrder {index:2;}">
                    <Coords points="318,1099 446,1099 446,1135 318,1135"/>
                    <TextEquiv>
                        <Unicode>(M.-A.),</Unicode>
                    </TextEquiv>
                    <TextStyle fontFamily="Times New Roman" fontSize="10.0"/>
                </Word>
                <Word id="w_w2aab1b3b2c23b1b2c19" language="English" custom="readingOrder {index:3;}">
                    <Coords points="458,1099 583,1099 583,1127 458,1127"/>
                    <TextEquiv>
                        <Unicode>célèbre</Unicode>
                    </TextEquiv>
                    <TextStyle fontFamily="Times New Roman" fontSize="10.0"/>
                </Word>
                <Word id="w_w2aab1b3b2c23b1b2c35" language="English" custom="readingOrder {index:4;}">
                    <Coords points="595,1099 843,1099 843,1127 595,1127"/>
                    <TextEquiv>
                        <Unicode>conventionnel</Unicode>
                    </TextEquiv>
                    <TextStyle fontFamily="Times New Roman" fontSize="10.0"/>
                </Word>
                <Word id="w_w2aab1b3b2c23b1b2c63" language="English" custom="readingOrder {index:5;}">
                    <Coords points="855,1098 1149,1098 1149,1134 855,1134"/>
                    <TextEquiv>
                        <Unicode>(Saône-et-Loire),</Unicode>
                    </TextEquiv>
                    <TextStyle fontFamily="Times New Roman" fontSize="10.0"/>
                </Word>
                <Word id="w_w2aab1b3b2c23b1b2c99" language="English" custom="readingOrder {index:6;}">
                    <Coords points="1165,1099 1272,1099 1272,1127 1165,1127"/>
                    <TextEquiv>
                        <Unicode>défen¬</Unicode>
                    </TextEquiv>
                    <TextStyle fontFamily="Times New Roman" fontSize="10.0"/>
                </Word>
                <TextEquiv>
                    <Unicode>14 Baudot (M.-A.), célèbre conventionnel (Saône-et-Loire), défen¬</Unicode>
                </TextEquiv>
            </TextLine>
            <TextLine id="tl_29" primaryLanguage="English" custom="readingOrder {index:1;}">
                <Coords points="169,1134 1267,1134 1267,1170 169,1170"/>
                <Baseline points="169,1163 244,1162 297,1162 420,1163 546,1162 759,1170 868,1163 927,1162 1023,1163 1073,1155 1182,1162 1267,1162"/>
                <Word id="w_w2aab1b3b2c23b3ab1" language="English" custom="readingOrder {index:0;}">
                    <Coords points="169,1143 244,1143 244,1163 169,1163"/>
                    <TextEquiv>
                        <Unicode>seur</Unicode>
                    </TextEquiv>
                    <TextStyle fontFamily="Times New Roman" fontSize="10.0"/>
                </Word>
                <Word id="w_w2aab1b3b2c23b3ac11" language="English" custom="readingOrder {index:1;}">
                    <Coords points="259,1135 297,1135 297,1163 259,1163"/>
                    <TextEquiv>
                        <Unicode>de</Unicode>
                    </TextEquiv>
                    <TextStyle fontFamily="Times New Roman" fontSize="10.0"/>
                </Word>
                <Word id="w_w2aab1b3b2c23b3ac17" language="English" custom="readingOrder {index:2;}">
                    <Coords points="313,1134 420,1134 420,1163 313,1163"/>
                    <TextEquiv>
                        <Unicode>Hoche</Unicode>
                    </TextEquiv>
                    <TextStyle fontFamily="Times New Roman" fontSize="10.0"/>
                </Word>
                <Word id="w_w2aab1b3b2c23b3ac29" language="English" custom="readingOrder {index:3;}">
                    <Coords points="436,1138 546,1138 546,1163 436,1163"/>
                    <TextEquiv>
                        <Unicode>contre</Unicode>
                    </TextEquiv>
                    <TextStyle fontFamily="Times New Roman" fontSize="10.0"/>
                </Word>
                <Word id="w_w2aab1b3b2c23b3ac43" language="English" custom="readingOrder {index:4;}">
                    <Coords points="562,1134 759,1134 759,1170 562,1170"/>
                    <TextEquiv>
                        <Unicode>Saint-Just,</Unicode>
                    </TextEquiv>
                    <TextStyle fontFamily="Times New Roman" fontSize="10.0"/>
                </Word>
                <Word id="w_w2aab1b3b2c23b3ac67" language="English" custom="readingOrder {index:5;}">
                    <Coords points="784,1138 868,1138 868,1163 784,1163"/>
                    <TextEquiv>
                        <Unicode>mort</Unicode>
                    </TextEquiv>
                    <TextStyle fontFamily="Times New Roman" fontSize="10.0"/>
                </Word>
                <Word id="w_w2aab1b3b2c23b3ac77" language="English" custom="readingOrder {index:6;}">
                    <Coords points="890,1143 927,1143 927,1162 890,1162"/>
                    <TextEquiv>
                        <Unicode>en</Unicode>
                    </TextEquiv>
                    <TextStyle fontFamily="Times New Roman" fontSize="10.0"/>
                </Word>
                <Word id="w_w2aab1b3b2c23b3ac83" language="English" custom="readingOrder {index:7;}">
                    <Coords points="945,1135 1023,1135 1023,1163 945,1163"/>
                    <TextEquiv>
                        <Unicode>1830.</Unicode>
                    </TextEquiv>
                    <TextStyle fontFamily="Times New Roman" fontSize="10.0"/>
                </Word>
                <Word id="w_w2aab1b3b2c23b3ac95" language="English" custom="readingOrder {index:8;}">
                    <Coords points="1040,1151 1073,1151 1073,1155 1040,1155"/>
                    <TextEquiv>
                        <Unicode>—</Unicode>
                    </TextEquiv>
                    <TextStyle fontFamily="Times New Roman" fontSize="10.0"/>
                </Word>
                <Word id="w_w2aab1b3b2c23b3ac99" language="English" custom="readingOrder {index:9;}">
                    <Coords points="1089,1135 1182,1135 1182,1163 1089,1163"/>
                    <TextEquiv>
                        <Unicode>Pièce</Unicode>
                    </TextEquiv>
                    <TextStyle fontFamily="Times New Roman" fontSize="10.0"/>
                </Word>
                <Word id="w_w2aab1b3b2c23b3ad111" language="English" custom="readingOrder {index:10;}">
                    <Coords points="1199,1136 1267,1136 1267,1163 1199,1163"/>
                    <TextEquiv>
                        <Unicode>aut.</Unicode>
                    </TextEquiv>
                    <TextStyle fontFamily="Times New Roman" fontSize="10.0"/>
                </Word>
                <TextEquiv>
                    <Unicode>seur de Hoche contre Saint-Just, mort en 1830. — Pièce aut.</Unicode>
                </TextEquiv>
                <TextStyle fontFamily="Times New Roman" fontSize="10.0"/>
            </TextLine>
            <TextLine id="tl_30" primaryLanguage="English" custom="readingOrder {index:2;}">
                <Coords points="169,1170 1270,1170 1270,1207 169,1207"/>
                <Baseline points="169,1199 229,1198 247,1205 426,1205 458,1198 559,1198 615,1198 684,1204 713,1197 761,1199 852,1202 993,1198 1219,1197 1270,1196"/>
                <Word id="w_w2aab1b3b2c23b5ab1" language="English" custom="readingOrder {index:0;}">
                    <Coords points="169,1170 229,1170 229,1204 169,1204"/>
                    <TextEquiv>
                        <Unicode>sig.</Unicode>
                    </TextEquiv>
                    <TextStyle fontFamily="Times New Roman" fontSize="10.0"/>
                </Word>
                <Word id="w_w2aab1b3b2c23b5ac11" language="English" custom="readingOrder {index:1;}">
                    <Coords points="241,1180 247,1180 247,1205 241,1205"/>
                    <TextEquiv>
                        <Unicode>;</Unicode>
                    </TextEquiv>
                    <TextStyle fontFamily="Times New Roman" fontSize="10.0"/>
                </Word>
                <Word id="w_w2aab1b3b2c23b5ac15" language="English" custom="readingOrder {index:2;}">
                    <Coords points="265,1171 426,1171 426,1207 265,1207"/>
                    <TextEquiv>
                        <Unicode>Bayonne,</Unicode>
                    </TextEquiv>
                    <TextStyle fontFamily="Times New Roman" fontSize="10.0"/>
                </Word>
                <Word id="w_w2aab1b3b2c23b5ac33" language="English" custom="readingOrder {index:3;}">
                    <Coords points="442,1170 458,1170 458,1198 442,1198"/>
                    <TextEquiv>
                        <Unicode>5</Unicode>
                    </TextEquiv>
                    <TextStyle fontFamily="Times New Roman" fontSize="10.0"/>
                </Word>
                <Word id="w_w2aab1b3b2c23b5ac37" language="English" custom="readingOrder {index:4;}">
                    <Coords points="473,1171 559,1171 559,1198 473,1198"/>
                    <TextEquiv>
                        <Unicode>vent,</Unicode>
                    </TextEquiv>
                    <TextStyle fontFamily="Times New Roman" fontSize="10.0"/>
                </Word>
                <Word id="w_w2aab1b3b2c23b5ac49" language="English" custom="readingOrder {index:5;}">
                    <Coords points="576,1179 615,1179 615,1198 576,1198"/>
                    <TextEquiv>
                        <Unicode>an</Unicode>
                    </TextEquiv>
                    <TextStyle fontFamily="Times New Roman" fontSize="10.0"/>
                </Word>
                <Word id="w_w2aab1b3b2c23b5ac55" language="English" custom="readingOrder {index:6;}">
                    <Coords points="631,1170 684,1170 684,1204 631,1204"/>
                    <TextEquiv>
                        <Unicode>III,</Unicode>
                    </TextEquiv>
                    <TextStyle fontFamily="Times New Roman" fontSize="10.0"/>
                </Word>
                <Word id="w_w2aab1b3b2c23b5ac65" language="English" custom="readingOrder {index:7;}">
                    <Coords points="702,1171 713,1171 713,1197 702,1197"/>
                    <TextEquiv>
                        <Unicode>1</Unicode>
                    </TextEquiv>
                    <TextStyle fontFamily="Times New Roman" fontSize="10.0"/>
                </Word>
                <Word id="w_w2aab1b3b2c23b5ac69" language="English" custom="readingOrder {index:8;}">
                    <Coords points="732,1179 761,1179 761,1207 732,1207"/>
                    <TextEquiv>
                        <Unicode>p.</Unicode>
                    </TextEquiv>
                    <TextStyle fontFamily="Times New Roman" fontSize="10.0"/>
                </Word>
                <Word id="w_w2aab1b3b2c23b5ac75" language="English" custom="readingOrder {index:9;}">
                    <Coords points="777,1171 852,1171 852,1202 777,1202"/>
                    <TextEquiv>
                        <Unicode>in-4,</Unicode>
                    </TextEquiv>
                    <TextStyle fontFamily="Times New Roman" fontSize="10.0"/>
                </Word>
                <Word id="w_w2aab1b3b2c23b5ac87" language="English" custom="readingOrder {index:10;}">
                    <Coords points="870,1170 993,1170 993,1199 870,1199"/>
                    <TextEquiv>
                        <Unicode>cachet.</Unicode>
                    </TextEquiv>
                    <TextStyle fontFamily="Times New Roman" fontSize="10.0"/>
                </Word>
                <Word id="w_w2aab1b3b2c23b5ad103" language="English" custom="readingOrder {index:11;}">
                    <Coords points="1204,1171 1219,1171 1219,1197 1204,1197"/>
                    <TextEquiv>
                        <Unicode>4</Unicode>
                    </TextEquiv>
                    <TextStyle fontFamily="Times New Roman" fontSize="10.0"/>
                </Word>
                <Word id="w_w2aab1b3b2c23b5ad107" language="English" custom="readingOrder {index:12;}">
                    <Coords points="1257,1180 1270,1180 1270,1196 1257,1196"/>
                    <TextEquiv>
                        <Unicode>»</Unicode>
                    </TextEquiv>
                    <TextStyle fontFamily="Times New Roman" fontSize="10.0"/>
                </Word>
                <TextEquiv>
                    <Unicode>sig. ; Bayonne, 5 vent, an III, 1 p. in-4, cachet. 4 »</Unicode>
                </TextEquiv>
                <TextStyle fontFamily="Times New Roman" fontSize="10.0"/>
            </TextLine>
            <TextEquiv>
                <Unicode>14 Baudot (M.-A.), célèbre conventionnel (Saône-et-Loire), défen¬
seur de Hoche contre Saint-Just, mort en 1830. — Pièce aut.
sig. ; Bayonne, 5 vent, an III, 1 p. in-4, cachet. 4 »</Unicode>
            </TextEquiv>
        </TextRegion>
        <TextRegion type="paragraph" id="r_2_13" custom="readingOrder {index:13;}">
            <Coords points="169,1205 1274,1205 1274,1301 169,1301"/>
            <TextLine id="tl_31" primaryLanguage="English" custom="readingOrder {index:0;}">
                <Coords points="203,1206 1273,1206 1273,1238 203,1238"/>
                <Baseline points="203,1230 280,1231 384,1231 487,1231 614,1230 827,1230 883,1230 1002,1230 1082,1231 1206,1231 1273,1230"/>
                <Word id="w_w2aab1b3b2c25b1ab1" language="English" custom="readingOrder {index:0;}">
                    <Coords points="203,1206 280,1206 280,1231 203,1231"/>
                    <TextEquiv>
                        <Unicode>Belle</Unicode>
                    </TextEquiv>
                    <TextStyle fontFamily="Times New Roman" fontSize="8.5"/>
                </Word>
                <Word id="w_w2aab1b3b2c25b1ac13" language="English" custom="readingOrder {index:1;}">
                    <Coords points="303,1207 384,1207 384,1231 303,1231"/>
                    <TextEquiv>
                        <Unicode>lettre</Unicode>
                    </TextEquiv>
                    <TextStyle fontFamily="Times New Roman" fontSize="8.5"/>
                </Word>
                <Word id="w_w2aab1b3b2c25b1ac27" language="English" custom="readingOrder {index:2;}">
                    <Coords points="403,1207 487,1207 487,1231 403,1231"/>
                    <TextEquiv>
                        <Unicode>écrite</Unicode>
                    </TextEquiv>
                    <TextStyle fontFamily="Times New Roman" fontSize="8.5"/>
                </Word>
                <Word id="w_w2aab1b3b2c25b1ac41" language="English" custom="readingOrder {index:3;}">
                    <Coords points="508,1213 614,1213 614,1231 508,1231"/>
                    <TextEquiv>
                        <Unicode>comme</Unicode>
                    </TextEquiv>
                    <TextStyle fontFamily="Times New Roman" fontSize="8.5"/>
                </Word>
                <Word id="w_w2aab1b3b2c25b1ac53" language="English" custom="readingOrder {index:4;}">
                    <Coords points="637,1207 827,1207 827,1237 637,1237"/>
                    <TextEquiv>
                        <Unicode>représentant</Unicode>
                    </TextEquiv>
                    <TextStyle fontFamily="Times New Roman" fontSize="8.5"/>
                </Word>
                <Word id="w_w2aab1b3b2c25b1ac79" language="English" custom="readingOrder {index:5;}">
                    <Coords points="847,1206 883,1206 883,1230 847,1230"/>
                    <TextEquiv>
                        <Unicode>du</Unicode>
                    </TextEquiv>
                    <TextStyle fontFamily="Times New Roman" fontSize="8.5"/>
                </Word>
                <Word id="w_w2aab1b3b2c25b1ac85" language="English" custom="readingOrder {index:6;}">
                    <Coords points="903,1207 1002,1207 1002,1238 903,1238"/>
                    <TextEquiv>
                        <Unicode>peuple</Unicode>
                    </TextEquiv>
                    <TextStyle fontFamily="Times New Roman" fontSize="8.5"/>
                </Word>
                <Word id="w_w2aab1b3b2c25b1ac99" language="English" custom="readingOrder {index:7;}">
                    <Coords points="1020,1208 1082,1208 1082,1237 1020,1237"/>
                    <TextEquiv>
                        <Unicode>près</Unicode>
                    </TextEquiv>
                    <TextStyle fontFamily="Times New Roman" fontSize="8.5"/>
                </Word>
                <Word id="w_w2aab1b3b2c25b1ad109" language="English" custom="readingOrder {index:8;}">
                    <Coords points="1097,1206 1206,1206 1206,1231 1097,1231"/>
                    <TextEquiv>
                        <Unicode>l'armée</Unicode>
                    </TextEquiv>
                    <TextStyle fontFamily="Times New Roman" fontSize="8.5"/>
                </Word>
                <Word id="w_w2aab1b3b2c25b1ad125" language="English" custom="readingOrder {index:9;}">
                    <Coords points="1224,1206 1273,1206 1273,1230 1224,1230"/>
                    <TextEquiv>
                        <Unicode>des</Unicode>
                    </TextEquiv>
                    <TextStyle fontFamily="Times New Roman" fontSize="8.5"/>
                </Word>
                <TextEquiv>
                    <Unicode>Belle lettre écrite comme représentant du peuple près l'armée des</Unicode>
                </TextEquiv>
                <TextStyle fontFamily="Times New Roman" fontSize="8.5"/>
            </TextLine>
            <TextLine id="tl_32" primaryLanguage="English" custom="readingOrder {index:1;}">
                <Coords points="172,1237 1271,1237 1271,1269 172,1269"/>
                <Baseline points="172,1262 523,1262 586,1262 703,1263 753,1262 869,1261 941,1262 1091,1262 1209,1262 1271,1262"/>
                <Word id="w_w2aab1b3b2c25b3ab1" language="English" custom="readingOrder {index:0;}">
                    <Coords points="172,1237 523,1237 523,1268 172,1268"/>
                    <TextEquiv>
                        <Unicode>Pyrénées-Occidentales.</Unicode>
                    </TextEquiv>
                    <TextStyle fontFamily="Times New Roman" fontSize="8.5"/>
                </Word>
                <Word id="w_w2aab1b3b2c25b3ac47" language="English" custom="readingOrder {index:1;}">
                    <Coords points="546,1238 586,1238 586,1262 546,1262"/>
                    <TextEquiv>
                        <Unicode>En</Unicode>
                    </TextEquiv>
                    <TextStyle fontFamily="Times New Roman" fontSize="8.5"/>
                </Word>
                <Word id="w_w2aab1b3b2c25b3ac53" language="English" custom="readingOrder {index:2;}">
                    <Coords points="609,1244 703,1244 703,1268 609,1268"/>
                    <TextEquiv>
                        <Unicode>marge</Unicode>
                    </TextEquiv>
                    <TextStyle fontFamily="Times New Roman" fontSize="8.5"/>
                </Word>
                <Word id="w_w2aab1b3b2c25b3ac65" language="English" custom="readingOrder {index:3;}">
                    <Coords points="723,1245 753,1245 753,1262 723,1262"/>
                    <TextEquiv>
                        <Unicode>se</Unicode>
                    </TextEquiv>
                    <TextStyle fontFamily="Times New Roman" fontSize="8.5"/>
                </Word>
                <Word id="w_w2aab1b3b2c25b3ac71" language="English" custom="readingOrder {index:4;}">
                    <Coords points="774,1240 869,1240 869,1263 774,1263"/>
                    <TextEquiv>
                        <Unicode>trouve</Unicode>
                    </TextEquiv>
                    <TextStyle fontFamily="Times New Roman" fontSize="8.5"/>
                </Word>
                <Word id="w_w2aab1b3b2c25b3ac85" language="English" custom="readingOrder {index:5;}">
                    <Coords points="887,1245 941,1245 941,1262 887,1262"/>
                    <TextEquiv>
                        <Unicode>une</Unicode>
                    </TextEquiv>
                    <TextStyle fontFamily="Times New Roman" fontSize="8.5"/>
                </Word>
                <Word id="w_w2aab1b3b2c25b3ac93" language="English" custom="readingOrder {index:6;}">
                    <Coords points="965,1238 1091,1238 1091,1269 965,1269"/>
                    <TextEquiv>
                        <Unicode>apostille</Unicode>
                    </TextEquiv>
                    <TextStyle fontFamily="Times New Roman" fontSize="8.5"/>
                </Word>
                <Word id="w_w2aab1b3b2c25b3ad113" language="English" custom="readingOrder {index:7;}">
                    <Coords points="1114,1238 1209,1238 1209,1268 1114,1268"/>
                    <TextEquiv>
                        <Unicode>signée</Unicode>
                    </TextEquiv>
                    <TextStyle fontFamily="Times New Roman" fontSize="8.5"/>
                </Word>
                <Word id="w_w2aab1b3b2c25b3ad127" language="English" custom="readingOrder {index:8;}">
                    <Coords points="1235,1238 1271,1238 1271,1262 1235,1262"/>
                    <TextEquiv>
                        <Unicode>du</Unicode>
                    </TextEquiv>
                    <TextStyle fontFamily="Times New Roman" fontSize="8.5"/>
                </Word>
                <TextEquiv>
                    <Unicode>Pyrénées-Occidentales. En marge se trouve une apostille signée du</Unicode>
                </TextEquiv>
                <TextStyle fontFamily="Times New Roman" fontSize="8.5"/>
            </TextLine>
            <TextLine id="tl_33" primaryLanguage="English" custom="readingOrder {index:2;}">
                <Coords points="170,1269 419,1269 419,1300 170,1300"/>
                <Baseline points="170,1299 282,1293 419,1294"/>
                <Word id="w_w2aab1b3b2c25b5ab1" language="English" custom="readingOrder {index:0;}">
                    <Coords points="170,1269 282,1269 282,1299 170,1299"/>
                    <TextEquiv>
                        <Unicode>général</Unicode>
                    </TextEquiv>
                    <TextStyle fontFamily="Times New Roman" fontSize="8.5"/>
                </Word>
                <Word id="w_w2aab1b3b2c25b5ac17" language="English" custom="readingOrder {index:1;}">
                    <Coords points="297,1269 419,1269 419,1300 297,1300"/>
                    <TextEquiv>
                        <Unicode>Moncey.</Unicode>
                    </TextEquiv>
                    <TextStyle fontFamily="Times New Roman" fontSize="8.5"/>
                </Word>
                <TextEquiv>
                    <Unicode>général Moncey.</Unicode>
                </TextEquiv>
                <TextStyle fontFamily="Times New Roman" fontSize="8.5"/>
            </TextLine>
            <TextEquiv>
                <Unicode>Belle lettre écrite comme représentant du peuple près l'armée des
Pyrénées-Occidentales. En marge se trouve une apostille signée du
général Moncey.</Unicode>
            </TextEquiv>
        </TextRegion>
        <TextRegion type="paragraph" id="r_2_14" custom="readingOrder {index:14;}">
            <Coords points="117,1302 1275,1302 1275,1489 117,1489"/>
            <TextLine id="tl_34" primaryLanguage="English" custom="readingOrder {index:0;}">
                <Coords points="118,1303 1271,1303 1271,1340 118,1340"/>
                <Baseline points="118,1332 151,1332 388,1332 410,1340 522,1332 596,1338 742,1332 797,1332 1035,1338 1216,1331 1271,1332"/>
                <Word id="w_w2aab1b3b2c27b1ab1" language="English" custom="readingOrder {index:0;}">
                    <Coords points="118,1305 151,1305 151,1332 118,1332"/>
                    <TextEquiv>
                        <Unicode>15</Unicode>
                    </TextEquiv>
                    <TextStyle fontFamily="Times New Roman" fontSize="10.0"/>
                </Word>
                <Word id="w_w2aab1b3b2c27b1ab7" language="English" custom="readingOrder {index:1;}">
                    <Coords points="170,1305 388,1305 388,1333 170,1333"/>
                    <TextEquiv>
                        <Unicode>Beauvillier</Unicode>
                    </TextEquiv>
                    <TextStyle fontFamily="Times New Roman" fontSize="10.0"/>
                </Word>
                <Word id="w_w2aab1b3b2c27b1ac31" language="English" custom="readingOrder {index:2;}">
                    <Coords points="403,1306 410,1306 410,1340 403,1340"/>
                    <TextEquiv>
                        <Unicode>(</Unicode>
                    </TextEquiv>
                    <TextStyle fontFamily="Times New Roman" fontSize="10.0"/>
                </Word>
                <Word id="w_w2aab1b3b2c27b1ac35" language="English" custom="readingOrder {index:3;}">
                    <Coords points="422,1304 522,1304 522,1333 422,1333"/>
                    <TextEquiv>
                        <Unicode>Marie</Unicode>
                    </TextEquiv>
                    <TextStyle fontFamily="Times New Roman" fontSize="10.0"/>
                </Word>
                <Word id="w_w2aab1b3b2c27b1ac47" language="English" custom="readingOrder {index:4;}">
                    <Coords points="538,1304 596,1304 596,1339 538,1339"/>
                    <TextEquiv>
                        <Unicode>de),</Unicode>
                    </TextEquiv>
                    <TextStyle fontFamily="Times New Roman" fontSize="10.0"/>
                </Word>
                <Word id="w_w2aab1b3b2c27b1ac57" language="English" custom="readingOrder {index:5;}">
                    <Coords points="614,1304 742,1304 742,1333 614,1333"/>
                    <TextEquiv>
                        <Unicode>abbesse</Unicode>
                    </TextEquiv>
                    <TextStyle fontFamily="Times New Roman" fontSize="10.0"/>
                </Word>
                <Word id="w_w2aab1b3b2c27b1ac73" language="English" custom="readingOrder {index:6;}">
                    <Coords points="760,1305 797,1305 797,1332 760,1332"/>
                    <TextEquiv>
                        <Unicode>de</Unicode>
                    </TextEquiv>
                    <TextStyle fontFamily="Times New Roman" fontSize="10.0"/>
                </Word>
                <Word id="w_w2aab1b3b2c27b1ac79" language="English" custom="readingOrder {index:7;}">
                    <Coords points="813,1305 1035,1305 1035,1338 813,1338"/>
                    <TextEquiv>
                        <Unicode>Montmartre,</Unicode>
                    </TextEquiv>
                    <TextStyle fontFamily="Times New Roman" fontSize="10.0"/>
                </Word>
                <Word id="w_w2aab1b3b2c27b1ad103" language="English" custom="readingOrder {index:8;}">
                    <Coords points="1052,1303 1216,1303 1216,1332 1052,1332"/>
                    <TextEquiv>
                        <Unicode>maîtresse</Unicode>
                    </TextEquiv>
                    <TextStyle fontFamily="Times New Roman" fontSize="10.0"/>
                </Word>
                <Word id="w_w2aab1b3b2c27b1ad123" language="English" custom="readingOrder {index:9;}">
                    <Coords points="1234,1304 1271,1304 1271,1332 1234,1332"/>
                    <TextEquiv>
                        <Unicode>de</Unicode>
                    </TextEquiv>
                    <TextStyle fontFamily="Times New Roman" fontSize="10.0"/>
                </Word>
                <TextEquiv>
                    <Unicode>15 Beauvillier (Marie de), abbesse de Montmartre, maîtresse de</Unicode>
                </TextEquiv>
                <TextStyle fontFamily="Times New Roman" fontSize="10.0"/>
            </TextLine>
            <TextLine id="tl_35" primaryLanguage="English" custom="readingOrder {index:1;}">
                <Coords points="172,1339 1271,1339 1271,1376 172,1376"/>
                <Baseline points="172,1368 273,1368 342,1369 392,1361 509,1369 585,1368 657,1368 768,1375 864,1374 961,1375 1100,1367 1219,1367 1271,1365"/>
                <Word id="w_w2aab1b3b2c27b3ab1" language="English" custom="readingOrder {index:0;}">
                    <Coords points="172,1340 273,1340 273,1368 172,1368"/>
                    <TextEquiv>
                        <Unicode>Henri</Unicode>
                    </TextEquiv>
                    <TextStyle fontFamily="Times New Roman" fontSize="10.0"/>
                </Word>
                <Word id="w_w2aab1b3b2c27b3ac13" language="English" custom="readingOrder {index:1;}">
                    <Coords points="289,1340 342,1340 342,1369 289,1369"/>
                    <TextEquiv>
                        <Unicode>IV.</Unicode>
                    </TextEquiv>
                    <TextStyle fontFamily="Times New Roman" fontSize="10.0"/>
                </Word>
                <Word id="w_w2aab1b3b2c27b3ac21" language="English" custom="readingOrder {index:2;}">
                    <Coords points="358,1357 392,1357 392,1361 358,1361"/>
                    <TextEquiv>
                        <Unicode>—</Unicode>
                    </TextEquiv>
                    <TextStyle fontFamily="Times New Roman" fontSize="10.0"/>
                </Word>
                <Word id="w_w2aab1b3b2c27b3ac25" language="English" custom="readingOrder {index:3;}">
                    <Coords points="407,1340 509,1340 509,1371 407,1371"/>
                    <TextEquiv>
                        <Unicode>Quitt.</Unicode>
                    </TextEquiv>
                    <TextStyle fontFamily="Times New Roman" fontSize="10.0"/>
                </Word>
                <Word id="w_w2aab1b3b2c27b3ac39" language="English" custom="readingOrder {index:4;}">
                    <Coords points="526,1340 585,1340 585,1376 526,1376"/>
                    <TextEquiv>
                        <Unicode>sig.</Unicode>
                    </TextEquiv>
                    <TextStyle fontFamily="Times New Roman" fontSize="10.0"/>
                </Word>
                <Word id="w_w2aab1b3b2c27b3ac49" language="English" custom="readingOrder {index:5;}">
                    <Coords points="602,1348 657,1348 657,1368 602,1368"/>
                    <TextEquiv>
                        <Unicode>sur</Unicode>
                    </TextEquiv>
                    <TextStyle fontFamily="Times New Roman" fontSize="10.0"/>
                </Word>
                <Word id="w_w2aab1b3b2c27b3ac57" language="English" custom="readingOrder {index:6;}">
                    <Coords points="672,1340 768,1340 768,1375 672,1375"/>
                    <TextEquiv>
                        <Unicode>vélin,</Unicode>
                    </TextEquiv>
                    <TextStyle fontFamily="Times New Roman" fontSize="10.0"/>
                </Word>
                <Word id="w_w2aab1b3b2c27b3ac71" language="English" custom="readingOrder {index:7;}">
                    <Coords points="786,1340 864,1340 864,1374 786,1374"/>
                    <TextEquiv>
                        <Unicode>1639,</Unicode>
                    </TextEquiv>
                    <TextStyle fontFamily="Times New Roman" fontSize="10.0"/>
                </Word>
                <Word id="w_w2aab1b3b2c27b3ac83" language="English" custom="readingOrder {index:8;}">
                    <Coords points="882,1340 961,1340 961,1375 882,1375"/>
                    <TextEquiv>
                        <Unicode>in-8,</Unicode>
                    </TextEquiv>
                    <TextStyle fontFamily="Times New Roman" fontSize="10.0"/>
                </Word>
                <Word id="w_w2aab1b3b2c27b3ac95" language="English" custom="readingOrder {index:9;}">
                    <Coords points="977,1340 1100,1340 1100,1368 977,1368"/>
                    <TextEquiv>
                        <Unicode>cachet.</Unicode>
                    </TextEquiv>
                    <TextStyle fontFamily="Times New Roman" fontSize="10.0"/>
                </Word>
                <Word id="w_w2aab1b3b2c27b3ad111" language="English" custom="readingOrder {index:10;}">
                    <Coords points="1204,1339 1219,1339 1219,1367 1204,1367"/>
                    <TextEquiv>
                        <Unicode>3</Unicode>
                    </TextEquiv>
                    <TextStyle fontFamily="Times New Roman" fontSize="10.0"/>
                </Word>
                <Word id="w_w2aab1b3b2c27b3ad115" language="English" custom="readingOrder {index:11;}">
                    <Coords points="1258,1351 1271,1351 1271,1365 1258,1365"/>
                    <TextEquiv>
                        <Unicode>»</Unicode>
                    </TextEquiv>
                    <TextStyle fontFamily="Times New Roman" fontSize="10.0"/>
                </Word>
                <TextEquiv>
                    <Unicode>Henri IV. — Quitt. sig. sur vélin, 1639, in-8, cachet. 3 »</Unicode>
                </TextEquiv>
                <TextStyle fontFamily="Times New Roman" fontSize="10.0"/>
            </TextLine>
            <TextLine id="tl_36" primaryLanguage="English" custom="readingOrder {index:2;}">
                <Coords points="121,1380 1274,1380 1274,1416 121,1416"/>
                <Baseline points="121,1408 154,1408 388,1408 520,1408 552,1407 608,1408 780,1414 945,1408 1028,1414 1274,1407"/>
                <Word id="w_w2aab1b3b2c27b5ab1" language="English" custom="readingOrder {index:0;}">
                    <Coords points="121,1380 154,1380 154,1408 121,1408"/>
                    <TextEquiv>
                        <Unicode>16</Unicode>
                    </TextEquiv>
                    <TextStyle fontFamily="Times New Roman" fontSize="10.0"/>
                </Word>
                <Word id="w_w2aab1b3b2c27b5ab7" language="English" custom="readingOrder {index:1;}">
                    <Coords points="175,1381 388,1381 388,1415 175,1415"/>
                    <TextEquiv>
                        <Unicode>Bellegarde</Unicode>
                    </TextEquiv>
                    <TextStyle fontFamily="Times New Roman" fontSize="10.0"/>
                </Word>
                <Word id="w_w2aab1b3b2c27b5ac29" language="English" custom="readingOrder {index:2;}">
                    <Coords points="403,1380 520,1380 520,1416 403,1416"/>
                    <TextEquiv>
                        <Unicode>(Roger</Unicode>
                    </TextEquiv>
                    <TextStyle fontFamily="Times New Roman" fontSize="10.0"/>
                </Word>
                <Word id="w_w2aab1b3b2c27b5ac43" language="English" custom="readingOrder {index:3;}">
                    <Coords points="536,1381 573,1381 573,1408 536,1408"/>
                    <TextEquiv>
                        <Unicode>de</Unicode>
                    </TextEquiv>
                    <TextStyle fontFamily="Times New Roman" fontSize="10.0"/>
                </Word>
                <Word id="w_w2aab1b3b2c27b5b1b1" language="English" custom="readingOrder {index:4;}">
                    <Coords points="589,1382 769,1382 769,1415 589,1415"/>
                    <TextEquiv>
                        <Unicode>Saint-Larry</Unicode>
                    </TextEquiv>
                    <TextStyle fontFamily="Times New Roman" fontSize="9.5" italic="true"/>
                </Word>
                <Word id="w_w2aab1b3b2c27b5b2b1" language="English" custom="readingOrder {index:5;}">
                    <Coords points="773,1402 780,1402 780,1414 773,1414"/>
                    <TextEquiv>
                        <Unicode>,</Unicode>
                    </TextEquiv>
                    <TextStyle fontFamily="Times New Roman" fontSize="10.0"/>
                </Word>
                <Word id="w_w2aab1b3b2c27b5b2b5" language="English" custom="readingOrder {index:6;}">
                    <Coords points="793,1380 945,1380 945,1415 793,1415"/>
                    <TextEquiv>
                        <Unicode>seigneur</Unicode>
                    </TextEquiv>
                    <TextStyle fontFamily="Times New Roman" fontSize="10.0"/>
                </Word>
                <Word id="w_w2aab1b3b2c27b5b2c23" language="English" custom="readingOrder {index:7;}">
                    <Coords points="960,1380 1028,1380 1028,1416 960,1416"/>
                    <TextEquiv>
                        <Unicode>de),</Unicode>
                    </TextEquiv>
                    <TextStyle fontFamily="Times New Roman" fontSize="10.0"/>
                </Word>
                <Word id="w_w2aab1b3b2c27b5b2c33" language="English" custom="readingOrder {index:8;}">
                    <Coords points="1041,1380 1274,1380 1274,1416 1041,1416"/>
                    <TextEquiv>
                        <Unicode>grand-écuyer</Unicode>
                    </TextEquiv>
                    <TextStyle fontFamily="Times New Roman" fontSize="10.0"/>
                </Word>
                <TextEquiv>
                    <Unicode>16 Bellegarde (Roger de Saint-Larry, seigneur de), grand-écuyer</Unicode>
                </TextEquiv>
            </TextLine>
            <TextLine id="tl_37" primaryLanguage="English" custom="readingOrder {index:3;}">
                <Coords points="172,1415 1274,1415 1274,1451 172,1451"/>
                <Baseline points="172,1444 210,1443 368,1451 497,1444 554,1443 738,1444 917,1444 1035,1444 1150,1443 1218,1442 1274,1436"/>
                <Word id="w_w2aab1b3b2c27b7ab1" language="English" custom="readingOrder {index:0;}">
                    <Coords points="172,1416 210,1416 210,1444 172,1444"/>
                    <TextEquiv>
                        <Unicode>de</Unicode>
                    </TextEquiv>
                    <TextStyle fontFamily="Times New Roman" fontSize="10.0"/>
                </Word>
                <Word id="w_w2aab1b3b2c27b7ab7" language="English" custom="readingOrder {index:1;}">
                    <Coords points="236,1416 368,1416 368,1451 236,1451"/>
                    <TextEquiv>
                        <Unicode>France,</Unicode>
                    </TextEquiv>
                    <TextStyle fontFamily="Times New Roman" fontSize="10.0"/>
                </Word>
                <Word id="w_w2aab1b3b2c27b7ac23" language="English" custom="readingOrder {index:2;}">
                    <Coords points="389,1418 497,1418 497,1444 389,1444"/>
                    <TextEquiv>
                        <Unicode>amant</Unicode>
                    </TextEquiv>
                    <TextStyle fontFamily="Times New Roman" fontSize="10.0"/>
                </Word>
                <Word id="w_w2aab1b3b2c27b7ac35" language="English" custom="readingOrder {index:3;}">
                    <Coords points="517,1416 554,1416 554,1443 517,1443"/>
                    <TextEquiv>
                        <Unicode>de</Unicode>
                    </TextEquiv>
                    <TextStyle fontFamily="Times New Roman" fontSize="10.0"/>
                </Word>
                <Word id="w_w2aab1b3b2c27b7ac41" language="English" custom="readingOrder {index:4;}">
                    <Coords points="577,1416 738,1416 738,1444 577,1444"/>
                    <TextEquiv>
                        <Unicode>Gabrielle</Unicode>
                    </TextEquiv>
                    <TextStyle fontFamily="Times New Roman" fontSize="10.0"/>
                </Word>
                <Word id="w_w2aab1b3b2c27b7ac61" language="English" custom="readingOrder {index:5;}">
                    <Coords points="762,1416 917,1416 917,1444 762,1444"/>
                    <TextEquiv>
                        <Unicode>d’Estrées</Unicode>
                    </TextEquiv>
                    <TextStyle fontFamily="Times New Roman" fontSize="10.0"/>
                </Word>
                <Word id="w_w2aab1b3b2c27b7ac81" language="English" custom="readingOrder {index:6;}">
                    <Coords points="939,1417 1035,1417 1035,1444 939,1444"/>
                    <TextEquiv>
                        <Unicode>avant</Unicode>
                    </TextEquiv>
                    <TextStyle fontFamily="Times New Roman" fontSize="10.0"/>
                </Word>
                <Word id="w_w2aab1b3b2c27b7ac93" language="English" custom="readingOrder {index:7;}">
                    <Coords points="1049,1416 1150,1416 1150,1444 1049,1444"/>
                    <TextEquiv>
                        <Unicode>Henri</Unicode>
                    </TextEquiv>
                    <TextStyle fontFamily="Times New Roman" fontSize="10.0"/>
                </Word>
                <Word id="w_w2aab1b3b2c27b7ad105" language="English" custom="readingOrder {index:8;}">
                    <Coords points="1165,1415 1218,1415 1218,1444 1165,1444"/>
                    <TextEquiv>
                        <Unicode>IV.</Unicode>
                    </TextEquiv>
                    <TextStyle fontFamily="Times New Roman" fontSize="10.0"/>
                </Word>
                <Word id="w_w2aab1b3b2c27b7ad113" language="English" custom="readingOrder {index:9;}">
                    <Coords points="1240,1432 1274,1432 1274,1436 1240,1436"/>
                    <TextEquiv>
                        <Unicode>—</Unicode>
                    </TextEquiv>
                    <TextStyle fontFamily="Times New Roman" fontSize="10.0"/>
                </Word>
                <TextEquiv>
                    <Unicode>de France, amant de Gabrielle d’Estrées avant Henri IV. —</Unicode>
                </TextEquiv>
                <TextStyle fontFamily="Times New Roman" fontSize="10.0"/>
            </TextLine>
            <TextLine id="tl_38" primaryLanguage="English" custom="readingOrder {index:4;}">
                <Coords points="172,1451 1273,1451 1273,1488 172,1488"/>
                <Baseline points="172,1480 266,1479 362,1486 459,1486 491,1479 536,1479 626,1479 1220,1479 1273,1477"/>
                <Word id="w_w2aab1b3b2c27b9ab1" language="English" custom="readingOrder {index:0;}">
                    <Coords points="172,1451 266,1451 266,1480 172,1480"/>
                    <TextEquiv>
                        <Unicode>Pièce</Unicode>
                    </TextEquiv>
                    <TextStyle fontFamily="Times New Roman" fontSize="10.0"/>
                </Word>
                <Word id="w_w2aab1b3b2c27b9ac13" language="English" custom="readingOrder {index:1;}">
                    <Coords points="284,1452 362,1452 362,1488 284,1488"/>
                    <TextEquiv>
                        <Unicode>sig.,</Unicode>
                    </TextEquiv>
                    <TextStyle fontFamily="Times New Roman" fontSize="10.0"/>
                </Word>
                <Word id="w_w2aab1b3b2c27b9ac25" language="English" custom="readingOrder {index:2;}">
                    <Coords points="382,1451 459,1451 459,1486 382,1486"/>
                    <TextEquiv>
                        <Unicode>1628,</Unicode>
                    </TextEquiv>
                    <TextStyle fontFamily="Times New Roman" fontSize="10.0"/>
                </Word>
                <Word id="w_w2aab1b3b2c27b9ac37" language="English" custom="readingOrder {index:3;}">
                    <Coords points="475,1452 491,1452 491,1479 475,1479"/>
                    <TextEquiv>
                        <Unicode>3</Unicode>
                    </TextEquiv>
                    <TextStyle fontFamily="Times New Roman" fontSize="10.0"/>
                </Word>
                <Word id="w_w2aab1b3b2c27b9ac41" language="English" custom="readingOrder {index:4;}">
                    <Coords points="507,1460 536,1460 536,1487 507,1487"/>
                    <TextEquiv>
                        <Unicode>p.</Unicode>
                    </TextEquiv>
                    <TextStyle fontFamily="Times New Roman" fontSize="10.0"/>
                </Word>
                <Word id="w_w2aab1b3b2c27b9ac47" language="English" custom="readingOrder {index:5;}">
                    <Coords points="553,1451 626,1451 626,1479 553,1479"/>
                    <TextEquiv>
                        <Unicode>in-f.</Unicode>
                    </TextEquiv>
                    <TextStyle fontFamily="Times New Roman" fontSize="10.0"/>
                </Word>
                <Word id="w_w2aab1b3b2c27b9ac59" language="English" custom="readingOrder {index:6;}">
                    <Coords points="1204,1451 1220,1451 1220,1479 1204,1479"/>
                    <TextEquiv>
                        <Unicode>5</Unicode>
                    </TextEquiv>
                    <TextStyle fontFamily="Times New Roman" fontSize="10.0"/>
                </Word>
                <Word id="w_w2aab1b3b2c27b9ac63" language="English" custom="readingOrder {index:7;}">
                    <Coords points="1259,1463 1273,1463 1273,1477 1259,1477"/>
                    <TextEquiv>
                        <Unicode>»</Unicode>
                    </TextEquiv>
                    <TextStyle fontFamily="Times New Roman" fontSize="10.0"/>
                </Word>
                <TextEquiv>
                    <Unicode>Pièce sig., 1628, 3 p. in-f. 5 »</Unicode>
                </TextEquiv>
                <TextStyle fontFamily="Times New Roman" fontSize="10.0"/>
            </TextLine>
            <TextEquiv>
                <Unicode>15 Beauvillier (Marie de), abbesse de Montmartre, maîtresse de
Henri IV. — Quitt. sig. sur vélin, 1639, in-8, cachet. 3 »
16 Bellegarde (Roger de Saint-Larry, seigneur de), grand-écuyer
de France, amant de Gabrielle d’Estrées avant Henri IV. —
Pièce sig., 1628, 3 p. in-f. 5 »</Unicode>
            </TextEquiv>
        </TextRegion>
        <TextRegion type="paragraph" id="r_2_15" custom="readingOrder {index:15;}">
            <Coords points="121,1486 1275,1486 1275,1594 121,1594"/>
            <TextLine id="tl_39" primaryLanguage="English" custom="readingOrder {index:0;}">
                <Coords points="122,1487 1274,1487 1274,1531 122,1531"/>
                <Baseline points="122,1515 152,1515 292,1515 440,1515 559,1520 699,1514 762,1515 897,1515 1113,1522 1213,1515 1274,1516"/>
                <Word id="w_w2aab1b3b2c29b1ab1" language="English" custom="readingOrder {index:0;}">
                    <Coords points="122,1488 152,1488 152,1515 122,1515"/>
                    <TextEquiv>
                        <Unicode>17</Unicode>
                    </TextEquiv>
                    <TextStyle fontFamily="Times New Roman" fontSize="10.0"/>
                </Word>
                <Word id="w_w2aab1b3b2c29b1ab7" language="English" custom="readingOrder {index:1;}">
                    <Coords points="173,1488 292,1488 292,1515 173,1515"/>
                    <TextEquiv>
                        <Unicode>Belloc</Unicode>
                    </TextEquiv>
                    <TextStyle fontFamily="Times New Roman" fontSize="10.0"/>
                </Word>
                <Word id="w_w2aab1b3b2c29b1ac21" language="English" custom="readingOrder {index:2;}">
                    <Coords points="312,1488 440,1488 440,1523 312,1523"/>
                    <TextEquiv>
                        <Unicode>(Louise</Unicode>
                    </TextEquiv>
                    <TextStyle fontFamily="Times New Roman" fontSize="10.0"/>
                </Word>
                <Word id="w_w2aab1b3b2c29b1ac37" language="English" custom="readingOrder {index:3;}">
                    <Coords points="464,1487 559,1487 559,1520 464,1520"/>
                    <TextEquiv>
                        <Unicode>Sw.),</Unicode>
                    </TextEquiv>
                    <TextStyle fontFamily="Times New Roman" fontSize="10.0"/>
                </Word>
                <Word id="w_w2aab1b3b2c29b1ac49" language="English" custom="readingOrder {index:4;}">
                    <Coords points="585,1487 699,1487 699,1515 585,1515"/>
                    <TextEquiv>
                        <Unicode>femme</Unicode>
                    </TextEquiv>
                    <TextStyle fontFamily="Times New Roman" fontSize="10.0"/>
                </Word>
                <Word id="w_w2aab1b3b2c29b1ac61" language="English" custom="readingOrder {index:5;}">
                    <Coords points="724,1487 762,1487 762,1515 724,1515"/>
                    <TextEquiv>
                        <Unicode>de</Unicode>
                    </TextEquiv>
                    <TextStyle fontFamily="Times New Roman" fontSize="10.0"/>
                </Word>
                <Word id="w_w2aab1b3b2c29b1ac67" language="English" custom="readingOrder {index:6;}">
                    <Coords points="785,1487 897,1487 897,1515 785,1515"/>
                    <TextEquiv>
                        <Unicode>lettres</Unicode>
                    </TextEquiv>
                    <TextStyle fontFamily="Times New Roman" fontSize="10.0"/>
                </Word>
                <Word id="w_w2aab1b3b2c29b1ac83" language="English" custom="readingOrder {index:7;}">
                    <Coords points="920,1487 1113,1487 1113,1531 920,1531"/>
                    <TextEquiv>
                        <Unicode>distinguée,</Unicode>
                    </TextEquiv>
                    <TextStyle fontFamily="Times New Roman" fontSize="10.0"/>
                </Word>
                <Word id="w_w2aab1b3b2c29b1ad107" language="English" custom="readingOrder {index:8;}">
                    <Coords points="1136,1487 1213,1487 1213,1515 1136,1515"/>
                    <TextEquiv>
                        <Unicode>dont</Unicode>
                    </TextEquiv>
                    <TextStyle fontFamily="Times New Roman" fontSize="10.0"/>
                </Word>
                <Word id="w_w2aab1b3b2c29b1ad117" language="English" custom="readingOrder {index:9;}">
                    <Coords points="1228,1487 1274,1487 1274,1516 1228,1516"/>
                    <TextEquiv>
                        <Unicode>les</Unicode>
                    </TextEquiv>
                    <TextStyle fontFamily="Times New Roman" fontSize="10.0"/>
                </Word>
                <TextEquiv>
                    <Unicode>17 Belloc (Louise Sw.), femme de lettres distinguée, dont les</Unicode>
                </TextEquiv>
                <TextStyle fontFamily="Times New Roman" fontSize="10.0"/>
            </TextLine>
            <TextLine id="tl_40" primaryLanguage="English" custom="readingOrder {index:1;}">
                <Coords points="173,1522 1273,1522 1273,1558 173,1558"/>
                <Baseline points="173,1551 309,1551 380,1552 490,1550 536,1551 667,1550 701,1550 747,1550 946,1550 1100,1550 1273,1551"/>
                <Word id="w_w2aab1b3b2c29b3ab1" language="English" custom="readingOrder {index:0;}">
                    <Coords points="173,1526 309,1526 309,1551 173,1551"/>
                    <TextEquiv>
                        <Unicode>travaux</Unicode>
                    </TextEquiv>
                    <TextStyle fontFamily="Times New Roman" fontSize="10.0"/>
                </Word>
                <Word id="w_w2aab1b3b2c29b3ac17" language="English" custom="readingOrder {index:1;}">
                    <Coords points="325,1525 380,1525 380,1552 325,1552"/>
                    <TextEquiv>
                        <Unicode>ont</Unicode>
                    </TextEquiv>
                    <TextStyle fontFamily="Times New Roman" fontSize="10.0"/>
                </Word>
                <Word id="w_w2aab1b3b2c29b3ac25" language="English" custom="readingOrder {index:2;}">
                    <Coords points="396,1523 490,1523 490,1551 396,1551"/>
                    <TextEquiv>
                        <Unicode>initié</Unicode>
                    </TextEquiv>
                    <TextStyle fontFamily="Times New Roman" fontSize="10.0"/>
                </Word>
                <Word id="w_w2aab1b3b2c29b3ac39" language="English" custom="readingOrder {index:3;}">
                    <Coords points="506,1523 536,1523 536,1551 506,1551"/>
                    <TextEquiv>
                        <Unicode>la</Unicode>
                    </TextEquiv>
                    <TextStyle fontFamily="Times New Roman" fontSize="10.0"/>
                </Word>
                <Word id="w_w2aab1b3b2c29b3ac45" language="English" custom="readingOrder {index:4;}">
                    <Coords points="546,1522 667,1522 667,1551 546,1551"/>
                    <TextEquiv>
                        <Unicode>France</Unicode>
                    </TextEquiv>
                    <TextStyle fontFamily="Times New Roman" fontSize="10.0"/>
                </Word>
                <Word id="w_w2aab1b3b2c29b3ac59" language="English" custom="readingOrder {index:5;}">
                    <Coords points="684,1523 701,1523 701,1550 684,1550"/>
                    <TextEquiv>
                        <Unicode>à</Unicode>
                    </TextEquiv>
                    <TextStyle fontFamily="Times New Roman" fontSize="10.0"/>
                </Word>
                <Word id="w_w2aab1b3b2c29b3ac63" language="English" custom="readingOrder {index:6;}">
                    <Coords points="717,1524 747,1524 747,1550 717,1550"/>
                    <TextEquiv>
                        <Unicode>la</Unicode>
                    </TextEquiv>
                    <TextStyle fontFamily="Times New Roman" fontSize="10.0"/>
                </Word>
                <Word id="w_w2aab1b3b2c29b3ac69" language="English" custom="readingOrder {index:7;}">
                    <Coords points="762,1523 946,1523 946,1551 762,1551"/>
                    <TextEquiv>
                        <Unicode>littérature</Unicode>
                    </TextEquiv>
                    <TextStyle fontFamily="Times New Roman" fontSize="10.0"/>
                </Word>
                <Word id="w_w2aab1b3b2c29b3ac93" language="English" custom="readingOrder {index:8;}">
                    <Coords points="959,1523 1100,1523 1100,1558 959,1558"/>
                    <TextEquiv>
                        <Unicode>anglaise</Unicode>
                    </TextEquiv>
                    <TextStyle fontFamily="Times New Roman" fontSize="10.0"/>
                </Word>
                <Word id="w_w2aab1b3b2c29b3ad111" language="English" custom="readingOrder {index:9;}">
                    <Coords points="1112,1523 1273,1523 1273,1551 1112,1551"/>
                    <TextEquiv>
                        <Unicode>moderne.</Unicode>
                    </TextEquiv>
                    <TextStyle fontFamily="Times New Roman" fontSize="10.0"/>
                </Word>
                <TextEquiv>
                    <Unicode>travaux ont initié la France à la littérature anglaise moderne.</Unicode>
                </TextEquiv>
                <TextStyle fontFamily="Times New Roman" fontSize="10.0"/>
            </TextLine>
            <TextLine id="tl_41" primaryLanguage="English" custom="readingOrder {index:2;}">
                <Coords points="174,1558 1274,1558 1274,1593 174,1593"/>
                <Baseline points="174,1580 208,1580 256,1586 307,1586 354,1586 414,1586 563,1586 784,1593 879,1592 906,1585 957,1585 1058,1586 1222,1586 1274,1584"/>
                <Word id="w_w2aab1b3b2c29b5ab1" language="English" custom="readingOrder {index:0;}">
                    <Coords points="174,1575 208,1575 208,1580 174,1580"/>
                    <TextEquiv>
                        <Unicode>—</Unicode>
                    </TextEquiv>
                    <TextStyle fontFamily="Times New Roman" fontSize="10.0"/>
                </Word>
                <Word id="w_w2aab1b3b2c29b5ab5" language="English" custom="readingOrder {index:1;}">
                    <Coords points="218,1559 256,1559 256,1587 218,1587"/>
                    <TextEquiv>
                        <Unicode>L.</Unicode>
                    </TextEquiv>
                    <TextStyle fontFamily="Times New Roman" fontSize="10.0"/>
                </Word>
                <Word id="w_w2aab1b3b2c29b5ac11" language="English" custom="readingOrder {index:2;}">
                    <Coords points="277,1567 307,1567 307,1587 277,1587"/>
                    <TextEquiv>
                        <Unicode>a.</Unicode>
                    </TextEquiv>
                    <TextStyle fontFamily="Times New Roman" fontSize="10.0"/>
                </Word>
                <Word id="w_w2aab1b3b2c29b5ac17" language="English" custom="readingOrder {index:3;}">
                    <Coords points="328,1567 354,1567 354,1587 328,1587"/>
                    <TextEquiv>
                        <Unicode>s.</Unicode>
                    </TextEquiv>
                    <TextStyle fontFamily="Times New Roman" fontSize="10.0"/>
                </Word>
                <Word id="w_w2aab1b3b2c29b5ac23" language="English" custom="readingOrder {index:4;}">
                    <Coords points="375,1567 414,1567 414,1587 375,1587"/>
                    <TextEquiv>
                        <Unicode>au</Unicode>
                    </TextEquiv>
                    <TextStyle fontFamily="Times New Roman" fontSize="10.0"/>
                </Word>
                <Word id="w_w2aab1b3b2c29b5ac29" language="English" custom="readingOrder {index:5;}">
                    <Coords points="431,1558 563,1558 563,1587 431,1587"/>
                    <TextEquiv>
                        <Unicode>libraire</Unicode>
                    </TextEquiv>
                    <TextStyle fontFamily="Times New Roman" fontSize="10.0"/>
                </Word>
                <Word id="w_w2aab1b3b2c29b5ac47" language="English" custom="readingOrder {index:6;}">
                    <Coords points="580,1558 784,1558 784,1593 580,1593"/>
                    <TextEquiv>
                        <Unicode>Cherbuliez,</Unicode>
                    </TextEquiv>
                    <TextStyle fontFamily="Times New Roman" fontSize="10.0"/>
                </Word>
                <Word id="w_w2aab1b3b2c29b5ac71" language="English" custom="readingOrder {index:7;}">
                    <Coords points="801,1558 879,1558 879,1592 801,1592"/>
                    <TextEquiv>
                        <Unicode>1838,</Unicode>
                    </TextEquiv>
                    <TextStyle fontFamily="Times New Roman" fontSize="10.0"/>
                </Word>
                <Word id="w_w2aab1b3b2c29b5ac83" language="English" custom="readingOrder {index:8;}">
                    <Coords points="898,1560 906,1560 906,1585 898,1585"/>
                    <TextEquiv>
                        <Unicode>1</Unicode>
                    </TextEquiv>
                    <TextStyle fontFamily="Times New Roman" fontSize="10.0"/>
                </Word>
                <Word id="w_w2aab1b3b2c29b5ac87" language="English" custom="readingOrder {index:9;}">
                    <Coords points="926,1567 957,1567 957,1593 926,1593"/>
                    <TextEquiv>
                        <Unicode>p.</Unicode>
                    </TextEquiv>
                    <TextStyle fontFamily="Times New Roman" fontSize="10.0"/>
                </Word>
                <Word id="w_w2aab1b3b2c29b5ac93" language="English" custom="readingOrder {index:10;}">
                    <Coords points="978,1559 1058,1559 1058,1586 978,1586"/>
                    <TextEquiv>
                        <Unicode>in-8.</Unicode>
                    </TextEquiv>
                    <TextStyle fontFamily="Times New Roman" fontSize="10.0"/>
                </Word>
                <Word id="w_w2aab1b3b2c29b5ad105" language="English" custom="readingOrder {index:11;}">
                    <Coords points="1206,1559 1222,1559 1222,1586 1206,1586"/>
                    <TextEquiv>
                        <Unicode>3</Unicode>
                    </TextEquiv>
                    <TextStyle fontFamily="Times New Roman" fontSize="10.0"/>
                </Word>
                <Word id="w_w2aab1b3b2c29b5ad109" language="English" custom="readingOrder {index:12;}">
                    <Coords points="1261,1570 1274,1570 1274,1584 1261,1584"/>
                    <TextEquiv>
                        <Unicode>»</Unicode>
                    </TextEquiv>
                    <TextStyle fontFamily="Times New Roman" fontSize="10.0"/>
                </Word>
                <TextEquiv>
                    <Unicode>— L. a. s. au libraire Cherbuliez, 1838, 1 p. in-8. 3 »</Unicode>
                </TextEquiv>
                <TextStyle fontFamily="Times New Roman" fontSize="10.0"/>
            </TextLine>
            <TextEquiv>
                <Unicode>17 Belloc (Louise Sw.), femme de lettres distinguée, dont les
travaux ont initié la France à la littérature anglaise moderne.
— L. a. s. au libraire Cherbuliez, 1838, 1 p. in-8. 3 »</Unicode>
            </TextEquiv>
        </TextRegion>
        <TextRegion type="paragraph" id="r_2_16" custom="readingOrder {index:16;}">
            <Coords points="177,1592 1274,1592 1274,1659 177,1659"/>
            <TextLine id="tl_42" primaryLanguage="English" custom="readingOrder {index:0;}">
                <Coords points="212,1593 1273,1593 1273,1626 212,1626"/>
                <Baseline points="212,1619 343,1619 440,1620 572,1618 610,1618 664,1619 843,1619 887,1619 1043,1619 1094,1618 1273,1623"/>
                <Word id="w_w2aab1b3b2c31b1ab1" language="English" custom="readingOrder {index:0;}">
                    <Coords points="212,1594 343,1594 343,1619 212,1619"/>
                    <TextEquiv>
                        <Unicode>Curieuse</Unicode>
                    </TextEquiv>
                    <TextStyle fontFamily="Times New Roman" fontSize="8.5"/>
                </Word>
                <Word id="w_w2aab1b3b2c31b1ac19" language="English" custom="readingOrder {index:1;}">
                    <Coords points="360,1595 440,1595 440,1620 360,1620"/>
                    <TextEquiv>
                        <Unicode>lettre</Unicode>
                    </TextEquiv>
                    <TextStyle fontFamily="Times New Roman" fontSize="8.5"/>
                </Word>
                <Word id="w_w2aab1b3b2c31b1ac33" language="English" custom="readingOrder {index:2;}">
                    <Coords points="459,1594 572,1594 572,1619 459,1619"/>
                    <TextEquiv>
                        <Unicode>relative</Unicode>
                    </TextEquiv>
                    <TextStyle fontFamily="Times New Roman" fontSize="8.5"/>
                </Word>
                <Word id="w_w2aab1b3b2c31b1ac51" language="English" custom="readingOrder {index:3;}">
                    <Coords points="594,1595 610,1595 610,1618 594,1618"/>
                    <TextEquiv>
                        <Unicode>à</Unicode>
                    </TextEquiv>
                    <TextStyle fontFamily="Times New Roman" fontSize="8.5"/>
                </Word>
                <Word id="w_w2aab1b3b2c31b1ac55" language="English" custom="readingOrder {index:4;}">
                    <Coords points="633,1601 664,1601 664,1619 633,1619"/>
                    <TextEquiv>
                        <Unicode>sa</Unicode>
                    </TextEquiv>
                    <TextStyle fontFamily="Times New Roman" fontSize="8.5"/>
                </Word>
                <Word id="w_w2aab1b3b2c31b1ac61" language="English" custom="readingOrder {index:5;}">
                    <Coords points="686,1594 843,1594 843,1619 686,1619"/>
                    <TextEquiv>
                        <Unicode>traduction</Unicode>
                    </TextEquiv>
                    <TextStyle fontFamily="Times New Roman" fontSize="8.5"/>
                </Word>
                <Word id="w_w2aab1b3b2c31b1ac83" language="English" custom="readingOrder {index:6;}">
                    <Coords points="870,1594 906,1594 906,1619 870,1619"/>
                    <TextEquiv>
                        <Unicode>du</Unicode>
                    </TextEquiv>
                    <TextStyle fontFamily="Times New Roman" fontSize="8.5"/>
                </Word>
                <Word id="w_w2aab1b3b2c31b1b1b1" language="English" custom="readingOrder {index:7;}">
                    <Coords points="931,1594 1043,1594 1043,1619 931,1619"/>
                    <TextEquiv>
                        <Unicode>Vicaire</Unicode>
                    </TextEquiv>
                    <TextStyle fontFamily="Times New Roman" fontSize="8.5" italic="true"/>
                </Word>
                <Word id="w_w2aab1b3b2c31b1b1c17" language="English" custom="readingOrder {index:8;}">
                    <Coords points="1060,1594 1094,1594 1094,1618 1060,1618"/>
                    <TextEquiv>
                        <Unicode>de</Unicode>
                    </TextEquiv>
                    <TextStyle fontFamily="Times New Roman" fontSize="8.5" italic="true"/>
                </Word>
                <Word id="w_w2aab1b3b2c31b1b1c23" language="English" custom="readingOrder {index:9;}">
                    <Coords points="1110,1593 1273,1593 1273,1626 1110,1626"/>
                    <TextEquiv>
                        <Unicode>Wakefield,</Unicode>
                    </TextEquiv>
                    <TextStyle fontFamily="Times New Roman" fontSize="8.5" italic="true"/>
                </Word>
                <TextEquiv>
                    <Unicode>Curieuse lettre relative à sa traduction du Vicaire de Wakefield,</Unicode>
                </TextEquiv>
            </TextLine>
            <TextLine id="tl_43" primaryLanguage="English" custom="readingOrder {index:1;}">
                <Coords points="178,1626 938,1626 938,1658 178,1658"/>
                <Baseline points="178,1658 277,1651 381,1650 541,1650 622,1649 661,1650 736,1649 938,1650"/>
                <Word id="w_w2aab1b3b2c31b3ab1" language="English" custom="readingOrder {index:0;}">
                    <Coords points="178,1626 277,1626 277,1658 178,1658"/>
                    <TextEquiv>
                        <Unicode>qu’elle</Unicode>
                    </TextEquiv>
                    <TextStyle fontFamily="Times New Roman" fontSize="8.5"/>
                </Word>
                <Word id="w_w2aab1b3b2c31b3ac17" language="English" custom="readingOrder {index:1;}">
                    <Coords points="293,1626 381,1626 381,1651 293,1651"/>
                    <TextEquiv>
                        <Unicode>désire</Unicode>
                    </TextEquiv>
                    <TextStyle fontFamily="Times New Roman" fontSize="8.5"/>
                </Word>
                <Word id="w_w2aab1b3b2c31b3ac31" language="English" custom="readingOrder {index:2;}">
                    <Coords points="399,1626 541,1626 541,1657 399,1657"/>
                    <TextEquiv>
                        <Unicode>présenter</Unicode>
                    </TextEquiv>
                    <TextStyle fontFamily="Times New Roman" fontSize="8.5"/>
                </Word>
                <Word id="w_w2aab1b3b2c31b3ac51" language="English" custom="readingOrder {index:3;}">
                    <Coords points="554,1632 622,1632 622,1656 554,1656"/>
                    <TextEquiv>
                        <Unicode>pour</Unicode>
                    </TextEquiv>
                    <TextStyle fontFamily="Times New Roman" fontSize="8.5"/>
                </Word>
                <Word id="w_w2aab1b3b2c31b3ac61" language="English" custom="readingOrder {index:4;}">
                    <Coords points="637,1626 661,1626 661,1650 637,1650"/>
                    <TextEquiv>
                        <Unicode>le</Unicode>
                    </TextEquiv>
                    <TextStyle fontFamily="Times New Roman" fontSize="8.5"/>
                </Word>
                <Word id="w_w2aab1b3b2c31b3ac67" language="English" custom="readingOrder {index:5;}">
                    <Coords points="677,1626 736,1626 736,1657 677,1657"/>
                    <TextEquiv>
                        <Unicode>prix</Unicode>
                    </TextEquiv>
                    <TextStyle fontFamily="Times New Roman" fontSize="8.5"/>
                </Word>
                <Word id="w_w2aab1b3b2c31b3ac77" language="English" custom="readingOrder {index:6;}">
                    <Coords points="747,1626 938,1626 938,1657 747,1657"/>
                    <TextEquiv>
                        <Unicode>académique.</Unicode>
                    </TextEquiv>
                    <TextStyle fontFamily="Times New Roman" fontSize="8.5"/>
                </Word>
                <TextEquiv>
                    <Unicode>qu’elle désire présenter pour le prix académique.</Unicode>
                </TextEquiv>
                <TextStyle fontFamily="Times New Roman" fontSize="8.5"/>
            </TextLine>
            <TextEquiv>
                <Unicode>Curieuse lettre relative à sa traduction du Vicaire de Wakefield,
qu’elle désire présenter pour le prix académique.</Unicode>
            </TextEquiv>
        </TextRegion>
        <TextRegion type="paragraph" id="r_2_17" custom="readingOrder {index:17;}">
            <Coords points="123,1660 1276,1660 1276,1798 123,1798"/>
            <TextLine id="tl_44" primaryLanguage="English" custom="readingOrder {index:0;}">
                <Coords points="124,1661 1275,1661 1275,1698 124,1698"/>
                <Baseline points="124,1690 156,1690 300,1689 403,1690 436,1698 625,1689 795,1695 909,1695 975,1688 1046,1690 1132,1690 1275,1690"/>
                <Word id="w_w2aab1b3b2c33b1ab1" language="English" custom="readingOrder {index:0;}">
                    <Coords points="124,1663 156,1663 156,1690 124,1690"/>
                    <TextEquiv>
                        <Unicode>18</Unicode>
                    </TextEquiv>
                    <TextStyle fontFamily="Times New Roman" fontSize="10.0"/>
                </Word>
                <Word id="w_w2aab1b3b2c33b1ab7" language="English" custom="readingOrder {index:1;}">
                    <Coords points="176,1663 300,1663 300,1690 176,1690"/>
                    <TextEquiv>
                        <Unicode>Benoit</Unicode>
                    </TextEquiv>
                    <TextStyle fontFamily="Times New Roman" fontSize="10.0"/>
                </Word>
                <Word id="w_w2aab1b3b2c33b1ac21" language="English" custom="readingOrder {index:2;}">
                    <Coords points="323,1663 403,1663 403,1690 323,1690"/>
                    <TextEquiv>
                        <Unicode>XIV</Unicode>
                    </TextEquiv>
                    <TextStyle fontFamily="Times New Roman" fontSize="10.0"/>
                </Word>
                <Word id="w_w2aab1b3b2c33b1ac29" language="English" custom="readingOrder {index:3;}">
                    <Coords points="428,1662 582,1662 582,1698 428,1698"/>
                    <TextEquiv>
                        <Unicode>(Prosper</Unicode>
                    </TextEquiv>
                    <TextStyle fontFamily="Times New Roman" fontSize="10.0"/>
                </Word>
                <Word id="w_w2aab1b3b2c33b1b1b1" language="English" custom="readingOrder {index:4;}">
                    <Coords points="605,1663 769,1663 769,1689 605,1689"/>
                    <TextEquiv>
                        <Unicode>Lambertini</Unicode>
                    </TextEquiv>
                    <TextStyle fontFamily="Times New Roman" fontSize="9.5" italic="true"/>
                </Word>
                <Word id="w_w2aab1b3b2c33b1b2b1" language="English" custom="readingOrder {index:5;}">
                    <Coords points="776,1662 795,1662 795,1697 776,1697"/>
                    <TextEquiv>
                        <Unicode>),</Unicode>
                    </TextEquiv>
                    <TextStyle fontFamily="Times New Roman" fontSize="10.0"/>
                </Word>
                <Word id="w_w2aab1b3b2c33b1b2b7" language="English" custom="readingOrder {index:6;}">
                    <Coords points="819,1669 909,1669 909,1697 819,1697"/>
                    <TextEquiv>
                        <Unicode>pape,</Unicode>
                    </TextEquiv>
                    <TextStyle fontFamily="Times New Roman" fontSize="10.0"/>
                </Word>
                <Word id="w_w2aab1b3b2c33b1b2c19" language="English" custom="readingOrder {index:7;}">
                    <Coords points="934,1670 975,1670 975,1689 934,1689"/>
                    <TextEquiv>
                        <Unicode>un</Unicode>
                    </TextEquiv>
                    <TextStyle fontFamily="Times New Roman" fontSize="10.0"/>
                </Word>
                <Word id="w_w2aab1b3b2c33b1b2c25" language="English" custom="readingOrder {index:8;}">
                    <Coords points="992,1661 1046,1661 1046,1690 992,1690"/>
                    <TextEquiv>
                        <Unicode>des</Unicode>
                    </TextEquiv>
                    <TextStyle fontFamily="Times New Roman" fontSize="10.0"/>
                </Word>
                <Word id="w_w2aab1b3b2c33b1b2c33" language="English" custom="readingOrder {index:9;}">
                    <Coords points="1062,1662 1132,1662 1132,1698 1062,1698"/>
                    <TextEquiv>
                        <Unicode>plus</Unicode>
                    </TextEquiv>
                    <TextStyle fontFamily="Times New Roman" fontSize="10.0"/>
                </Word>
                <Word id="w_w2aab1b3b2c33b1b2c43" language="English" custom="readingOrder {index:10;}">
                    <Coords points="1158,1662 1275,1662 1275,1698 1158,1698"/>
                    <TextEquiv>
                        <Unicode>grands</Unicode>
                    </TextEquiv>
                    <TextStyle fontFamily="Times New Roman" fontSize="10.0"/>
                </Word>
                <TextEquiv>
                    <Unicode>18 Benoit XIV (Prosper Lambertini), pape, un des plus grands</Unicode>
                </TextEquiv>
            </TextLine>
            <TextLine id="tl_45" primaryLanguage="English" custom="readingOrder {index:1;}">
                <Coords points="176,1697 1271,1697 1271,1734 176,1734"/>
                <Baseline points="176,1734 315,1725 386,1725 485,1726 659,1724 813,1724 859,1717 937,1725 1009,1724 1096,1725 1139,1725 1271,1725"/>
                <Word id="w_w2aab1b3b2c33b3ab1" language="English" custom="readingOrder {index:0;}">
                    <Coords points="176,1697 315,1697 315,1734 176,1734"/>
                    <TextEquiv>
                        <Unicode>pontifes</Unicode>
                    </TextEquiv>
                    <TextStyle fontFamily="Times New Roman" fontSize="10.0"/>
                </Word>
                <Word id="w_w2aab1b3b2c33b3ac19" language="English" custom="readingOrder {index:1;}">
                    <Coords points="332,1697 386,1697 386,1734 332,1734"/>
                    <TextEquiv>
                        <Unicode>qui</Unicode>
                    </TextEquiv>
                    <TextStyle fontFamily="Times New Roman" fontSize="10.0"/>
                </Word>
                <Word id="w_w2aab1b3b2c33b3ac27" language="English" custom="readingOrder {index:2;}">
                    <Coords points="398,1697 485,1697 485,1726 398,1726"/>
                    <TextEquiv>
                        <Unicode>aient</Unicode>
                    </TextEquiv>
                    <TextStyle fontFamily="Times New Roman" fontSize="10.0"/>
                </Word>
                <Word id="w_w2aab1b3b2c33b3ac39" language="English" custom="readingOrder {index:3;}">
                    <Coords points="497,1697 659,1697 659,1733 497,1733"/>
                    <TextEquiv>
                        <Unicode>gouverné</Unicode>
                    </TextEquiv>
                    <TextStyle fontFamily="Times New Roman" fontSize="10.0"/>
                </Word>
                <Word id="w_w2aab1b3b2c33b3ac57" language="English" custom="readingOrder {index:4;}">
                    <Coords points="670,1697 813,1697 813,1732 670,1732"/>
                    <TextEquiv>
                        <Unicode>l’Eglise.</Unicode>
                    </TextEquiv>
                    <TextStyle fontFamily="Times New Roman" fontSize="10.0"/>
                </Word>
                <Word id="w_w2aab1b3b2c33b3ac77" language="English" custom="readingOrder {index:5;}">
                    <Coords points="828,1713 859,1713 859,1717 828,1717"/>
                    <TextEquiv>
                        <Unicode>—</Unicode>
                    </TextEquiv>
                    <TextStyle fontFamily="Times New Roman" fontSize="10.0"/>
                </Word>
                <Word id="w_w2aab1b3b2c33b3ac81" language="English" custom="readingOrder {index:6;}">
                    <Coords points="869,1697 937,1697 937,1725 869,1725"/>
                    <TextEquiv>
                        <Unicode>Let.</Unicode>
                    </TextEquiv>
                    <TextStyle fontFamily="Times New Roman" fontSize="10.0"/>
                </Word>
                <Word id="w_w2aab1b3b2c33b3ac91" language="English" custom="readingOrder {index:7;}">
                    <Coords points="949,1697 1009,1697 1009,1733 949,1733"/>
                    <TextEquiv>
                        <Unicode>sig.</Unicode>
                    </TextEquiv>
                    <TextStyle fontFamily="Times New Roman" fontSize="10.0"/>
                </Word>
                <Word id="w_w2aab1b3b2c33b3ad101" language="English" custom="readingOrder {index:8;}">
                    <Coords points="1022,1706 1096,1706 1096,1725 1022,1725"/>
                    <TextEquiv>
                        <Unicode>avec</Unicode>
                    </TextEquiv>
                    <TextStyle fontFamily="Times New Roman" fontSize="10.0"/>
                </Word>
                <Word id="w_w2aab1b3b2c33b3ad111" language="English" custom="readingOrder {index:9;}">
                    <Coords points="1109,1698 1139,1698 1139,1725 1109,1725"/>
                    <TextEquiv>
                        <Unicode>la</Unicode>
                    </TextEquiv>
                    <TextStyle fontFamily="Times New Roman" fontSize="10.0"/>
                </Word>
                <Word id="w_w2aab1b3b2c33b3ad117" language="English" custom="readingOrder {index:10;}">
                    <Coords points="1149,1706 1271,1706 1271,1726 1149,1726"/>
                    <TextEquiv>
                        <Unicode>souscr.</Unicode>
                    </TextEquiv>
                    <TextStyle fontFamily="Times New Roman" fontSize="10.0"/>
                </Word>
                <TextEquiv>
                    <Unicode>pontifes qui aient gouverné l’Eglise. — Let. sig. avec la souscr.</Unicode>
                </TextEquiv>
                <TextStyle fontFamily="Times New Roman" fontSize="10.0"/>
            </TextLine>
            <TextLine id="tl_46" primaryLanguage="English" custom="readingOrder {index:2;}">
                <Coords points="176,1732 1271,1732 1271,1770 176,1770"/>
                <Baseline points="176,1761 255,1767 325,1761 497,1761 693,1760 896,1768 1065,1767 1165,1768 1206,1760 1271,1761"/>
                <Word id="w_w2aab1b3b2c33b5ab1" language="English" custom="readingOrder {index:0;}">
                    <Coords points="176,1735 255,1735 255,1767 176,1767"/>
                    <TextEquiv>
                        <Unicode>aut.,</Unicode>
                    </TextEquiv>
                    <TextStyle fontFamily="Times New Roman" fontSize="10.0"/>
                </Word>
                <Word id="w_w2aab1b3b2c33b5ac13" language="English" custom="readingOrder {index:1;}">
                    <Coords points="286,1741 325,1741 325,1761 286,1761"/>
                    <TextEquiv>
                        <Unicode>au</Unicode>
                    </TextEquiv>
                    <TextStyle fontFamily="Times New Roman" fontSize="10.0"/>
                </Word>
                <Word id="w_w2aab1b3b2c33b5ac19" language="English" custom="readingOrder {index:2;}">
                    <Coords points="356,1733 497,1733 497,1769 356,1769"/>
                    <TextEquiv>
                        <Unicode>marquis</Unicode>
                    </TextEquiv>
                    <TextStyle fontFamily="Times New Roman" fontSize="10.0"/>
                </Word>
                <Word id="w_w2aab1b3b2c33b5ac35" language="English" custom="readingOrder {index:3;}">
                    <Coords points="526,1732 693,1732 693,1769 526,1769"/>
                    <TextEquiv>
                        <Unicode>Albergati</Unicode>
                    </TextEquiv>
                    <TextStyle fontFamily="Times New Roman" fontSize="10.0"/>
                </Word>
                <Word id="w_w2aab1b3b2c33b5ac55" language="English" custom="readingOrder {index:4;}">
                    <Coords points="722,1732 896,1732 896,1769 722,1769"/>
                    <TextEquiv>
                        <Unicode>Capacelli;</Unicode>
                    </TextEquiv>
                    <TextStyle fontFamily="Times New Roman" fontSize="10.0"/>
                </Word>
                <Word id="w_w2aab1b3b2c33b5ac77" language="English" custom="readingOrder {index:5;}">
                    <Coords points="927,1733 1065,1733 1065,1767 927,1767"/>
                    <TextEquiv>
                        <Unicode>Ancône,</Unicode>
                    </TextEquiv>
                    <TextStyle fontFamily="Times New Roman" fontSize="10.0"/>
                </Word>
                <Word id="w_w2aab1b3b2c33b5ac93" language="English" custom="readingOrder {index:6;}">
                    <Coords points="1087,1733 1165,1733 1165,1768 1087,1768"/>
                    <TextEquiv>
                        <Unicode>1729,</Unicode>
                    </TextEquiv>
                    <TextStyle fontFamily="Times New Roman" fontSize="10.0"/>
                </Word>
                <Word id="w_w2aab1b3b2c33b5ad105" language="English" custom="readingOrder {index:7;}">
                    <Coords points="1195,1735 1206,1735 1206,1760 1195,1760"/>
                    <TextEquiv>
                        <Unicode>1</Unicode>
                    </TextEquiv>
                    <TextStyle fontFamily="Times New Roman" fontSize="10.0"/>
                </Word>
                <Word id="w_w2aab1b3b2c33b5ad109" language="English" custom="readingOrder {index:8;}">
                    <Coords points="1242,1742 1271,1742 1271,1770 1242,1770"/>
                    <TextEquiv>
                        <Unicode>p.</Unicode>
                    </TextEquiv>
                    <TextStyle fontFamily="Times New Roman" fontSize="10.0"/>
                </Word>
                <TextEquiv>
                    <Unicode>aut., au marquis Albergati Capacelli; Ancône, 1729, 1 p.</Unicode>
                </TextEquiv>
                <TextStyle fontFamily="Times New Roman" fontSize="10.0"/>
            </TextLine>
            <TextLine id="tl_47" primaryLanguage="English" custom="readingOrder {index:3;}">
                <Coords points="177,1769 1274,1769 1274,1797 177,1797"/>
                <Baseline points="177,1797 256,1796 1222,1796 1274,1794"/>
                <Word id="w_w2aab1b3b2c33b7ab1" language="English" custom="readingOrder {index:0;}">
                    <Coords points="177,1770 256,1770 256,1797 177,1797"/>
                    <TextEquiv>
                        <Unicode>in-4.</Unicode>
                    </TextEquiv>
                    <TextStyle fontFamily="Times New Roman" fontSize="10.0"/>
                </Word>
                <Word id="w_w2aab1b3b2c33b7ac13" language="English" custom="readingOrder {index:1;}">
                    <Coords points="1206,1769 1222,1769 1222,1796 1206,1796"/>
                    <TextEquiv>
                        <Unicode>5</Unicode>
                    </TextEquiv>
                    <TextStyle fontFamily="Times New Roman" fontSize="10.0"/>
                </Word>
                <Word id="w_w2aab1b3b2c33b7ac17" language="English" custom="readingOrder {index:2;}">
                    <Coords points="1260,1780 1274,1780 1274,1794 1260,1794"/>
                    <TextEquiv>
                        <Unicode>»</Unicode>
                    </TextEquiv>
                    <TextStyle fontFamily="Times New Roman" fontSize="10.0"/>
                </Word>
                <TextEquiv>
                    <Unicode>in-4. 5 »</Unicode>
                </TextEquiv>
                <TextStyle fontFamily="Times New Roman" fontSize="10.0"/>
            </TextLine>
            <TextEquiv>
                <Unicode>18 Benoit XIV (Prosper Lambertini), pape, un des plus grands
pontifes qui aient gouverné l’Eglise. — Let. sig. avec la souscr.
aut., au marquis Albergati Capacelli; Ancône, 1729, 1 p.
in-4. 5 »</Unicode>
            </TextEquiv>
        </TextRegion>
        <TextRegion type="paragraph" id="r_2_18" custom="readingOrder {index:18;}">
            <Coords points="123,1802 1276,1802 1276,1878 123,1878"/>
            <TextLine id="tl_48" primaryLanguage="English" custom="readingOrder {index:0;}">
                <Coords points="124,1803 1275,1803 1275,1840 124,1840"/>
                <Baseline points="124,1833 157,1833 362,1832 508,1837 554,1831 694,1831 933,1832 1021,1832 1066,1832 1108,1832 1142,1832 1198,1832 1275,1825"/>
                <Word id="w_w2aab1b3b2c35b1ab1" language="English" custom="readingOrder {index:0;}">
                    <Coords points="124,1806 157,1806 157,1833 124,1833"/>
                    <TextEquiv>
                        <Unicode>19</Unicode>
                    </TextEquiv>
                    <TextStyle fontFamily="Times New Roman" fontSize="10.0"/>
                </Word>
                <Word id="w_w2aab1b3b2c35b1ab7" language="English" custom="readingOrder {index:1;}">
                    <Coords points="177,1806 362,1806 362,1840 177,1840"/>
                    <TextEquiv>
                        <Unicode>Béranger</Unicode>
                    </TextEquiv>
                    <TextStyle fontFamily="Times New Roman" fontSize="10.0"/>
                </Word>
                <Word id="w_w2aab1b3b2c35b1ac25" language="English" custom="readingOrder {index:2;}">
                    <Coords points="379,1803 508,1803 508,1840 379,1840"/>
                    <TextEquiv>
                        <Unicode>(P.-J.),</Unicode>
                    </TextEquiv>
                    <TextStyle fontFamily="Times New Roman" fontSize="10.0"/>
                </Word>
                <Word id="w_w2aab1b3b2c35b1ac43" language="English" custom="readingOrder {index:3;}">
                    <Coords points="525,1804 554,1804 554,1831 525,1831"/>
                    <TextEquiv>
                        <Unicode>le</Unicode>
                    </TextEquiv>
                    <TextStyle fontFamily="Times New Roman" fontSize="10.0"/>
                </Word>
                <Word id="w_w2aab1b3b2c35b1ac49" language="English" custom="readingOrder {index:4;}">
                    <Coords points="570,1803 694,1803 694,1832 570,1832"/>
                    <TextEquiv>
                        <Unicode>célèbre</Unicode>
                    </TextEquiv>
                    <TextStyle fontFamily="Times New Roman" fontSize="10.0"/>
                </Word>
                <Word id="w_w2aab1b3b2c35b1ac65" language="English" custom="readingOrder {index:5;}">
                    <Coords points="711,1803 933,1803 933,1832 711,1832"/>
                    <TextEquiv>
                        <Unicode>chansonnier.</Unicode>
                    </TextEquiv>
                    <TextStyle fontFamily="Times New Roman" fontSize="10.0"/>
                </Word>
                <Word id="w_w2aab1b3b2c35b1ac91" language="English" custom="readingOrder {index:6;}">
                    <Coords points="987,1803 1021,1803 1021,1831 987,1831"/>
                    <TextEquiv>
                        <Unicode>—L.</Unicode>
                    </TextEquiv>
                    <TextStyle fontFamily="Times New Roman" fontSize="10.0"/>
                </Word>
                <Word id="w_w2aab1b3b2c35b1ac99" language="English" custom="readingOrder {index:7;}">
                    <Coords points="1039,1813 1066,1813 1066,1832 1039,1832"/>
                    <TextEquiv>
                        <Unicode>a.</Unicode>
                    </TextEquiv>
                    <TextStyle fontFamily="Times New Roman" fontSize="10.0"/>
                </Word>
                <Word id="w_w2aab1b3b2c35b1ad105" language="English" custom="readingOrder {index:8;}">
                    <Coords points="1083,1813 1108,1813 1108,1833 1083,1833"/>
                    <TextEquiv>
                        <Unicode>s.</Unicode>
                    </TextEquiv>
                    <TextStyle fontFamily="Times New Roman" fontSize="10.0"/>
                </Word>
                <Word id="w_w2aab1b3b2c35b1ad111" language="English" custom="readingOrder {index:9;}">
                    <Coords points="1125,1804 1142,1804 1142,1832 1125,1832"/>
                    <TextEquiv>
                        <Unicode>à</Unicode>
                    </TextEquiv>
                    <TextStyle fontFamily="Times New Roman" fontSize="10.0"/>
                </Word>
                <Word id="w_w2aab1b3b2c35b1ad115" language="English" custom="readingOrder {index:10;}">
                    <Coords points="1156,1804 1198,1804 1198,1832 1156,1832"/>
                    <TextEquiv>
                        <Unicode>M.</Unicode>
                    </TextEquiv>
                    <TextStyle fontFamily="Times New Roman" fontSize="10.0"/>
                </Word>
                <Word id="w_w2aab1b3b2c35b1ad121" language="English" custom="readingOrder {index:11;}">
                    <Coords points="1210,1804 1275,1804 1275,1833 1210,1833"/>
                    <TextEquiv>
                        <Unicode>Du-</Unicode>
                    </TextEquiv>
                    <TextStyle fontFamily="Times New Roman" fontSize="10.0"/>
                </Word>
                <Word id="word_1537982116985_75" custom="readingOrder {index:12;}">
                    <Coords points="940,1818 977,1818 977,1826 940,1826"/>
                    <TextEquiv>
                        <Unicode></Unicode>
                    </TextEquiv>
                </Word>
                <TextEquiv>
                    <Unicode>19 Béranger (P.-J.), le célèbre chansonnier. — L. a. s. à M. Du¬</Unicode>
                </TextEquiv>
                <TextStyle fontFamily="Times New Roman" fontSize="10.0"/>
            </TextLine>
            <TextLine id="tl_49" primaryLanguage="English" custom="readingOrder {index:1;}">
                <Coords points="177,1839 1275,1839 1275,1877 177,1877"/>
                <Baseline points="177,1877 268,1873 367,1875 395,1866 446,1867 546,1867 1223,1867 1275,1866"/>
                <Word id="w_w2aab1b3b2c35b3ab1" language="English" custom="readingOrder {index:0;}">
                    <Coords points="177,1842 268,1842 268,1877 177,1877"/>
                    <TextEquiv>
                        <Unicode>guet,</Unicode>
                    </TextEquiv>
                    <TextStyle fontFamily="Times New Roman" fontSize="10.0"/>
                </Word>
                <Word id="w_w2aab1b3b2c35b3ac13" language="English" custom="readingOrder {index:1;}">
                    <Coords points="286,1840 367,1840 367,1875 286,1875"/>
                    <TextEquiv>
                        <Unicode>1832,</Unicode>
                    </TextEquiv>
                    <TextStyle fontFamily="Times New Roman" fontSize="10.0"/>
                </Word>
                <Word id="w_w2aab1b3b2c35b3ac25" language="English" custom="readingOrder {index:2;}">
                    <Coords points="384,1841 395,1841 395,1866 384,1866"/>
                    <TextEquiv>
                        <Unicode>1</Unicode>
                    </TextEquiv>
                    <TextStyle fontFamily="Times New Roman" fontSize="10.0"/>
                </Word>
                <Word id="w_w2aab1b3b2c35b3ac29" language="English" custom="readingOrder {index:3;}">
                    <Coords points="414,1848 446,1848 446,1876 414,1876"/>
                    <TextEquiv>
                        <Unicode>p.</Unicode>
                    </TextEquiv>
                    <TextStyle fontFamily="Times New Roman" fontSize="10.0"/>
                </Word>
                <Word id="w_w2aab1b3b2c35b3ac35" language="English" custom="readingOrder {index:4;}">
                    <Coords points="466,1839 546,1839 546,1867 466,1867"/>
                    <TextEquiv>
                        <Unicode>in-8.</Unicode>
                    </TextEquiv>
                    <TextStyle fontFamily="Times New Roman" fontSize="10.0"/>
                </Word>
                <Word id="w_w2aab1b3b2c35b3ac47" language="English" custom="readingOrder {index:5;}">
                    <Coords points="1207,1840 1223,1840 1223,1867 1207,1867"/>
                    <TextEquiv>
                        <Unicode>5</Unicode>
                    </TextEquiv>
                    <TextStyle fontFamily="Times New Roman" fontSize="10.0"/>
                </Word>
                <Word id="w_w2aab1b3b2c35b3ac51" language="English" custom="readingOrder {index:6;}">
                    <Coords points="1262,1851 1275,1851 1275,1866 1262,1866"/>
                    <TextEquiv>
                        <Unicode>»</Unicode>
                    </TextEquiv>
                    <TextStyle fontFamily="Times New Roman" fontSize="10.0"/>
                </Word>
                <TextEquiv>
                    <Unicode>guet, 1832, 1 p. in-8. 5 »</Unicode>
                </TextEquiv>
                <TextStyle fontFamily="Times New Roman" fontSize="10.0"/>
            </TextLine>
            <TextEquiv>
                <Unicode>19 Béranger (P.-J.), le célèbre chansonnier. — L. a. s. à M. Du¬
guet, 1832, 1 p. in-8. 5 »</Unicode>
            </TextEquiv>
        </TextRegion>
        <TextRegion type="paragraph" id="r_2_19" custom="readingOrder {index:19;}">
            <Coords points="180,1874 1279,1874 1279,1970 180,1970"/>
            <TextLine id="tl_50" primaryLanguage="English" custom="readingOrder {index:0;}">
                <Coords points="215,1875 1278,1875 1278,1913 215,1913"/>
                <Baseline points="215,1900 237,1901 397,1900 475,1899 572,1899 661,1899 792,1899 821,1899 885,1899 1087,1900 1278,1893"/>
                <Word id="w_w2aab1b3b2c37b1ab1" language="English" custom="readingOrder {index:0;}">
                    <Coords points="215,1876 237,1876 237,1901 215,1901"/>
                    <TextEquiv>
                        <Unicode>Il</Unicode>
                    </TextEquiv>
                    <TextStyle fontFamily="Times New Roman" fontSize="8.5"/>
                </Word>
                <Word id="w_w2aab1b3b2c37b1ab7" language="English" custom="readingOrder {index:1;}">
                    <Coords points="262,1876 397,1876 397,1901 262,1901"/>
                    <TextEquiv>
                        <Unicode>demande</Unicode>
                    </TextEquiv>
                    <TextStyle fontFamily="Times New Roman" fontSize="8.5"/>
                </Word>
                <Word id="w_w2aab1b3b2c37b1ac23" language="English" custom="readingOrder {index:2;}">
                    <Coords points="420,1882 475,1882 475,1900 420,1900"/>
                    <TextEquiv>
                        <Unicode>une</Unicode>
                    </TextEquiv>
                    <TextStyle fontFamily="Times New Roman" fontSize="8.5"/>
                </Word>
                <Word id="w_w2aab1b3b2c37b1ac31" language="English" custom="readingOrder {index:3;}">
                    <Coords points="495,1875 572,1875 572,1913 495,1913"/>
                    <TextEquiv>
                        <Unicode>place</Unicode>
                    </TextEquiv>
                    <TextStyle fontFamily="Times New Roman" fontSize="8.5"/>
                </Word>
                <Word id="w_w2aab1b3b2c37b1ac43" language="English" custom="readingOrder {index:4;}">
                    <Coords points="592,1882 661,1882 661,1906 592,1906"/>
                    <TextEquiv>
                        <Unicode>pour</Unicode>
                    </TextEquiv>
                    <TextStyle fontFamily="Times New Roman" fontSize="8.5"/>
                </Word>
                <Word id="w_w2aab1b3b2c37b1ac53" language="English" custom="readingOrder {index:5;}">
                    <Coords points="677,1875 792,1875 792,1899 677,1899"/>
                    <TextEquiv>
                        <Unicode>assister</Unicode>
                    </TextEquiv>
                    <TextStyle fontFamily="Times New Roman" fontSize="8.5"/>
                </Word>
                <Word id="w_w2aab1b3b2c37b1ac71" language="English" custom="readingOrder {index:6;}">
                    <Coords points="805,1875 821,1875 821,1899 805,1899"/>
                    <TextEquiv>
                        <Unicode>à</Unicode>
                    </TextEquiv>
                    <TextStyle fontFamily="Times New Roman" fontSize="8.5"/>
                </Word>
                <Word id="w_w2aab1b3b2c37b1ac75" language="English" custom="readingOrder {index:7;}">
                    <Coords points="837,1875 885,1875 885,1899 837,1899"/>
                    <TextEquiv>
                        <Unicode>des</Unicode>
                    </TextEquiv>
                    <TextStyle fontFamily="Times New Roman" fontSize="8.5"/>
                </Word>
                <Word id="w_w2aab1b3b2c37b1ac83" language="English" custom="readingOrder {index:8;}">
                    <Coords points="902,1875 1087,1875 1087,1906 902,1906"/>
                    <TextEquiv>
                        <Unicode>prédications</Unicode>
                    </TextEquiv>
                    <TextStyle fontFamily="Times New Roman" fontSize="8.5"/>
                </Word>
                <Word id="w_w2aab1b3b2c37b1ad109" language="English" custom="readingOrder {index:9;}">
                    <Coords points="1108,1876 1278,1876 1278,1901 1108,1901"/>
                    <TextEquiv>
                        <Unicode>saint-simo-</Unicode>
                    </TextEquiv>
                    <TextStyle fontFamily="Times New Roman" fontSize="8.5"/>
                </Word>
                <TextEquiv>
                    <Unicode>Il demande une place pour assister à des prédications saint-simo¬</Unicode>
                </TextEquiv>
                <TextStyle fontFamily="Times New Roman" fontSize="8.5"/>
            </TextLine>
            <TextLine id="tl_51" primaryLanguage="English" custom="readingOrder {index:1;}">
                <Coords points="181,1906 1278,1906 1278,1939 181,1939"/>
                <Baseline points="181,1933 307,1931 350,1931 464,1931 495,1931 559,1930 707,1930 754,1930 792,1930 842,1930 1006,1934 1041,1931 1094,1931 1110,1931 1137,1930 1175,1931 1278,1932"/>
                <Word id="w_w2aab1b3b2c37b3ab1" language="English" custom="readingOrder {index:0;}">
                    <Coords points="181,1908 307,1908 307,1933 181,1933"/>
                    <TextEquiv>
                        <Unicode>niennes.</Unicode>
                    </TextEquiv>
                    <TextStyle fontFamily="Times New Roman" fontSize="8.5"/>
                </Word>
                <Word id="w_w2aab1b3b2c37b3ac19" language="English" custom="readingOrder {index:1;}">
                    <Coords points="326,1908 350,1908 350,1931 326,1931"/>
                    <TextEquiv>
                        <Unicode>A</Unicode>
                    </TextEquiv>
                    <TextStyle fontFamily="Times New Roman" fontSize="8.5"/>
                </Word>
                <Word id="w_w2aab1b3b2c37b3ac23" language="English" custom="readingOrder {index:2;}">
                    <Coords points="362,1913 464,1913 464,1939 362,1939"/>
                    <TextEquiv>
                        <Unicode>propos</Unicode>
                    </TextEquiv>
                    <TextStyle fontFamily="Times New Roman" fontSize="8.5"/>
                </Word>
                <Word id="w_w2aab1b3b2c37b3ac37" language="English" custom="readingOrder {index:3;}">
                    <Coords points="479,1907 495,1907 495,1931 479,1931"/>
                    <TextEquiv>
                        <Unicode>d</Unicode>
                    </TextEquiv>
                    <TextStyle fontFamily="Times New Roman" fontSize="8.5"/>
                </Word>
                <Word id="w_w2aab1b3b2c37b3ac41" language="English" custom="readingOrder {index:4;}">
                    <Coords points="506,1913 559,1913 559,1930 506,1930"/>
                    <TextEquiv>
                        <Unicode>une</Unicode>
                    </TextEquiv>
                    <TextStyle fontFamily="Times New Roman" fontSize="8.5"/>
                </Word>
                <Word id="w_w2aab1b3b2c37b3ac49" language="English" custom="readingOrder {index:5;}">
                    <Coords points="573,1906 707,1906 707,1931 573,1931"/>
                    <TextEquiv>
                        <Unicode>brochure</Unicode>
                    </TextEquiv>
                    <TextStyle fontFamily="Times New Roman" fontSize="8.5"/>
                </Word>
                <Word id="w_w2aab1b3b2c37b3ac67" language="English" custom="readingOrder {index:6;}">
                    <Coords points="720,1907 754,1907 754,1931 720,1931"/>
                    <TextEquiv>
                        <Unicode>de</Unicode>
                    </TextEquiv>
                    <TextStyle fontFamily="Times New Roman" fontSize="8.5"/>
                </Word>
                <Word id="w_w2aab1b3b2c37b3ac73" language="English" custom="readingOrder {index:7;}">
                    <Coords points="767,1907 792,1907 792,1931 767,1931"/>
                    <TextEquiv>
                        <Unicode>J.</Unicode>
                    </TextEquiv>
                    <TextStyle fontFamily="Times New Roman" fontSize="8.5"/>
                </Word>
                <Word id="w_w2aab1b3b2c37b3ac79" language="English" custom="readingOrder {index:8;}">
                    <Coords points="804,1906 842,1906 842,1930 804,1930"/>
                    <TextEquiv>
                        <Unicode>Le</Unicode>
                    </TextEquiv>
                    <TextStyle fontFamily="Times New Roman" fontSize="8.5"/>
                </Word>
                <Word id="w_w2aab1b3b2c37b3ac85" language="English" custom="readingOrder {index:9;}">
                    <Coords points="857,1907 1006,1907 1006,1934 857,1934"/>
                    <TextEquiv>
                        <Unicode>Chevalier,</Unicode>
                    </TextEquiv>
                    <TextStyle fontFamily="Times New Roman" fontSize="8.5"/>
                </Word>
                <Word id="w_w2aab1b3b2c37b3ad107" language="English" custom="readingOrder {index:10;}">
                    <Coords points="1022,1907 1041,1907 1041,1931 1022,1931"/>
                    <TextEquiv>
                        <Unicode>il</Unicode>
                    </TextEquiv>
                    <TextStyle fontFamily="Times New Roman" fontSize="8.5"/>
                </Word>
                <Word id="w_w2aab1b3b2c37b3ad113" language="English" custom="readingOrder {index:11;}">
                    <Coords points="1055,1907 1094,1907 1094,1931 1055,1931"/>
                    <TextEquiv>
                        <Unicode>dit</Unicode>
                    </TextEquiv>
                    <TextStyle fontFamily="Times New Roman" fontSize="8.5"/>
                </Word>
                <Word id="w_w2aab1b3b2c37b3ad121" language="English" custom="readingOrder {index:12;}">
                    <Coords points="1104,1914 1110,1914 1110,1931 1104,1931"/>
                    <TextEquiv>
                        <Unicode>:</Unicode>
                    </TextEquiv>
                    <TextStyle fontFamily="Times New Roman" fontSize="8.5"/>
                </Word>
                <Word id="w_w2aab1b3b2c37b3ad125" language="English" custom="readingOrder {index:13;}">
                    <Coords points="1126,1915 1137,1915 1137,1930 1126,1930"/>
                    <TextEquiv>
                        <Unicode>«</Unicode>
                    </TextEquiv>
                    <TextStyle fontFamily="Times New Roman" fontSize="8.5"/>
                </Word>
                <Word id="w_w2aab1b3b2c37b3ad129" language="English" custom="readingOrder {index:14;}">
                    <Coords points="1148,1907 1175,1907 1175,1932 1148,1932"/>
                    <TextEquiv>
                        <Unicode>Si</Unicode>
                    </TextEquiv>
                    <TextStyle fontFamily="Times New Roman" fontSize="8.5"/>
                </Word>
                <Word id="w_w2aab1b3b2c37b3ad135" language="English" custom="readingOrder {index:15;}">
                    <Coords points="1190,1906 1278,1906 1278,1938 1190,1938"/>
                    <TextEquiv>
                        <Unicode>j’étais</Unicode>
                    </TextEquiv>
                    <TextStyle fontFamily="Times New Roman" fontSize="8.5"/>
                </Word>
                <TextEquiv>
                    <Unicode>niennes. A propos d une brochure de J. Le Chevalier, il dit : « Si j’étais</Unicode>
                </TextEquiv>
                <TextStyle fontFamily="Times New Roman" fontSize="8.5"/>
            </TextLine>
            <TextLine id="tl_52" primaryLanguage="English" custom="readingOrder {index:2;}">
                <Coords points="181,1937 1133,1937 1133,1969 181,1969"/>
                <Baseline points="181,1965 413,1966 483,1963 662,1961 718,1962 768,1961 850,1962 929,1963 1005,1962 1103,1963 1133,1962"/>
                <Word id="w_w2aab1b3b2c37b5ab1" language="English" custom="readingOrder {index:0;}">
                    <Coords points="181,1939 413,1939 413,1966 181,1966"/>
                    <TextEquiv>
                        <Unicode>saint-simonien,</Unicode>
                    </TextEquiv>
                    <TextStyle fontFamily="Times New Roman" fontSize="8.5"/>
                </Word>
                <Word id="w_w2aab1b3b2c37b5ac33" language="English" custom="readingOrder {index:1;}">
                    <Coords points="431,1938 483,1938 483,1963 431,1963"/>
                    <TextEquiv>
                        <Unicode>elle</Unicode>
                    </TextEquiv>
                    <TextStyle fontFamily="Times New Roman" fontSize="8.5"/>
                </Word>
                <Word id="w_w2aab1b3b2c37b5ac43" language="English" custom="readingOrder {index:2;}">
                    <Coords points="496,1937 662,1937 662,1962 496,1962"/>
                    <TextEquiv>
                        <Unicode>ébranlerait</Unicode>
                    </TextEquiv>
                    <TextStyle fontFamily="Times New Roman" fontSize="8.5"/>
                </Word>
                <Word id="w_w2aab1b3b2c37b5ac67" language="English" custom="readingOrder {index:3;}">
                    <Coords points="674,1945 718,1945 718,1962 674,1962"/>
                    <TextEquiv>
                        <Unicode>ma</Unicode>
                    </TextEquiv>
                    <TextStyle fontFamily="Times New Roman" fontSize="8.5"/>
                </Word>
                <Word id="w_w2aab1b3b2c37b5ac73" language="English" custom="readingOrder {index:4;}">
                    <Coords points="730,1937 768,1937 768,1962 730,1962"/>
                    <TextEquiv>
                        <Unicode>foi</Unicode>
                    </TextEquiv>
                    <TextStyle fontFamily="Times New Roman" fontSize="8.5"/>
                </Word>
                <Word id="w_w2aab1b3b2c37b5ac81" language="English" custom="readingOrder {index:5;}">
                    <Coords points="781,1938 850,1938 850,1962 781,1962"/>
                    <TextEquiv>
                        <Unicode>dans</Unicode>
                    </TextEquiv>
                    <TextStyle fontFamily="Times New Roman" fontSize="8.5"/>
                </Word>
                <Word id="w_w2aab1b3b2c37b5ac91" language="English" custom="readingOrder {index:6;}">
                    <Coords points="867,1938 929,1938 929,1969 867,1969"/>
                    <TextEquiv>
                        <Unicode>plus</Unicode>
                    </TextEquiv>
                    <TextStyle fontFamily="Times New Roman" fontSize="8.5"/>
                </Word>
                <Word id="w_w2aab1b3b2c37b5ad101" language="English" custom="readingOrder {index:7;}">
                    <Coords points="941,1938 1005,1938 1005,1963 941,1963"/>
                    <TextEquiv>
                        <Unicode>d’un</Unicode>
                    </TextEquiv>
                    <TextStyle fontFamily="Times New Roman" fontSize="8.5"/>
                </Word>
                <Word id="w_w2aab1b3b2c37b5ad111" language="English" custom="readingOrder {index:8;}">
                    <Coords points="1019,1939 1103,1939 1103,1969 1019,1969"/>
                    <TextEquiv>
                        <Unicode>point.</Unicode>
                    </TextEquiv>
                    <TextStyle fontFamily="Times New Roman" fontSize="8.5"/>
                </Word>
                <Word id="w_w2aab1b3b2c37b5ad125" language="English" custom="readingOrder {index:9;}">
                    <Coords points="1122,1947 1133,1947 1133,1962 1122,1962"/>
                    <TextEquiv>
                        <Unicode>»</Unicode>
                    </TextEquiv>
                    <TextStyle fontFamily="Times New Roman" fontSize="8.5"/>
                </Word>
                <TextEquiv>
                    <Unicode>saint-simonien, elle ébranlerait ma foi dans plus d’un point. »</Unicode>
                </TextEquiv>
                <TextStyle fontFamily="Times New Roman" fontSize="8.5"/>
            </TextLine>
            <TextEquiv>
                <Unicode>Il demande une place pour assister à des prédications saint-simo¬
niennes. A propos d une brochure de J. Le Chevalier, il dit : « Si j’étais
saint-simonien, elle ébranlerait ma foi dans plus d’un point. »</Unicode>
            </TextEquiv>
        </TextRegion>
        <TextRegion type="paragraph" id="r_2_20" custom="readingOrder {index:20;}">
            <Coords points="123,1972 1278,1972 1278,2077 123,2077"/>
            <TextLine id="tl_53" primaryLanguage="English" custom="readingOrder {index:0;}">
                <Coords points="124,1973 1277,1973 1277,2010 124,2010"/>
                <Baseline points="124,2004 158,2004 364,2002 479,2009 618,2001 746,2008 887,2001 928,2002 1000,2001 1189,2001 1277,2001"/>
                <Word id="w_w2aab1b3b2c39b1ab1" language="English" custom="readingOrder {index:0;}">
                    <Coords points="124,1976 158,1976 158,2004 124,2004"/>
                    <TextEquiv>
                        <Unicode>20</Unicode>
                    </TextEquiv>
                    <TextStyle fontFamily="Times New Roman" fontSize="10.0"/>
                </Word>
                <Word id="w_w2aab1b3b2c39b1ab7" language="English" custom="readingOrder {index:1;}">
                    <Coords points="178,1976 364,1976 364,2004 178,2004"/>
                    <TextEquiv>
                        <Unicode>Berchoux</Unicode>
                    </TextEquiv>
                    <TextStyle fontFamily="Times New Roman" fontSize="10.0"/>
                </Word>
                <Word id="w_w2aab1b3b2c39b1ac25" language="English" custom="readingOrder {index:2;}">
                    <Coords points="378,1974 479,1974 479,2010 378,2010"/>
                    <TextEquiv>
                        <Unicode>(Jos.),</Unicode>
                    </TextEquiv>
                    <TextStyle fontFamily="Times New Roman" fontSize="10.0"/>
                </Word>
                <Word id="w_w2aab1b3b2c39b1ac41" language="English" custom="readingOrder {index:3;}">
                    <Coords points="495,1973 618,1973 618,2002 495,2002"/>
                    <TextEquiv>
                        <Unicode>célèbre</Unicode>
                    </TextEquiv>
                    <TextStyle fontFamily="Times New Roman" fontSize="10.0"/>
                </Word>
                <Word id="w_w2aab1b3b2c39b1ac57" language="English" custom="readingOrder {index:4;}">
                    <Coords points="643,1974 746,1974 746,2010 643,2010"/>
                    <TextEquiv>
                        <Unicode>poète,</Unicode>
                    </TextEquiv>
                    <TextStyle fontFamily="Times New Roman" fontSize="10.0"/>
                </Word>
                <Word id="w_w2aab1b3b2c39b1ac71" language="English" custom="readingOrder {index:5;}">
                    <Coords points="772,1976 887,1976 887,2001 772,2001"/>
                    <TextEquiv>
                        <Unicode>auteur</Unicode>
                    </TextEquiv>
                    <TextStyle fontFamily="Times New Roman" fontSize="10.0"/>
                </Word>
                <Word id="w_w2aab1b3b2c39b1ac85" language="English" custom="readingOrder {index:6;}">
                    <Coords points="911,1974 949,1974 949,2002 911,2002"/>
                    <TextEquiv>
                        <Unicode>de</Unicode>
                    </TextEquiv>
                    <TextStyle fontFamily="Times New Roman" fontSize="10.0"/>
                </Word>
                <Word id="w_w2aab1b3b2c39b1b1b1" language="English" custom="readingOrder {index:7;}">
                    <Coords points="973,1976 1000,1976 1000,2001 973,2001"/>
                    <TextEquiv>
                        <Unicode>la</Unicode>
                    </TextEquiv>
                    <TextStyle fontFamily="Times New Roman" fontSize="8.5" italic="true"/>
                </Word>
                <Word id="w_w2aab1b3b2c39b1b1b7" language="English" custom="readingOrder {index:8;}">
                    <Coords points="1024,1976 1214,1976 1214,2008 1024,2008"/>
                    <TextEquiv>
                        <Unicode>Gastronomie,</Unicode>
                    </TextEquiv>
                    <TextStyle fontFamily="Times New Roman" fontSize="8.5" italic="true"/>
                </Word>
                <Word id="w_w2aab1b3b2c39b1b3b1" language="English" custom="readingOrder {index:9;}">
                    <Coords points="1240,1974 1277,1974 1277,2002 1240,2002"/>
                    <TextEquiv>
                        <Unicode>né</Unicode>
                    </TextEquiv>
                    <TextStyle fontFamily="Times New Roman" fontSize="10.0"/>
                </Word>
                <TextEquiv>
                    <Unicode>20 Berchoux (Jos.), célèbre poète, auteur de la Gastronomie, né</Unicode>
                </TextEquiv>
            </TextLine>
            <TextLine id="tl_54" primaryLanguage="English" custom="readingOrder {index:1;}">
                <Coords points="177,2009 1274,2009 1274,2049 177,2049"/>
                <Baseline points="177,2049 249,2039 312,2039 435,2038 485,2030 537,2036 598,2036 653,2037 699,2037 779,2036 899,2045 1003,2045 1044,2037 1097,2038 1172,2037 1274,2037"/>
                <Word id="w_w2aab1b3b2c39b3ab1" language="English" custom="readingOrder {index:0;}">
                    <Coords points="177,2012 249,2012 249,2049 177,2049"/>
                    <TextEquiv>
                        <Unicode>près</Unicode>
                    </TextEquiv>
                    <TextStyle fontFamily="Times New Roman" fontSize="10.0"/>
                </Word>
                <Word id="w_w2aab1b3b2c39b3ac11" language="English" custom="readingOrder {index:1;}">
                    <Coords points="274,2011 312,2011 312,2039 274,2039"/>
                    <TextEquiv>
                        <Unicode>de</Unicode>
                    </TextEquiv>
                    <TextStyle fontFamily="Times New Roman" fontSize="10.0"/>
                </Word>
                <Word id="w_w2aab1b3b2c39b3ac17" language="English" custom="readingOrder {index:2;}">
                    <Coords points="336,2011 435,2011 435,2047 336,2047"/>
                    <TextEquiv>
                        <Unicode>Lyon.</Unicode>
                    </TextEquiv>
                    <TextStyle fontFamily="Times New Roman" fontSize="10.0"/>
                </Word>
                <Word id="w_w2aab1b3b2c39b3ac29" language="English" custom="readingOrder {index:3;}">
                    <Coords points="451,2026 485,2026 485,2030 451,2030"/>
                    <TextEquiv>
                        <Unicode>—</Unicode>
                    </TextEquiv>
                    <TextStyle fontFamily="Times New Roman" fontSize="10.0"/>
                </Word>
                <Word id="w_w2aab1b3b2c39b3ac33" language="English" custom="readingOrder {index:4;}">
                    <Coords points="500,2009 537,2009 537,2038 500,2038"/>
                    <TextEquiv>
                        <Unicode>L.</Unicode>
                    </TextEquiv>
                    <TextStyle fontFamily="Times New Roman" fontSize="10.0"/>
                </Word>
                <Word id="w_w2aab1b3b2c39b3ac39" language="English" custom="readingOrder {index:5;}">
                    <Coords points="568,2017 598,2017 598,2037 568,2037"/>
                    <TextEquiv>
                        <Unicode>a.</Unicode>
                    </TextEquiv>
                    <TextStyle fontFamily="Times New Roman" fontSize="10.0"/>
                </Word>
                <Word id="w_w2aab1b3b2c39b3ac45" language="English" custom="readingOrder {index:6;}">
                    <Coords points="626,2018 653,2018 653,2037 626,2037"/>
                    <TextEquiv>
                        <Unicode>s.</Unicode>
                    </TextEquiv>
                    <TextStyle fontFamily="Times New Roman" fontSize="10.0"/>
                </Word>
                <Word id="w_w2aab1b3b2c39b3ac51" language="English" custom="readingOrder {index:7;}">
                    <Coords points="682,2009 699,2009 699,2037 682,2037"/>
                    <TextEquiv>
                        <Unicode>à</Unicode>
                    </TextEquiv>
                    <TextStyle fontFamily="Times New Roman" fontSize="10.0"/>
                </Word>
                <Word id="w_w2aab1b3b2c39b3ac55" language="English" custom="readingOrder {index:8;}">
                    <Coords points="722,2017 779,2017 779,2037 722,2037"/>
                    <TextEquiv>
                        <Unicode>son</Unicode>
                    </TextEquiv>
                    <TextStyle fontFamily="Times New Roman" fontSize="10.0"/>
                </Word>
                <Word id="w_w2aab1b3b2c39b3ac63" language="English" custom="readingOrder {index:9;}">
                    <Coords points="804,2009 899,2009 899,2045 804,2045"/>
                    <TextEquiv>
                        <Unicode>frère,</Unicode>
                    </TextEquiv>
                    <TextStyle fontFamily="Times New Roman" fontSize="10.0"/>
                </Word>
                <Word id="w_w2aab1b3b2c39b3ac77" language="English" custom="readingOrder {index:10;}">
                    <Coords points="925,2010 1003,2010 1003,2045 925,2045"/>
                    <TextEquiv>
                        <Unicode>1825,</Unicode>
                    </TextEquiv>
                    <TextStyle fontFamily="Times New Roman" fontSize="10.0"/>
                </Word>
                <Word id="w_w2aab1b3b2c39b3ac89" language="English" custom="readingOrder {index:11;}">
                    <Coords points="1028,2010 1044,2010 1044,2037 1028,2037"/>
                    <TextEquiv>
                        <Unicode>2</Unicode>
                    </TextEquiv>
                    <TextStyle fontFamily="Times New Roman" fontSize="10.0"/>
                </Word>
                <Word id="w_w2aab1b3b2c39b3ac93" language="English" custom="readingOrder {index:12;}">
                    <Coords points="1069,2018 1097,2018 1097,2046 1069,2046"/>
                    <TextEquiv>
                        <Unicode>p.</Unicode>
                    </TextEquiv>
                    <TextStyle fontFamily="Times New Roman" fontSize="10.0"/>
                </Word>
                <Word id="w_w2aab1b3b2c39b3ac99" language="English" custom="readingOrder {index:13;}">
                    <Coords points="1124,2010 1172,2010 1172,2044 1124,2044"/>
                    <TextEquiv>
                        <Unicode>1/4</Unicode>
                    </TextEquiv>
                    <TextStyle fontFamily="Times New Roman" fontSize="10.0"/>
                </Word>
                <Word id="w_w2aab1b3b2c39b3ad107" language="English" custom="readingOrder {index:14;}">
                    <Coords points="1194,2010 1274,2010 1274,2037 1194,2037"/>
                    <TextEquiv>
                        <Unicode>in-4.</Unicode>
                    </TextEquiv>
                    <TextStyle fontFamily="Times New Roman" fontSize="10.0"/>
                </Word>
                <TextEquiv>
                    <Unicode>près de Lyon. — L. a. s. à son frère, 1825, 2 p. 1/4 in-4.</Unicode>
                </TextEquiv>
                <TextStyle fontFamily="Times New Roman" fontSize="10.0"/>
            </TextLine>
            <TextLine id="tl_55" primaryLanguage="English" custom="readingOrder {index:2;}">
                <Coords points="178,2045 1276,2045 1276,2076 178,2076"/>
                <Baseline points="178,2076 198,2076 1224,2072 1276,2071"/>
                <Word id="w_w2aab1b3b2c39b5ab1" language="English" custom="readingOrder {index:0;}">
                    <Coords points="178,2050 259,2050 259,2076 178,2076"/>
                    <TextEquiv>
                        <Unicode>Rare.</Unicode>
                    </TextEquiv>
                    <TextStyle fontFamily="Times New Roman" fontSize="8.5" italic="true"/>
                </Word>
                <Word id="w_w2aab1b3b2c39b5b1b3" language="English" custom="readingOrder {index:1;}">
                    <Coords points="1208,2045 1224,2045 1224,2072 1208,2072"/>
                    <TextEquiv>
                        <Unicode>8</Unicode>
                    </TextEquiv>
                    <TextStyle fontFamily="Times New Roman" fontSize="8.5"/>
                </Word>
                <Word id="w_w2aab1b3b2c39b5b1b7" language="English" custom="readingOrder {index:2;}">
                    <Coords points="1262,2055 1276,2055 1276,2071 1262,2071"/>
                    <TextEquiv>
                        <Unicode>»</Unicode>
                    </TextEquiv>
                    <TextStyle fontFamily="Times New Roman" fontSize="8.5"/>
                </Word>
                <TextEquiv>
                    <Unicode>Rare. 8 »</Unicode>
                </TextEquiv>
            </TextLine>
            <TextEquiv>
                <Unicode>20 Berchoux (Jos.), célèbre poète, auteur de la Gastronomie, né
près de Lyon. — L. a. s. à son frère, 1825, 2 p. 1/4 in-4.
Rare. 8 »</Unicode>
            </TextEquiv>
        </TextRegion>
        <TextRegion type="paragraph" id="r_2_21" custom="readingOrder {index:21;}">
            <Coords points="211,2079 647,2079 647,2114 211,2114"/>
            <TextLine id="tl_56" primaryLanguage="English" custom="readingOrder {index:0;}">
                <Coords points="212,2080 646,2080 646,2113 212,2113"/>
                <Baseline points="212,2107 399,2107 490,2107 646,2105"/>
                <Word id="w_w2aab1b3b2c41b1ab1" language="English" custom="readingOrder {index:0;}">
                    <Coords points="212,2083 399,2083 399,2108 212,2108"/>
                    <TextEquiv>
                        <Unicode>Intéressante</Unicode>
                    </TextEquiv>
                    <TextStyle fontFamily="Times New Roman" fontSize="10.0"/>
                </Word>
                <Word id="w_w2aab1b3b2c41b1ac27" language="English" custom="readingOrder {index:1;}">
                    <Coords points="411,2082 490,2082 490,2107 411,2107"/>
                    <TextEquiv>
                        <Unicode>lettre</Unicode>
                    </TextEquiv>
                    <TextStyle fontFamily="Times New Roman" fontSize="10.0"/>
                </Word>
                <Word id="w_w2aab1b3b2c41b1ac41" language="English" custom="readingOrder {index:2;}">
                    <Coords points="506,2080 646,2080 646,2113 506,2113"/>
                    <TextEquiv>
                        <Unicode>politique.</Unicode>
                    </TextEquiv>
                    <TextStyle fontFamily="Times New Roman" fontSize="10.0"/>
                </Word>
                <TextEquiv>
                    <Unicode>Intéressante lettre politique.</Unicode>
                </TextEquiv>
                <TextStyle fontFamily="Times New Roman" fontSize="10.0"/>
            </TextLine>
            <TextEquiv>
                <Unicode>Intéressante lettre politique.</Unicode>
            </TextEquiv>
        </TextRegion>
    </Page>
</PcGts>
