1424 2299
596 107 723 168 - 7 -
95 200 125 228 21
149 201 288 229 Bertier
302 202 346 229 de
361 202 551 237 Sauvigny
566 202 731 238 (L.-B.-F.),
749 202 917 231 intendant
931 202 968 230 de
986 203 1091 237 Paris,
1110 211 1170 230 une
1186 201 1240 229 des

149 237 319 276 premières
336 237 480 266 victimes
496 238 532 265 de
550 238 580 266 la
595 237 788 266 Révolution
804 238 841 266 de
859 239 936 267 1789.
953 254 986 259 —
1002 239 1069 267 Let.
1086 238 1158 275 sig.,
1175 238 1185 265 1
1205 245 1236 274 p.

150 273 229 300 in-4.
1173 273 1189 300 2
1226 283 1241 298 »

95 307 129 334 22
148 308 296 343 Bignon,
311 308 426 345 député
441 308 716 336 d’Ille-et-Vilaine
733 309 750 336 à
767 309 796 336 la
811 309 1021 338 Convention.
1036 325 1071 329 —
1088 309 1124 337 L.
1147 317 1176 337 a.
1197 316 1240 342 s.,

151 344 161 370 1
181 351 212 380 p.
232 343 307 371 in-8.
1174 345 1189 371 4
1227 353 1242 370 »

96 378 130 406 23
148 380 258 415 Blanc
274 379 401 415 (Louis),
416 379 570 408 historien
583 381 615 408 et
631 380 754 408 homme
767 379 883 409 d’Etat.
897 397 930 401 —
939 380 973 409 L.
990 389 1017 409 a.
1034 389 1058 409 s.
1071 380 1089 408 à
1099 380 1141 408 M.
1153 379 1243 408 Jules

151 414 268 450 Grévy;
286 415 387 449 Paris,
404 415 419 443 3
435 415 516 443 avril
533 415 612 449 1873,
629 417 639 442 1
659 424 687 451 p.
705 415 784 443 in-8.
1175 415 1191 443 5
1228 426 1242 440 »

184 451 313 475 Curieuse
326 451 405 476 lettre
419 452 455 475 où
468 451 485 474 il
498 457 636 482 approuve
651 452 689 476 les
699 451 862 476 sentiments
879 451 926 483 qui
941 452 979 476 lui
989 454 1036 477 ont
1051 452 1093 476 été
1108 451 1244 482 exprimés

152 488 200 512 par
223 489 267 506 ses
292 482 361 506 amis
382 483 416 506 de
441 482 550 507 l’Union
574 483 767 514 républicaine,
790 483 805 506 à
820 483 966 507 l’occasion
988 484 1020 507 de
1043 483 1069 507 la
1093 482 1243 507 démission

151 512 183 536 de
197 513 232 537 M.
247 513 324 538 Jules
337 514 426 544 Grévy
439 520 546 538 comme
560 513 702 538 Président
717 515 749 538 de
765 514 942 539 l’Assemblée
961 514 1110 539 nationale.

97 543 130 571 24
150 544 303 580 Blucher
313 544 666 580 (G-ebhard-Lebrecht),
679 544 928 577 feld-maréchal,
941 545 1180 580 généralissime
1192 544 1246 572 des

151 579 271 608 armées
283 581 485 616 prussiennes
500 589 538 608 en
555 581 623 607 1814
638 581 671 609 et
685 580 764 614 1815,
781 581 818 608 né
834 589 873 609 en
889 580 967 616 1742,
980 583 1063 609 mort
1076 589 1114 608 en
1131 580 1210 609 1819.—

151 614 243 642 Pièce
259 615 336 652 sig.,
355 616 432 649 1809,
450 617 461 643 1
480 624 512 652 p.
533 616 595 643 in-4
610 616 690 650 obi.,
706 616 828 645 cachet.
848 619 929 645 Rare.
1178 616 1194 643 8
1232 627 1246 639 »

98 650 132 677 25
150 651 330 687 Boieldieu
345 652 507 687 (Adrien),
528 651 665 679 l’auteur
681 651 717 679 de
734 652 760 679 la
782 654 863 680 Dame
881 653 1007 680 Blanche.
1027 667 1061 671 —
1076 651 1113 679 L.
1134 660 1164 679 a.
1183 659 1210 679 s.
1231 651 1249 678 à

151 686 279 714 Charles
309 687 432 722 Mesvil,
461 687 623 715 directeur
652 687 692 715 du
722 689 806 715 Franc
836 689 946 716 Parleur
950 709 956 722 ,
987 688 1065 722 1824,
1096 688 1107 714 1
1140 695 1170 723 p.
1199 687 1248 720 1/2

154 721 233 749 in-8.
1163 722 1195 749 10
1233 733 1246 747 >»

184 758 255 782 Jolie
267 758 345 782 lettre
358 765 407 789 par
419 759 536 790 laquelle
550 758 569 783 il
584 759 674 783 refuse
687 759 720 783 de
738 758 853 789 prendre
868 759 915 783 des
930 759 1037 784 actions
1054 759 1123 783 dans
1141 758 1165 782 le
1177 758 1248 789 jour¬

157 789 200 812 nal
223 789 256 813 de
276 795 326 813 son
341 790 396 814 ami
412 790 516 814 Mesvil.
537 790 556 814 Il
574 790 662 814 craint
676 790 709 814 de
725 792 937 821 compromettre
960 797 1010 815 son
1033 789 1247 820 indépendance,

156 819 217 851 puis
230 819 406 846 d’influencer
421 822 460 845 les
475 821 632 845 rédacteurs
644 821 691 852 qui
707 821 822 846 devront
836 821 902 846 faire
912 822 952 846 les
963 821 1203 852 comptes-rendus
1216 821 1249 845 de

156 857 200 875 ses
224 858 369 882 ouvrages.
398 860 409 875 «
421 852 465 877 Un
488 854 591 879 artiste,
617 852 698 880 dit-il,
721 852 777 877 doit
797 852 883 877 éviter
900 853 932 877 de
951 853 1039 884 prêter
1058 853 1083 877 le
1100 851 1171 876 flanc
1190 852 1205 875 à
1224 852 1249 876 la

157 882 340 910 méchanceté,
360 886 386 908 et
401 891 431 908 ce
450 884 548 908 monde
561 883 668 908 abonde
682 890 716 908 en
732 884 884 908 méchants.
896 892 907 907 »

102 913 135 941 26
155 914 285 949 Boissy
313 915 496 950 d’Anglas,
527 914 650 942 célèbre
679 914 936 948 conventionnel,
968 914 1004 942 de
1035 915 1199 943 l’Institut.
1217 929 1249 934 —

155 949 187 977 L.
204 958 231 978 a.
249 959 273 979 s.
290 959 328 978 au
352 950 455 987 préfet
479 951 516 979 de
541 950 572 979 la
590 950 893 987 Loire-Inférieure;
919 950 1051 985 Nantes,
1077 951 1110 978 15
1132 949 1250 979 février

156 985 233 1019 1814,
255 988 260 1013 1
281 995 310 1022 p.
327 986 430 1015 in-fol.
1181 987 1198 1014 5
1235 997 1249 1010 »

186 1022 315 1047 Curieuse
333 1023 409 1047 lettre
431 1022 514 1047 écrite
530 1029 636 1047 comme
661 1022 849 1047 commissaire
876 1023 1092 1048 extraordinaire
1109 1022 1213 1052 envoyé
1233 1022 1248 1046 à

156 1053 268 1077 Nantes.
282 1054 304 1077 Il
321 1054 359 1078 lui
372 1054 471 1078 mande
484 1060 545 1085 que,
559 1054 628 1078 dans
642 1054 682 1078 les
697 1054 900 1078 circonstances
915 1054 1054 1082 actuelles,
1067 1054 1086 1078 il
1098 1055 1140 1079 est
1151 1055 1250 1084 urgent

154 1083 321 1114 d’organiser
345 1085 371 1110 la
396 1085 480 1116 garde
501 1085 615 1109 urbaine
635 1085 668 1109 de
683 1087 754 1109 cette
766 1085 836 1112 ville,
853 1088 880 1110 et
892 1085 993 1109 l’invite
1017 1086 1032 1109 à
1053 1086 1169 1116 prendre
1184 1091 1249 1109 sans

155 1115 226 1139 délai
241 1116 280 1140 les
298 1123 420 1141 mesures
436 1116 604 1141 nécessaires
620 1123 688 1147 pour
700 1123 733 1140 en
751 1117 899 1147 compléter
914 1117 953 1140 les
969 1117 1152 1147 compagnies.

101 1146 134 1174 27
155 1147 357 1183 Bonaparte
373 1147 518 1183 (Joseph),
536 1147 581 1175 roi
599 1147 635 1175 de
652 1147 779 1183 Naples.
796 1163 828 1167 —
844 1147 912 1176 Let.
929 1147 988 1184 sig.
1011 1156 1050 1175 au
1072 1147 1118 1175 roi
1141 1147 1248 1180 Louis,

155 1190 210 1210 son
225 1182 324 1216 frère;
341 1183 505 1216 Florence,
522 1183 555 1210 30
570 1183 650 1210 avril
671 1183 746 1216 1842,
763 1183 813 1218 1/2
830 1191 858 1219 p.
875 1183 952 1211 in-4.
1179 1184 1195 1210 4
1233 1194 1247 1208 »

188 1217 223 1241 M.
241 1219 333 1248 Piana,
359 1219 406 1250 qui
431 1226 445 1243 a
474 1219 549 1243 toute
574 1226 604 1243 sa
625 1218 774 1247 confiance,
793 1218 996 1243 l’entretiendra
1020 1219 1053 1243 de
1077 1225 1107 1243 sa
1125 1221 1186 1250 part
1201 1219 1249 1243 des

159 1249 267 1274 affaires
285 1250 318 1274 de
335 1257 385 1274 son
400 1251 469 1275 frère
484 1250 602 1278 Jérôme,
622 1258 634 1273 «
648 1250 702 1274 afin
718 1250 752 1274 de
768 1250 881 1281 pouvoir
896 1251 934 1274 les
953 1250 1083 1274 terminer
1101 1257 1167 1274 sans
1179 1249 1250 1275 délai

157 1282 183 1304 et
196 1280 275 1305 d’une
291 1282 412 1306 manière
427 1281 508 1312 digne
521 1281 554 1305 de
569 1288 637 1306 nous
654 1282 732 1306 deux.
749 1290 760 1304 »
777 1294 807 1299 —
823 1281 902 1306 Pièce
915 1281 1041 1306 curieuse
1057 1288 1105 1312 par
1119 1282 1145 1305 la
1158 1281 1250 1311 signa¬

157 1313 215 1336 ture
242 1313 289 1344 qui
311 1314 352 1337 est
376 1315 451 1337 toute
473 1313 604 1337 tremblée
625 1314 650 1336 et
675 1313 722 1344 qui
741 1313 889 1337 ressemble
910 1313 1053 1344 beaucoup
1068 1313 1081 1336 à
1099 1313 1165 1337 celle
1182 1312 1247 1336 d’un

157 1343 288 1368 vieillard.

104 1375 137 1402 28
157 1375 360 1411 Bonaparte
376 1375 528 1411 (Lucien),
544 1375 652 1411 prince
669 1374 706 1402 de
722 1374 852 1408 Canino,
869 1375 953 1402 frère
969 1375 1006 1402 de
1023 1374 1186 1411 Napoléon
1202 1374 1215 1402 I
1216 1379 1238 1391 er
1243 1395 1248 1402 .

157 1426 190 1433 —
205 1411 275 1438 Let.
295 1411 357 1447 sig.
378 1420 416 1439 au
438 1411 561 1447 citoyen
586 1410 912 1444 Dubois-Thainville,
927 1410 1143 1438 commissaire
1164 1410 1250 1437 fran¬

157 1447 221 1484 çais
237 1446 364 1482 d’Alger
384 1447 401 1474 à
422 1446 585 1482 Alicante;
607 1446 774 1482 Aranjuez,
790 1446 823 1473 28
844 1446 973 1474 ventôse
997 1455 1035 1474 an
1051 1446 1106 1480 IX,
1125 1448 1136 1473 1
1155 1454 1183 1481 p.
1201 1445 1251 1479 1/2

159 1474 266 1510 ïn-fol.
1181 1481 1196 1509 3
1235 1492 1249 1506 »

189 1517 318 1542 Curieuse
341 1517 418 1542 lettre
443 1517 554 1542 relative
575 1517 590 1541 à
611 1516 742 1547 l’outrage
760 1517 875 1541 commis
889 1524 937 1548 par
949 1524 987 1541 un
1001 1517 1104 1542 officier
1119 1517 1250 1548 espagnol

159 1551 252 1574 contre
277 1548 555 1573 Dubois-Thainville.
582 1548 622 1572 En
642 1555 673 1572 sa
695 1548 796 1579 qualité
814 1548 1038 1573 d’embassadeur
1060 1549 1093 1573 de
1114 1549 1140 1572 la
1159 1548 1251 1579 Répu¬

161 1581 250 1611 blique
274 1580 416 1610 française,
435 1580 453 1604 il
477 1580 542 1604 était
560 1580 652 1604 décidé
676 1580 692 1603 à
720 1580 868 1604 demander
891 1582 1016 1611 prompte
1037 1579 1193 1610 réparation
1215 1586 1250 1603 au

159 1613 373 1643 gouvernement
391 1611 535 1642 espagnol;
552 1610 629 1638 mais,
653 1617 721 1642 pour
748 1611 786 1635 lui
811 1611 868 1636 être
894 1611 1030 1641 agréable,
1057 1611 1075 1635 il
1097 1617 1213 1635 renonce
1234 1611 1251 1634 à

160 1643 250 1667 suivre
266 1644 335 1667 cette
349 1642 452 1666 affaire.

105 1676 139 1703 29
159 1674 338 1709 Bonifacio
354 1673 464 1709 (Jean),
482 1673 605 1701 célèbre
622 1673 778 1701 historien
794 1674 826 1701 et
837 1672 1069 1709 jurisconsulte
1082 1672 1195 1701 italien
1208 1672 1250 1700 du

159 1718 213 1738 xvi
216 1715 227 1730 e
247 1709 353 1742 siècle,
375 1709 413 1736 né
435 1709 452 1736 à
470 1708 595 1745 Rovigo
615 1717 652 1736 en
676 1709 753 1744 1547,
776 1710 858 1737 mort
878 1717 917 1736 en
937 1709 1015 1737 1635.
1033 1725 1065 1728 —
1081 1708 1117 1736 L.
1137 1716 1166 1735 a.
1187 1716 1213 1736 s.
1235 1709 1252 1735 à

160 1745 362 1781 Barthélemy
379 1744 597 1779 Burchellato;
614 1745 779 1780 Bergame,
795 1744 811 1771 9
827 1744 954 1772 octobre
971 1744 1050 1778 1593,
1065 1746 1075 1772 1
1093 1752 1122 1780 p.
1134 1743 1251 1778 in-fol.,

159 1783 261 1809 traces
277 1781 313 1808 de
330 1780 448 1808 cachet.
466 1780 568 1816 Léger
583 1780 852 1816 raccommodage.
1182 1780 1198 1806 4
1236 1790 1250 1804 »

108 1821 141 1848 30
160 1820 298 1856 Bonnat
327 1819 491 1856 (J.-F.-L.j,
520 1820 644 1848 célèbre
673 1820 798 1856 peintre
828 1819 966 1857 français
995 1819 1251 1855 contemporain,

160 1858 274 1884 auteur
294 1856 335 1883 du
354 1857 471 1883 Portrait
490 1856 522 1883 de
540 1858 577 1884 M.
602 1857 693 1884 Thiers
695 1877 703 1891 ,
729 1855 816 1883 élève
837 1855 875 1883 de
896 1848 1040 1883 Sladrazo
1059 1859 1091 1883 et
1113 1863 1150 1883 ae
1168 1854 1251 1882 Léon

160 1892 303 1927 Cogniet,
320 1891 357 1919 né
373 1891 391 1918 à
405 1891 564 1927 Bayonne.
581 1907 614 1912 —
632 1891 663 1919 L.
681 1900 711 1919 a.
731 1900 773 1925 s.,
790 1891 869 1925 1866,
887 1892 897 1918 1
917 1899 945 1927 p.
963 1891 1059 1919 in-18.
1183 1890 1199 1917 5
1237 1900 1250 1915 »

107 1933 135 1960 31
159 1931 338 1967 Borghèse
353 1930 391 1966 (le
410 1931 517 1966 prince
535 1931 690 1967 Camille),
707 1931 820 1959 second
839 1931 918 1959 mari
941 1931 978 1959 de
999 1930 1134 1959 Pauline
1151 1930 1252 1957 Bona¬

161 1971 260 2004 parte.
285 1983 319 1987 —
342 1968 413 1994 Let.
440 1966 503 2002 sig.
532 1967 550 1994 à
571 1966 707 2002 Gaudin,
733 1966 793 1994 duc
817 1966 855 1994 de
880 1967 995 2002 Gaëte;
1020 1965 1132 2000 Turin,
1162 1965 1178 1992 9
1203 1974 1254 1993 oc¬

161 2004 250 2032 tobre
267 2002 343 2036 1810,
362 2003 373 2038 1
392 2010 424 2038 p.
445 2002 524 2029 in-4.
1185 2001 1201 2029 3
1239 2012 1253 2026 »

194 2040 323 2064 Curieuse
349 2039 427 2062 lettre
449 2038 561 2063 relative
585 2039 601 2063 à
622 2038 648 2062 la
670 2039 856 2069 suppression,
874 2038 944 2063 dans
964 2044 1014 2063 son
1029 2040 1254 2068 gouvernement,

161 2071 209 2095 des
221 2071 370 2096 nombreux
386 2071 518 2094 couvents
532 2070 579 2101 c[ui
597 2069 636 2100 s’y
652 2069 806 2094 trouvaient
818 2076 917 2095 encore
931 2070 947 2094 à
963 2071 1034 2095 cette
1048 2070 1167 2100 époque;
1183 2070 1254 2093 cette

163 2109 269 2127 mesure
287 2109 303 2127 a
317 2108 351 2133 pu
367 2101 516 2126 s’exécuter
529 2101 545 2126 à
563 2108 612 2126 son
628 2101 731 2126 entière
746 2101 925 2126 satisfaction.
943 2101 1109 2129 Seulement,
1124 2100 1142 2125 il
1161 2106 1177 2124 a
1191 2100 1253 2124 tou-
