1424 2299
556 149 587 154 -
608 133 624 161 3
643 148 677 154 —

47 209 80 238 16
99 210 276 238 Beauvoir
296 210 419 246 (Roger
434 209 497 245 de),
519 209 643 238 célèbre
664 209 806 238 écrivain
826 209 1026 246 romanique.
1046 211 1079 238 —
1099 210 1199 239 Sorcel¬

99 247 173 280 lerie,
189 246 276 281 pièce
293 254 330 273 ae
346 253 417 273 vers
435 247 501 273 aut.
518 245 590 281 sig.;
608 246 619 272 l
624 250 648 265 or
659 245 788 281 janvier
806 245 883 278 1836,
900 246 912 272 1
931 254 959 282 p.
977 245 1056 273 in-4.
1114 245 1148 273 12
1186 256 1199 272 »

135 286 202 311 Très
215 286 279 317 jolie
292 287 370 311 lettre
385 286 468 311 écrite
482 293 531 310 sur
545 286 641 317 papier
654 286 750 310 bristol
762 292 827 310 avec
843 288 994 316 entourage
1009 286 1115 317 gaufré.

50 327 79 355 17
100 328 262 362 Béchard
278 326 377 362 (Jean,
395 326 492 354 baron
509 326 569 362 de),
584 326 708 354 célèbre
721 326 851 362 général
867 328 899 355 et
915 326 1087 368 ingénieur
1102 327 1203 355 autri¬

101 362 193 390 chien
213 363 253 390 du
274 371 353 391 xvm
356 367 364 377 e
384 361 495 396 siècle,
514 362 566 398 qui
585 362 649 398 prit
667 370 727 389 une
745 364 817 397 part
833 362 935 390 active
952 364 969 390 à
985 362 1015 390 la
1031 371 1147 399 guerre
1164 363 1201 391 de

101 401 171 434 sept
185 407 251 432 ans,
272 397 327 426 tué
346 406 383 425 au
401 398 488 434 siège
505 398 542 425 de
560 397 716 433 Belgrade
733 406 770 425 en
788 398 871 425 1788.
897 414 925 418 —
946 399 977 425 L.
996 407 1022 426 a.
1040 407 1066 426 s.
1087 406 1126 425 au
1143 398 1202 426 mi¬

101 434 201 462 nistre
214 434 251 462 de
262 434 292 462 la
301 442 428 470 guerre,
440 434 458 461 à
465 433 588 461 Vienne
598 443 604 468 ;
615 434 710 466 Arad,
721 434 753 460 14
765 433 827 461 mai
840 434 918 468 1766,
931 434 946 461 3
957 442 985 469 p.
999 433 1069 462 in-f.
1117 435 1146 461 11
1187 446 1201 460 »

135 470 208 494 Belle
222 470 301 494 lettre
318 477 365 494 sur
378 470 418 494 les
430 469 622 494 fortifications
637 470 725 494 élevés
738 471 838 494 autour
851 469 960 497 d’Arad,
975 476 1045 500 pour
1057 470 1083 494 la
1094 470 1203 495 défense

100 504 194 526 contre
208 502 246 526 les
267 502 358 526 Turcs.

49 541 81 570 18
101 542 286 575 Belle-Isle
314 542 320 575 (
331 540 598 576 Ch.-Louis-Aug.
628 543 758 576 Fouquet,
785 541 845 568 duc
878 541 943 577 de),
977 542 1137 571 maréchal
1166 542 1204 571 de

101 577 243 612 France,
265 577 391 605 célèbre
415 584 471 612 par
493 585 527 604 sa
550 576 683 605 retraite
707 577 744 604 de
769 576 915 613 Prague,
941 577 1088 605 ministre
1113 578 1150 606 de
1175 578 1207 607 la

102 621 231 649 guerre,
256 612 396 641 membre
422 612 459 639 de
484 612 675 640 l’Académie
699 612 870 651 française,
892 612 930 640 né
956 621 995 640 en
1018 613 1098 648 1684,
1122 616 1207 642 mort

101 657 140 676 en
157 648 239 676 1761.
260 664 292 667 —
308 649 376 677 Let.
390 651 464 676 'aut.
487 656 525 676 au
548 648 755 684 marquis...;
781 656 869 684 camp
895 648 932 676 de
957 648 1053 684 Nice,
1079 651 1108 676 11
1136 658 1206 686 sep¬

102 684 225 712 tembre
243 684 321 717 1744,
339 685 349 711 1
370 684 497 720 p.in-4.
1120 686 1152 712 17
1192 697 1206 711 »

138 724 160 748 Il
175 724 213 749 lui
229 724 340 749 adresse
352 731 406 749 une
424 724 502 748 lettre
518 724 554 748 du
574 724 627 748 duc
644 724 677 748 de
695 723 836 748 Richelieu
857 724 905 756 qui
925 724 949 749 le
965 725 1072 750 tiendra
1088 732 1123 749 au
1141 733 1207 751 cou¬

104 758 165 780 rant
180 756 228 780 des
244 756 420 780 événements
439 756 472 780 de
490 755 578 780 Paris.
596 755 618 779 Il
634 755 715 785 s’agit
734 755 767 780 de
785 756 947 786 poursuivre
962 756 1002 780 les
1019 757 1208 787 négociations

103 794 137 811 en
159 787 319 818 Allemagne
340 790 422 811 avant
442 793 496 818 que
518 787 556 811 les
576 787 692 817 Anglais
716 786 817 811 n’aient
832 787 928 812 conclu
951 787 984 812 de
1008 788 1147 813 nouvelles
1167 789 1209 813 al¬

105 819 207 843 liances
223 822 249 843 et
264 820 395 843 accentué
406 818 480 843 leurs
496 820 700 843 mouvements.

52 859 84 886 19
105 859 242 893 Berlioz
258 858 405 894 (Hector),
422 858 451 886 le
471 858 595 886 célèbre
612 858 885 894 compositeur.—
900 858 936 886 L.
953 867 983 886 a.
1004 867 1030 887 s.
1053 868 1091 888 au
1110 859 1207 888 baron

104 894 235 931 Taylor;
252 894 284 921 27
301 894 383 922 avril
401 894 479 929 1849,
499 895 509 921 1
530 902 558 930 p.
575 894 651 922 in-8.
667 893 751 922 Jolie
768 894 879 922 lettre.
1140 895 1156 922 6
1193 906 1207 921 »

51 939 85 967 20
104 940 261 975 Berryer
277 939 412 975 (A.-P.),
429 938 558 967 illustre
574 940 706 967 orateur
725 938 989 974 parlementaire,
1010 939 1047 967 de
1068 939 1209 968 l’Acadé¬

106 975 168 1002 mie
194 975 365 1003 française.
387 991 423 995 —
447 975 483 1002 L.
509 983 539 1003 a.
564 983 591 1002 s.
616 975 633 1002 à
657 974 955 1010 Monseigneur...;
978 975 1011 1002 15
1026 974 1117 1012 juin,
1144 977 1156 1003 1
1178 985 1208 1012 p.

107 1010 184 1038 in-8.
1141 1011 1157 1038 6
1195 1023 1208 1038 »

142 1047 214 1071 Belle
228 1047 307 1071 lettre
320 1053 367 1071 sur
382 1047 422 1071 les
439 1047 570 1071 élections
584 1046 652 1070 dans
665 1046 690 1070 le
705 1045 863 1074 Morbihan;
880 1045 898 1070 il
916 1047 1110 1071 recommande
1127 1047 1211 1073 chau¬

105 1078 216 1103 dement
232 1079 258 1103 la
270 1078 443 1103 canditature
453 1078 488 1102 de
500 1078 536 1102 M.
551 1077 676 1102 Fernand
691 1078 725 1101 de
740 1077 767 1101 la
784 1077 940 1102 Ferronais.

52 1118 80 1147 21
108 1118 246 1154 Bertall
267 1118 542 1154 (Charles-Albert
561 1117 719 1151 d’Anioux,
740 1116 814 1152 dit),
838 1116 1040 1145 dessinateur
1059 1119 1210 1155 original,

109 1154 307 1190 l’interprète
324 1154 378 1182 des
394 1162 520 1181 œuvres
530 1153 567 1181 de
581 1153 746 1181 Balzac.—
761 1153 777 1179 3
789 1152 950 1189 Epreuves
965 1153 1002 1181 de
1019 1162 1068 1182 ses
1083 1154 1210 1190 croquis

108 1198 189 1226 pour
204 1190 232 1218 le
247 1191 358 1218 Journal
370 1198 438 1225 pour
451 1191 507 1217 rire
511 1211 518 1224 ,
535 1197 610 1216 avec
626 1188 672 1216 les
688 1188 838 1224 légendes
854 1189 1082 1225 autographes.
1125 1191 1159 1218 10
1196 1201 1209 1216 »

54 1234 88 1262 22
107 1236 197 1271 Bèzé
209 1234 382 1271 (Théodore
394 1233 490 1269 de),le
503 1233 602 1269 grand
612 1233 826 1261 réformateur
837 1233 1209 1271 calviniste.—Let.sig.

109 1279 184 1298 avec
200 1271 230 1298 la
244 1270 457 1312 souscription
475 1271 553 1303 aut.,
570 1277 609 1296 en
625 1268 718 1302 latin,
735 1269 752 1295 à
770 1268 908 1296 Armand
931 1269 1060 1304 Polain,
1077 1270 1211 1299 docteur

108 1306 145 1334 de
155 1306 284 1343 l’Eglise
294 1306 331 1333 de
340 1306 432 1340 Baie;
446 1305 497 1340 1/2
507 1313 537 1341 p.
551 1305 629 1339 in-4,
639 1304 759 1332 cachet.
772 1304 892 1340 Légère
903 1304 1085 1334 déchirure.
1125 1306 1158 1334 75
1195 1317 1209 1332 »

143 1347 165 1371 Il
181 1348 204 1371 le
221 1346 321 1371 félicite
338 1353 386 1370 sur
405 1353 455 1370 son
471 1346 595 1375 mariage
610 1346 637 1369 et
651 1344 689 1368 lui
705 1351 831 1369 annonce
846 1344 911 1375 qu’il
929 1345 1019 1370 donne
1039 1346 1054 1370 à
1068 1347 1210 1377 Grynæus,

107 1385 176 1409 pour
191 1379 230 1403 les
245 1379 283 1403 lui
300 1378 511 1409 communiquer
520 1396 525 1405 ,
546 1376 595 1401 des
613 1376 753 1400 nouvelles
770 1376 803 1400 de
824 1376 938 1401 France.
954 1376 977 1401 Il
996 1378 1045 1402 fait
1063 1377 1158 1409 l’éloge
1178 1378 1211 1403 de

107 1410 244 1440 Borgkius
254 1412 281 1434 et
292 1409 367 1440 parle
381 1409 415 1434 de
429 1408 571 1433 Baludius.

54 1449 87 1477 23
107 1450 245 1486 Bignon
261 1449 375 1486 (l’abbé
395 1448 563 1483 J.-Paul),
586 1447 775 1483 bibliophile
796 1446 937 1482 célèbre,
967 1447 1209 1477 bibliothécaire

108 1485 148 1513 du
165 1486 224 1520 roi,
242 1485 381 1513 membre
399 1484 436 1512 de
453 1484 641 1512 l’Académie
658 1483 828 1521 française.
849 1499 885 1502 —
901 1483 936 1510 L.
957 1492 987 1511 a.
1007 1492 1034 1512 s.
1055 1493 1094 1512 au
1111 1485 1210 1520 prési¬

108 1521 184 1549 dent
206 1522 243 1549 de
266 1521 479 1557 Lamoignon;
501 1519 601 1555 (1704),
626 1518 642 1545 2
664 1527 694 1555 p.
721 1518 801 1546 in-8.
830 1519 917 1546 Belle
942 1524 974 1547 et
997 1519 1210 1549 intéressante

108 1557 218 1585 lettre.
1141 1556 1157 1583 5
1196 1567 1210 1582 »

54 1597 88 1625 24
108 1598 219 1633 Blanc
244 1597 345 1633 (Ch.),
371 1595 496 1624 célèbre
519 1594 657 1631 critique
678 1594 774 1628 d’art,
798 1594 936 1622 membre
960 1595 1210 1627 de.l’Académie

109 1633 279 1672 française.
299 1649 330 1652 —
349 1632 383 1660 L.
409 1640 438 1659 a.
466 1639 493 1659 s.
521 1631 538 1658 à
560 1631 601 1658 M.
626 1630 802 1666 Delaunay,
827 1630 991 1658 directeur
1013 1631 1050 1660 de
1073 1631 1094 1660 Y
1094 1633 1211 1667 Artiste;

108 1668 238 1705 Troyes,
255 1669 269 1695 7
286 1668 367 1696 avril
386 1668 464 1701 1841,
482 1667 492 1694 1
513 1675 543 1702 p.
565 1666 645 1694 in-4.
1142 1668 1159 1695 5
1196 1679 1210 1693 »

144 1709 267 1733 Relative
279 1710 294 1734 à
311 1709 346 1733 M.
360 1708 479 1737 Schnitz,
499 1715 510 1731 «
521 1707 617 1731 artiste
630 1707 682 1731 fort
698 1706 847 1737 distingué,
861 1706 1018 1737 paysagiste
1034 1707 1067 1732 de
1078 1709 1211 1739 première

108 1741 179 1765 force
192 1749 215 1766 ».

55 1780 89 1808 25
107 1781 237 1815 Boissy
257 1780 430 1815 d’Anglas
454 1779 614 1815 (Fr.-Ant.
642 1777 705 1813 de),
727 1777 990 1813 conventionnel,
1010 1779 1133 1807 célèbre
1154 1788 1211 1816 par

109 1825 143 1844 sa
167 1816 301 1844 fermeté
325 1814 546 1843 inébranlable
570 1814 646 1841 dans
670 1815 700 1841 la
718 1812 854 1849 journée
878 1814 919 1841 du
944 1815 955 1841 1
962 1819 984 1834 er
1007 1814 1153 1850 prairial.
1177 1832 1210 1835 —

109 1852 144 1880 L.
161 1860 190 1879 a.
207 1860 242 1885 s.;
253 1851 354 1885 Paris,
365 1851 395 1877 21
406 1850 536 1887 janvier
546 1849 625 1884 1822,
637 1849 652 1876 3
666 1857 696 1884 p.
711 1849 788 1877 in-8.
802 1848 850 1877 Un
863 1857 921 1885 peu
935 1850 1088 1886 fatiguée.
1124 1851 1158 1878 30
1196 1863 1210 1877 »

143 1892 327 1916 Intéressante
349 1893 376 1915 et
399 1891 552 1922 spirituelle
572 1890 657 1920 épitre
676 1889 804 1913 adressée
824 1890 839 1913 à
855 1896 892 1913 un
910 1890 965 1914 ami
979 1891 1076 1915 intime
1097 1892 1112 1915 à
1131 1892 1178 1923 qui
1193 1892 1212 1916 il

108 1924 198 1948 donne
215 1923 264 1947 des
279 1922 376 1947 détails
391 1929 439 1946 sur
458 1928 491 1946 sa
505 1921 617 1945 famille.
635 1920 657 1944 Il
673 1921 752 1945 mène
770 1927 824 1945 une
840 1920 977 1947 existence
994 1923 1051 1946 très
1067 1923 1163 1951 calme,
1179 1930 1212 1948 ne

108 1955 233 1985 s’occupe
248 1961 298 1985 pas
311 1954 344 1978 de
361 1953 508 1984 politique;
523 1953 542 1976 il
553 1952 662 1983 remplit
675 1958 720 1976 ses
732 1952 842 1976 devoirs
852 1954 1031 1981 exactement,
1050 1960 1083 1978 ne
1097 1954 1212 1979 cherche

108 1987 184 2018 point
202 1987 218 2010 à
236 1986 311 2010 avoir
326 1986 361 2009 du
380 1984 478 2013 crédit,
496 1983 599 2008 n’étant
617 1983 693 2014 point
711 1983 863 2010 courtisan,
885 1984 955 2008 mais
971 1984 989 2008 il
1008 1987 1079 2009 reste
1100 1985 1179 2011 fidèle
1197 1986 1213 2010 à

112 2025 156 2044 ses
173 2018 328 2049 principes.
354 2024 365 2040 «
383 2016 456 2041 Ceux
472 2016 520 2047 qui
538 2014 733 2046 m’appelaient
751 2015 878 2045 royaliste
897 2021 963 2040 sous
982 2016 1007 2040 la
1027 2016 1212 2046 Convention,

110 2050 199 2075 disent
215 2051 332 2075 souvent
343 2055 395 2080 que
411 2047 436 2078 je
451 2047 510 2072 suis
527 2046 698 2077 républicain
716 2053 782 2071 sous
797 2046 823 2071 la
838 2047 1006 2076 monarchie,
1023 2046 1049 2078 je
1067 2054 1111 2073 me
1129 2048 1213 2073 borne

109 2082 125 2105 à
135 2082 209 2106 lever
227 2081 267 2105 les
282 2081 394 2112 épaules
410 2080 438 2103 et
449 2079 466 2104 à
479 2080 565 2103 rester
579 2085 609 2102 ce
627 2084 679 2113 que
693 2076 738 2108 j’ai
754 2077 878 2108 toujours
893 2079 948 2107 été,
965 2079 1021 2103 ami
1036 2079 1084 2104 des
1099 2080 1163 2108 loix,
1181 2081 1214 2105 de

110 2113 208 2138 l’ordre
222 2114 249 2138 et
260 2112 297 2137 du
312 2111 537 2142 gouvernement,
549 2109 582 2133 de
595 2109 621 2133 la
633 2109 731 2139 justice
744 2110 771 2133 et
785 2109 818 2134 de
835 2109 1053 2135 l’humanité_
1076 2119 1087 2133 »
