1432 2245
620 87 656 114 —
674 87 691 114 6
709 103 745 108 —

159 162 178 186 il
193 163 235 186 ést
250 162 377 190 sensible,
394 168 502 187 comme
520 162 562 187 s’il
583 162 656 187 avait
676 163 743 187 vécu
759 162 837 193 vingt
858 170 909 187 ans
924 170 989 188 avec
1004 170 1034 188 sa
1054 164 1128 187 mère
1149 166 1175 188 et
1194 163 1259 195 qu’il

160 195 264 218 connût
280 196 339 218 tout
354 200 383 218 ce
392 193 457 225 qu’il
470 194 548 225 perd.
566 201 576 216 »
596 193 618 218 Il
634 194 727 224 espère
743 201 796 225 que
815 196 884 219 cette
901 197 978 225 perte
995 202 1029 219 ne
1048 195 1185 225 changera
1201 195 1259 219 rien

163 225 179 249 à
200 226 273 249 leurs
290 225 408 255 affaires,
430 225 464 249 du
491 226 583 250 moins
607 225 625 249 il
649 233 682 249 en
705 232 720 249 a
744 232 809 255 reçu
830 226 996 251 l’assurance
1019 226 1052 251 de
1074 226 1182 251 l’Infant
1206 226 1260 250 lui—

160 258 259 285 même,
276 258 328 281 etc.
345 270 374 274 —
389 256 441 280 Sur
459 257 485 281 la
501 257 588 288 partie
608 256 721 281 blanche
740 258 772 282 de
790 257 815 281 la
833 258 967 288 première
986 265 1054 289 page
1074 265 1103 282 se
1123 259 1218 282 trouve
1234 257 1260 281 la

160 287 267 312 minute
284 288 316 312 de
332 288 357 312 la
372 289 488 319 réponse
503 291 561 312 aut.
574 288 610 312 du
625 288 678 313 duc
690 288 723 313 de
738 288 882 313 Nivernais

108 323 141 351 42
162 324 361 358 Condorcet
376 323 474 358 (J.-M.
491 324 523 351 de
539 325 642 352 Caritat
658 323 716 359 de),
733 323 861 352 illustre
874 324 1144 358 mathématicien,
1160 324 1261 361 philo¬

161 359 257 395 sophe
287 362 320 387 et
348 359 608 393 conventionnel,
639 360 675 387 de
706 360 896 387 l’Académie
922 360 1090 399 française,
1120 360 1158 388 né
1184 360 1260 388 dans

162 395 291 423 l’Aisne.
307 412 342 415 —
361 396 460 431 Eloge
477 395 514 422 de
531 395 663 429 Cassini,
682 395 768 431 pièce
785 398 865 430 aut.,
880 396 897 423 6
913 404 941 437 p.
960 396 1033 423 in-f.
1175 396 1208 423 15
1249 407 1257 420 »

108 430 141 458 43
162 432 337 468 Corneille
361 431 527 468 (Thomas),
554 431 644 467 poète
669 431 882 472 dramatique,
906 431 989 459 frère
1013 432 1051 459 de
1075 431 1199 465 Pierre,
1223 431 1260 459 de

161 466 352 495 l’Académie
368 467 587 495 française.—
611 466 782 498 Quittance
803 475 863 503 sig.
889 476 945 495 sur
968 467 1075 503 vélin;
1100 467 1133 504 30
1149 467 1262 504 juillet

164 502 243 536 1705,
260 503 271 539 1
292 511 319 539 p.
339 503 406 531 in-8
422 501 485 531 ofrl.
504 505 579 530 Rare.
1158 503 1209 530 100
1246 513 1260 528 »

109 542 142 569 44
164 543 297 578 Crillon
318 544 424 578 (Louis
449 544 496 572 Bal
499 544 538 570 bis
561 542 598 570 de
622 544 717 570 Berton
742 543 803 578 de),
827 542 855 570 le
883 543 976 570 brave
1002 551 1198 583 compagnon
1224 543 1261 571 de

161 578 262 606 Henri
285 579 337 612 IV,
360 588 401 607 un
418 579 472 608 des
488 578 559 615 plus
584 578 723 607 célèbres
747 578 922 614 capitaines
947 579 987 606 du
1012 584 1082 606 xvi»
1106 578 1212 608 siècle.
1229 596 1262 599 —

163 614 258 642 Pièce
275 615 354 643 trois
377 615 437 643 fois
462 615 591 651 signée;
618 614 794 648 Marseille,
818 615 850 641 14
870 614 983 650 juillet
1010 614 1087 649 1581,
1117 615 1132 642 2
1158 623 1186 651 p.
1213 615 1263 651 1/2

165 650 268 679 in-fol.
284 653 362 679 Rare.
1178 651 1211 678 75
1248 662 1262 676 »

194 687 299 711 Accord
323 694 388 711 avec
412 687 539 712 Joachim
563 686 596 710 de
621 686 698 713 Balu,
722 686 848 710 habitant
872 686 904 710 de
924 686 1066 716 Marseille,
1084 687 1098 711 à
1120 686 1209 711 raison
1231 687 1263 712 de

163 718 235 742 deux
256 718 356 748 offices,
381 718 435 743 l’un
457 718 490 743 de
511 718 613 743 Consul
632 725 701 749 pour
719 718 743 742 la
767 717 861 742 nation
883 718 1019 747 française
1039 721 1065 742 et
1091 718 1124 742 de
1147 718 1263 750 quelque

164 749 266 780 qualité
280 750 360 781 qu’ils
375 750 473 779 soient,
497 749 645 780 trafiquant
663 751 688 773 et
704 749 849 779 négociant
865 756 932 774 sous
953 756 983 773 sa
1000 749 1130 774 bannière
1149 751 1179 774 ès
1197 757 1264 781 pays

165 781 199 805 de
211 781 323 812 Tripoli,
338 782 423 811 Syrie,
438 782 473 805 ile
488 781 520 805 de
535 781 650 812 Chypre,
667 780 763 805 l’autre
778 781 811 805 de
827 781 930 805 facteur
945 781 978 805 de
996 781 1113 805 navires.

110 816 144 844 45
163 817 296 852 Dalton
317 817 357 852 (M
361 818 389 834 110
408 816 461 853 J.),
484 817 599 844 femme
625 816 662 843 de
692 816 804 844 lettres
834 816 988 853 anglaise,
1015 817 1204 845 traducteur
1226 817 1263 845 de

163 854 231 880 Paul
246 856 269 880 et
287 854 420 887 Virginie.
423 869 458 872 —
472 852 507 880 L.
521 861 548 880 a.
565 861 602 886 s.,
619 860 658 880 en
673 852 822 890 français,
840 853 856 879 à
873 852 903 880 M
906 852 933 872 110
944 852 1092 889 Virginie
1109 852 1146 880 de
1157 852 1263 881 Saint-

164 888 287 923 Pierre,
304 889 369 917 fille
386 888 423 916 de
439 888 618 916 Bernardin
632 898 638 922 ;
655 888 806 921 Londres,
824 888 857 915 14
866 887 1003 924 janvier,
1024 889 1040 916 2
1057 897 1084 925 p.
1104 890 1167 924 pet.
1184 889 1262 917 in-4.

164 924 284 960 Légère
301 924 481 952 déchirure.
499 924 689 952 Charmante
707 923 802 952 lettre
819 924 944 952 intime.
1178 924 1211 951 12
1249 936 1263 950 »

111 969 145 996 46
165 970 308 1004 Daudet
336 969 494 1005 (Ernest),
520 968 643 996 célèbre
675 968 860 996 littérateur
893 970 925 996 et
959 969 1149 1004 romancier,
1179 970 1217 997 né
1248 969 1265 997 à

165 1003 275 1033 Nîmes
291 1014 329 1032 en
346 1005 424 1032 1837.
435 1021 471 1025 —
486 1005 519 1032 L.
533 1013 559 1032 a.
577 1013 613 1038 s.,
633 1004 663 1031 17
674 1003 797 1040 juillet,
815 1005 826 1031 1
836 1004 865 1038 /2
882 1012 910 1040 p.
927 1004 1003 1033 in-8.
1021 1005 1083 1033 Sur
1093 1005 1139 1033 les
1150 1005 1265 1033 débuts

167 1040 205 1068 de
221 1040 360 1069 Villaret
374 1041 451 1069 dans
473 1041 518 1068 les
541 1042 643 1075 Vêpres.
1196 1041 1212 1068 5
1250 1051 1263 1067 »

113 1081 145 1109 47
166 1082 356 1117 Deguerry
373 1080 545 1117 (Gaspard),
563 1080 686 1108 célèbre
709 1079 923 1116 prédicateur,
947 1081 1021 1108 curé
1045 1080 1081 1108 de
1102 1080 1133 1109 la
1157 1081 1265 1109 Made¬

165 1116 263 1151 leine,
280 1126 322 1145 un
339 1117 392 1145 des
408 1120 518 1153 otages
534 1117 571 1144 de
587 1116 618 1144 la
634 1116 818 1150 Commune,
830 1116 939 1144 fusillé
955 1124 1029 1144 avec
1046 1116 1265 1154 l’archevêque

167 1152 205 1180 de
221 1153 323 1181 Paris.
339 1170 374 1173 —
396 1153 429 1180 L.
454 1161 480 1180 a.
507 1161 531 1180 s.
562 1161 600 1180 au
627 1152 798 1180 rédacteur
825 1151 867 1180 du
893 1153 1115 1180 Constitutionnel
1124 1162 1132 1186 ;
1161 1153 1264 1187 Paris,

166 1188 200 1216 29
216 1189 394 1230 septembre
411 1188 490 1222 1830,
507 1190 517 1215 1
542 1196 571 1224 p.
588 1188 661 1216 in-4.
1180 1190 1212 1216 18
1253 1201 1262 1213 »

198 1225 328 1250 Curieuse
348 1225 427 1249 lettre
449 1225 562 1249 relative
583 1225 599 1248 à
621 1223 803 1248 l'arrestation
823 1223 887 1248 d’un
907 1224 1115 1256 ecclésiastique
1135 1225 1228 1249 trouvé
1250 1226 1266 1249 à

167 1256 347 1281 Montmartre
369 1263 403 1281 en
425 1255 588 1287 compagnie
611 1256 763 1280 d'hommes
782 1256 874 1279 armés
898 1256 964 1280 dont
984 1256 1022 1280 les
1041 1255 1144 1286 projets
1164 1257 1265 1281 étaient

168 1288 283 1312 hostiles
305 1289 321 1312 à
347 1288 373 1312 la
399 1288 567 1319 tranquillité
591 1287 729 1318 publique.
756 1286 911 1312 L’annonce
935 1288 999 1311 d’un
1022 1288 1058 1311 tel
1080 1288 1127 1312 fait
1151 1295 1201 1318 par
1226 1289 1266 1313 les

164 1318 303 1350 journaux
315 1319 418 1344 offense
433 1320 458 1344 le
471 1319 561 1349 clergé
573 1319 606 1343 de
621 1319 647 1343 la
662 1318 786 1354 capitale,
800 1318 819 1341 il
832 1320 962 1348 proteste,
978 1319 1051 1343 ainsi
1064 1326 1116 1350 que
1129 1319 1266 1350 plusieurs

168 1351 202 1375 de
225 1358 270 1375 ses
292 1351 437 1381 collègues,
459 1352 554 1375 contre
569 1350 595 1374 la
612 1349 739 1375 conduite
760 1349 792 1373 de
817 1352 859 1374 cet
880 1350 1087 1382 ecclésiastique
1109 1352 1136 1375 et
1158 1351 1266 1375 déclare

167 1391 179 1405 «
199 1389 252 1413 que
275 1383 299 1407 le
321 1382 467 1407 sacerdoce
492 1382 629 1406 désavoue
652 1383 679 1406 et
701 1381 814 1411 regarde
836 1388 943 1406 comme
965 1382 1098 1412 coupable
1119 1389 1215 1407 envers
1240 1383 1265 1406 la

166 1413 303 1444 Religion,
329 1416 389 1439 tout
412 1414 503 1444 prêtre
531 1413 753 1438 non-seulement
778 1413 825 1443 qui
846 1413 989 1443 prendrait
1012 1414 1061 1438 des
1083 1421 1174 1438 armes
1197 1421 1266 1445 pour

167 1452 265 1470 causer
284 1446 321 1470 du
343 1445 456 1474 trouble,
477 1445 548 1469 mais
565 1445 612 1476 qui
633 1445 656 1468 le
673 1444 752 1468 ferait
771 1445 860 1468 naître
875 1451 910 1469 ou
925 1446 949 1469 le
965 1445 1139 1476 propagerait
1154 1452 1202 1477 par
1222 1452 1267 1470 ses

165 1477 290 1502 discours
305 1479 332 1501 et
347 1478 436 1501 même
452 1477 501 1508 qui
516 1476 693 1507 l’appellerait
707 1476 741 1500 de
753 1482 798 1500 ses
813 1482 903 1500 vœux.
921 1485 933 1500 »

112 1514 145 1542 48
165 1515 371 1550 Delescluze
387 1514 475 1550 (Ch.),
499 1514 670 1548 publiciste
694 1513 981 1549 révolutionnaire,
1008 1514 1147 1543 membre
1173 1514 1210 1542 de
1236 1514 1267 1543 la

167 1550 340 1578 Commune
357 1552 389 1579 et
404 1550 539 1587 délégué
562 1550 580 1577 à
595 1549 626 1577 la
643 1557 769 1585 guerre,
787 1550 840 1577 tué
861 1550 878 1577 à
899 1550 929 1578 la
944 1551 1032 1586 place
1048 1550 1089 1578 du
1107 1550 1264 1579 Château-

166 1586 275 1614 d’Eau.
291 1587 325 1614 —
342 1587 377 1615 P.
393 1595 417 1615 s.
435 1594 555 1614 comme
568 1586 699 1620 délégué
717 1585 733 1613 a
749 1585 779 1613 la
795 1593 929 1622 guerre;
947 1586 1050 1621 Paris,
1070 1587 1100 1614 19
1113 1586 1175 1614 mai
1186 1587 1265 1614 1871.

167 1623 178 1649 1
198 1631 226 1659 p.
244 1622 317 1651 in-8.
335 1622 452 1651 Cachet
467 1622 504 1650 de
521 1622 552 1650 la
568 1621 751 1650 Commune.
1181 1623 1214 1650 15
1254 1634 1263 1647 »

112 1665 146 1692 49
165 1666 351 1701 Delessert
370 1664 532 1701 (Gabriel),
548 1664 672 1692 célèbre
690 1663 792 1699 préfet
808 1663 845 1691 de
863 1664 975 1699 police.
998 1665 1033 1693 —
1057 1665 1091 1693 L.
1118 1673 1144 1693 a.
1165 1673 1202 1698 s.,
1226 1673 1265 1693 au

166 1701 336 1730 rédacteur
352 1701 393 1729 du
411 1701 649 1733 Constitutionnel;
662 1699 786 1735 (Paris),
802 1699 833 1726 21
852 1700 1017 1728 décembre
1033 1701 1131 1737 (1830),
1148 1701 1163 1737 2
1176 1702 1204 1737 p.
1217 1701 1267 1736 1/2

167 1737 241 1765 in-8.
1198 1736 1214 1764 5
1251 1747 1265 1762 »

199 1773 330 1798 Curieuse
342 1772 422 1797 lettre
438 1780 485 1797 sur
500 1773 541 1796 les
562 1771 682 1796 troubles
698 1772 746 1795 des
761 1770 787 1795 21
808 1773 835 1795 et
849 1771 878 1795 22
896 1771 1051 1802 décembre;
1068 1773 1087 1797 il
1102 1772 1141 1797 lui
1157 1773 1267 1797 adresse

166 1811 222 1829 une
239 1807 303 1829 note
317 1805 333 1828 à
349 1805 456 1835 publier
471 1805 540 1829 dans
561 1803 586 1827 le
601 1802 857 1830 Constitutionnel,
877 1804 912 1828 où
931 1803 949 1827 il
964 1804 1003 1828 lui
1022 1804 1214 1829 recommande
1234 1804 1267 1828 de

166 1836 234 1860 faire
259 1835 354 1866 l’éloge
377 1836 411 1860 de
428 1837 452 1860 la
474 1835 558 1866 garde
579 1834 725 1859 nationale.
752 1842 763 1857 «
785 1834 848 1859 Cela
875 1835 1013 1866 produira,
1038 1836 1122 1865 dit-il,
1150 1843 1187 1860 un
1214 1836 1267 1860 bon

167 1867 239 1892 effet.
260 1876 271 1891 »

112 1903 147 1931 50
166 1903 350 1938 Dolomieu
365 1903 489 1938 (Gratet
507 1901 567 1937 de),
585 1909 627 1929 un
653 1901 708 1929 des
724 1901 888 1929 créateurs
904 1902 941 1929 de
966 1902 996 1930 la
1019 1903 1143 1930 science
1160 1902 1267 1939 géolo¬

167 1939 275 1975 gique.
291 1955 326 1959 —
347 1938 380 1967 L.
402 1947 430 1967 a.
447 1947 471 1967 s.
484 1948 492 1974 ;
509 1937 585 1966 Côte
602 1937 825 1972 Saint-André,
843 1938 870 1964 11
891 1938 985 1967 vend,
1003 1947 1042 1966 an
1057 1938 1109 1973 IV,
1128 1940 1140 1966 1
1166 1947 1194 1975 p.
1216 1939 1267 1974 1/2

168 1975 246 2003 in-8.
1181 1974 1215 2002 20
1253 1984 1266 2000 »

199 2011 331 2036 Curieuse
359 2011 437 2036 lettre
462 2017 509 2035 sur
537 2017 574 2034 un
600 2016 725 2033 nouveau
755 2016 854 2040 moyen
882 2016 935 2041 que
963 2010 1000 2034 lui
1029 2017 1045 2034 a
1073 2011 1267 2042 communiqué

168 2042 318 2068 Humboldt
335 2049 404 2074 pour
422 2041 595 2067 économiser
614 2040 640 2065 la
660 2042 763 2072 poudre
784 2041 853 2066 dans
873 2041 1070 2073 l’exploitation
1094 2042 1141 2067 des
1163 2042 1262 2066 mines.

169 2074 258 2105 Après
269 2074 346 2099 avoir
360 2074 451 2100 donné
469 2074 495 2098 la
514 2072 683 2103 description
703 2072 738 2097 du
755 2073 881 2103 procédé,
898 2073 915 2097 il
931 2072 1022 2104 ajoute
1030 2081 1035 2102 ;
1055 2082 1067 2096 «
1083 2073 1105 2098 Il
1120 2080 1165 2099 me
1179 2075 1267 2104 parait
