1424 2299
627 150 662 153 —
681 133 697 160 5
716 150 751 153 —

177 211 235 234 nait
247 210 285 234 les
301 210 371 234 torts
386 209 423 233 du
445 210 499 234 duc
519 210 552 234 de
568 210 730 235 Brunswick
746 211 761 234 à
780 210 838 234 leur
853 210 944 240 égard,
966 210 1036 235 mais
1051 210 1069 234 il
1088 210 1146 234 leur
1166 216 1272 234 recom¬

177 241 275 265 mande
292 241 316 265 la
336 241 506 266 modération
523 244 548 265 et
565 241 623 266 leur
639 241 768 266 conseille
783 242 815 266 de
831 241 985 266 s'accorder
1002 249 1036 266 au
1056 241 1119 272 plus
1134 241 1188 266 vite
1207 248 1272 265 avec

177 273 225 297 lui.

124 309 158 336 35
178 308 325 343 Charles
341 308 632 343 (Louis-Charles),
649 309 800 336 archiduc
816 308 1010 343 d'Autriche,
1033 308 1272 337 feld-maréchal

179 344 321 380 général,
333 352 375 371 un
392 344 445 371 des
462 344 532 379 plus
548 344 688 372 célèbres
704 345 900 373 adversaires
912 344 948 372 de
960 344 1120 380 Napoléon
1134 344 1274 380 pendant

178 380 223 408 les
249 387 437 415 campagnes
453 380 493 407 du
513 380 651 416 premier
666 380 808 417 Empire,
824 380 873 408 fils
889 380 926 408 de
943 380 1138 416 l'Empereur
1161 380 1274 408 d’Alle¬

180 424 292 451 magne
313 415 450 451 Léopold
468 415 511 446 II,
529 416 617 443 oncle
634 416 671 443 de
690 416 877 453 l’empereur
892 416 1076 444 d’Autriche
1097 416 1218 449 actuel,
1234 416 1273 444 né

178 460 216 479 en
240 452 322 485 1771,
341 453 423 479 mort
439 460 477 479 en
496 451 573 479 1847.
590 468 621 471 —
639 452 672 479 L.
688 460 715 479 a.
731 461 754 480 s.
772 461 811 480 au
833 452 879 480 roi
901 452 938 480 de
961 452 1108 486 Bavière;
1134 451 1273 485 Vienne,

177 488 211 515 29
226 487 354 515 octobre
371 487 449 521 1842,
465 487 480 514 2
498 495 525 523 p.
544 488 616 521 in-4,
633 487 743 516 cachet
759 488 777 515 à
791 496 839 516 ses
855 490 966 516 armes.
983 490 1060 515 Rare.
1187 487 1220 515 40
1258 499 1272 513 »

210 523 331 554 Superbe
353 523 441 548 lettre.
464 523 484 547 Il
507 523 532 547 le
548 523 679 548 remercie
694 524 727 548 de
739 524 912 555 l’hospitalité
930 523 1058 548 accordée
1073 523 1089 547 h
1104 530 1147 547 ses
1164 523 1220 553 fils,-
1240 523 1274 548 ils

178 557 225 580 ont
244 555 337 586 appris
356 554 419 585 près
436 555 470 578 du
488 554 526 579 roi
549 555 564 578 à
584 555 671 579 aimer
685 556 724 580 les
744 558 809 581 arts,
825 556 841 579 à
861 562 890 580 se
909 555 1024 586 prendre
1042 554 1273 580 d’enthousiasme

180 594 248 618 pour
262 587 288 610 la
303 586 419 616 religion
435 586 599 618 catholique.
617 586 639 610 Il
656 593 671 617 y
688 586 779 618 ajoute
793 587 841 611 des
861 587 1052 618 compliments
1067 587 1082 611 à
1098 586 1226 611 l’adresse
1241 587 1274 611 de

179 619 203 643 la
220 618 313 642 Heine.

126 655 160 682 36
179 654 371 689 Cherubini
386 653 451 689 (L.),
468 653 497 681 le
513 653 636 681 célèbre
653 654 876 689 compositeur,
894 656 976 682 mort
992 662 1029 682 en
1047 654 1125 682 1842.
1146 669 1177 674 —
1194 653 1227 681 L.
1246 662 1273 681 a.

179 698 203 718 s.
234 690 251 717 à
278 689 459 725 Sigismond
490 688 684 725 Neukomm;
719 690 894 722 Daumont,
924 691 993 726 près
1023 690 1274 726 Montmorency,

181 726 213 753 13
229 725 407 767 septembre
425 725 504 758 1825,
520 725 536 751 2
553 733 580 760 p.
598 725 674 753 in-4.
1188 725 1222 753 25
1260 736 1273 751 »

211 762 340 786 Curieuse
355 762 433 785 lettre
448 761 544 785 intime
560 761 648 792 pleine
668 761 702 786 de
718 762 948 792 découragement
964 764 990 786 et
1004 763 1039 786 où
1058 761 1110 786 l'on
1132 768 1275 792 remarque

180 800 210 818 ce
229 800 345 824 passage
359 799 364 817 :
382 800 392 815 «
407 792 499 821 Quant
518 793 533 816 à
554 793 617 821 moi,
636 792 661 823 je
676 794 767 818 crains
785 794 818 817 de
841 794 937 818 fermer
952 800 1015 818 mon
1036 793 1170 823 magasin,
1189 799 1235 817 car
1250 792 1274 823 je

181 831 249 849 vous
264 823 392 849 avouerai
409 824 597 848 franchement
611 831 664 855 que
678 824 703 856 je
717 825 776 849 suis
791 825 943 855 découragé
957 825 990 849 de
1009 825 1145 849 travailler
1162 831 1230 855 pour
1244 831 1275 848 ce

181 856 227 888 qui
249 863 278 880 se
300 857 428 887 rapporte
450 856 466 879 à
489 855 515 879 la
537 855 756 881 surintendance.
780 856 875 885 Quand
897 856 922 887 je
942 863 1012 881 vous
1035 856 1132 884 verrai,
1156 855 1180 886 je
1206 862 1275 880 vous

180 887 330 918 compterai
355 887 417 918 (.sic)
445 894 475 911 ce
497 894 550 918 que
572 888 623 911 l'on
645 895 661 912 a
680 895 713 912 eu
730 888 756 912 la
771 888 852 912 bonté
868 888 901 912 de
915 888 981 912 faire
1003 889 1017 912 à
1036 887 1136 918 l’égard
1156 887 1188 911 de
1210 893 1274 911 mon

180 920 301 948 collègue
317 920 343 943 et
359 925 394 942 au
408 918 489 942 mien.
511 926 522 941 »

128 960 160 987 37
183 960 367 991 Christine,
392 958 481 985 reine
507 958 543 986 de
568 959 682 992 Suède,
709 959 766 987 née
784 968 822 987 en
849 959 925 992 1626,
952 961 1053 987 morte
1078 967 1115 986 en
1144 959 1222 986 1689.
1240 975 1275 978 —

180 996 248 1023 Let.
265 995 337 1030 sig.,
350 1002 388 1021 en
405 993 530 1028 italien,
548 1003 586 1022 au
601 995 743 1023 cardinal
759 995 899 1024 Rossetti
913 1006 920 1030 ;
938 995 1046 1029 Rome,
1062 995 1095 1022 26
1111 994 1274 1023 décembre

183 1031 261 1064 1671,
278 1031 330 1066 3/4
346 1030 382 1058 de
399 1037 428 1065 p.
446 1029 522 1058 in-4.
1190 1030 1223 1057 15
1260 1041 1274 1054 »

128 1077 161 1104 38
182 1076 309 1111 Cissey
321 1074 587 1111 (Ernest-L.-Oct.
604 1077 708 1104 Courtot
723 1075 783 1111 de),
802 1084 841 1103 un
854 1076 907 1103 des
924 1075 1084 1111 généraux
1100 1076 1136 1103 de
1150 1074 1275 1103 l’armée

182 1113 219 1140 de
237 1112 328 1145 Metz,
352 1110 619 1145 énergiquement
641 1112 755 1147 opposé
781 1112 797 1139 à
821 1111 852 1139 la
876 1111 1098 1148 capitulation,
1121 1119 1277 1139 comman¬

182 1149 259 1176 dant
270 1148 310 1175 du
327 1148 355 1174 2°
366 1154 456 1182 corps
473 1147 537 1175 lors
553 1147 589 1174 de
607 1147 737 1175 Centrée
754 1147 807 1175 des
823 1151 951 1183 troupes
967 1148 1043 1175 dans
1059 1147 1161 1181 Paris,
1173 1147 1276 1183 repré¬

182 1186 310 1212 sentant
334 1183 371 1211 de
392 1182 423 1210 la
444 1182 550 1215 Seine,
572 1183 718 1211 ministre
740 1183 777 1211 de
804 1183 833 1210 la
858 1191 986 1219 guerre.
1007 1199 1039 1203 —
1067 1183 1097 1211 L.
1124 1192 1151 1210 a.
1176 1191 1200 1210 s.
1225 1183 1274 1213 (au

185 1220 312 1256 général
329 1217 448 1252 Trézel)
460 1228 467 1252 ;
485 1218 591 1254 Alger,
613 1219 642 1246 19
658 1219 734 1247 août
751 1219 827 1253 1847,
843 1219 858 1245 2
875 1227 902 1255 p.
918 1220 929 1246 1
941 1219 970 1254 /2
986 1219 1058 1247 in-4.
1191 1218 1224 1245 15
1261 1229 1275 1243 »

204 1256 270 1280 Très
285 1256 353 1280 belle
368 1255 446 1279 lettre
461 1261 509 1278 sur
524 1261 554 1278 sa
568 1255 739 1280 nomination
750 1262 856 1279 comme
871 1255 971 1280 otïicier
986 1255 1019 1279 de
1032 1255 1056 1279 la
1066 1254 1168 1285 Légion
1183 1254 1278 1278 d’hon¬

185 1295 261 1312 neur.
283 1287 305 1311 Il
320 1287 395 1318 parle
417 1285 450 1309 de
469 1285 544 1310 l’état
562 1286 610 1311 des
629 1286 738 1311 affaires
757 1294 790 1311 en
812 1286 933 1316 Algérie;
952 1287 976 1311 la
991 1286 1121 1311 situation
1141 1286 1209 1310 n’est
1229 1292 1277 1316 pas

184 1319 318 1347 brillante,
342 1319 368 1343 la
388 1317 550 1347 population
570 1318 694 1342 ouvrière
711 1318 814 1348 émigre
836 1325 895 1342 vers
913 1318 938 1342 la
957 1319 1057 1342 France
1073 1321 1099 1341 et
1115 1318 1153 1342 les
1168 1317 1277 1341 affaires

185 1358 217 1375 ne
233 1357 263 1374 se
277 1351 396 1375 relèvent
415 1355 463 1378 pas
478 1349 551 1373 faute
571 1350 708 1379 d'argent;
725 1350 743 1374 il
759 1351 866 1380 compte
882 1350 1022 1380 beaucoup
1042 1356 1089 1373 sur
1108 1349 1131 1373 la
1154 1348 1278 1373 nomina¬

186 1382 242 1407 tion
263 1382 299 1405 du
322 1382 374 1406 duc
399 1379 542 1405 d’Aumale
565 1388 671 1405 comme
694 1388 865 1411 gouverneur
889 1388 958 1412 pour
978 1380 1087 1405 rétablir
1112 1380 1272 1412 l’équilibre.

186 1422 196 1437 «
217 1413 256 1438 On
280 1414 376 1444 espère
401 1411 462 1441 qu'à
483 1418 513 1436 sa
533 1412 604 1436 suite
624 1419 658 1437 on
680 1419 757 1437 verra
776 1412 878 1437 arriver
899 1413 932 1437 de
952 1412 1074 1442 l’argent,
1095 1411 1160 1436 c’est
1179 1418 1208 1436 ce
1230 1411 1277 1443 qui

185 1452 303 1476 manque
319 1451 354 1469 au
368 1450 440 1478 pays
455 1450 524 1474 pour
537 1450 704 1475 progresser.
722 1453 733 1467 »

132 1486 166 1514 39
187 1486 317 1522 Cochin
347 1486 463 1522 (J.-D.),
493 1484 689 1520 théologien,
719 1484 841 1512 célèbre
870 1483 1104 1520 philanthrope,
1135 1483 1210 1511 curé
1240 1482 1278 1510 de-

186 1520 679 1558 Saint-Jacques-du-Haut-Pas,
698 1520 867 1548 fondateur
889 1520 926 1547 de
943 1519 1090 1556 l’hospice
1114 1519 1167 1556 qui
1189 1520 1278 1555 porte

187 1566 242 1585 son
260 1566 343 1591 nom,
361 1559 398 1586 né
414 1567 452 1586 en
480 1556 554 1590 1726,
577 1559 659 1584 mort
679 1565 716 1583 en
741 1556 868 1583 1783.—
892 1556 978 1594 Reçu
1002 1557 1067 1583 aut.
1094 1556 1172 1592 sig.;
1200 1555 1278 1589 1772,

187 1594 198 1620 1
217 1601 245 1629 p.
262 1586 337 1621 in-8.
1211 1591 1226 1618 5
1264 1601 1278 1616 »

134 1639 167 1666 40
189 1638 325 1674 Coigny
351 1637 521 1674 (M.-F.-H.,
551 1636 611 1664 duc
641 1636 699 1672 de),
730 1636 886 1664 maréchal
916 1636 953 1664 de
983 1636 1116 1669 France,
1141 1635 1280 1672 premier

188 1673 304 1710 écuyer
320 1674 356 1701 de
376 1673 469 1702 Louis
485 1672 566 1706 XVI,
590 1671 723 1700 brillant
744 1672 904 1700 courtisan
926 1672 962 1700 de
984 1672 1014 1700 la
1033 1671 1150 1700 société
1167 1672 1278 1700 intime

188 1709 225 1736 de
244 1710 272 1737 la
288 1710 376 1737 reine
394 1708 709 1738 Marie-Antoinette.
726 1724 759 1727 —
776 1708 808 1735 L.
826 1717 852 1735 a.
869 1716 892 1736 s.
910 1708 958 1742 (au
975 1707 1135 1735 maréchal
1151 1707 1188 1735 de
1204 1707 1280 1735 Sou-

188 1745 281 1780 bise);
298 1745 410 1778 Olstal,
428 1746 438 1772 1
445 1751 468 1766 er
485 1744 662 1780 septembre
680 1744 778 1779 (1762),
799 1746 805 1771 1
829 1751 857 1779 p.
872 1745 932 1779 pet.
949 1744 1025 1771 in-4.
1045 1746 1119 1771 Rare.
1195 1743 1226 1770 18
1265 1754 1278 1768 »

221 1782 318 1806 Lettre
333 1781 495 1812 historique
508 1781 590 1805 écrite
603 1780 673 1804 deux
688 1779 763 1810 jours
777 1780 856 1810 après
870 1780 896 1804 la
907 1780 1018 1804 victoire
1031 1780 1064 1804 de
1078 1779 1281 1809 Johannisberg

188 1814 229 1843 (30
248 1814 313 1837 août
338 1812 414 1844 1702).
440 1813 459 1836 11
482 1813 519 1836 lui
540 1812 635 1836 envoie
656 1810 729 1836 l’état
749 1812 782 1836 de
796 1813 886 1842 pertes
901 1812 934 1836 de
956 1818 999 1835 ses
1020 1811 1149 1841 dragons,
1175 1817 1282 1835 recom¬

189 1844 320 1868 mandant
333 1844 348 1867 à
364 1844 390 1867 la
403 1844 455 1868 fois
469 1846 497 1868 et
511 1850 555 1867 ses
573 1843 690 1868 officiers
703 1846 729 1867 et
743 1843 897 1867 lui-même.

138 1885 167 1912 41
192 1884 372 1919 Condillac
393 1883 505 1919 (l’abbé
527 1885 628 1911 Bonnot
650 1883 708 1918 de),
732 1882 852 1910 célèbre
870 1883 1130 1923 métaphysicien,
1152 1882 1225 1910 chef
1245 1883 1281 1911 de

190 1919 296 1948 l’école
331 1919 533 1953 sensualiste,
564 1918 703 1946 membre
733 1919 770 1946 de
801 1918 988 1947 l’Académie
1013 1919 1180 1957 française,
1204 1919 1240 1946 né
1265 1919 1283 1946 à

191 1955 359 1984 Grenoble.
384 1971 410 1975 —
441 1954 475 1982 L.
500 1963 527 1982 a.
545 1963 568 1982 s.
591 1955 640 1990 (au
658 1955 718 1982 duc
743 1954 779 1982 de
802 1954 995 1990 Nivernais);
1023 1954 1148 1989 Parme,
1173 1955 1205 1981 18
1231 1954 1283 1982 dé¬

193 1991 317 2020 cembre
335 1991 413 2024 1759,
430 1991 446 2017 4
461 1990 585 2026 p.in-4.
1196 1990 1228 2017 47
1268 2000 1281 2015 »

221 2028 288 2053 Très
308 2027 433 2053 curieuse
447 2027 526 2052 lettre
541 2032 588 2051 sur
603 2026 628 2051 la
642 2028 714 2052 mort
729 2027 761 2052 de
780 2018 1032 2052 Louise-Élisabeth
1051 2026 1084 2051 de
1102 2027 1211 2055 France,
1230 2026 1284 2051 fille

191 2061 224 2085 de
247 2060 330 2084 Louis
353 2060 403 2084 XV
427 2061 454 2084 et
477 2059 577 2083 femme
598 2058 634 2082 du
657 2059 710 2083 duc
731 2059 764 2083 de
785 2059 891 2083 Parme.
909 2059 1038 2087 L’Infant,
1054 2059 1121 2084 dont
1141 2059 1159 2083 il
1178 2059 1242 2083 était
1261 2059 1284 2083 le

190 2099 371 2122 gouverneur,
389 2091 427 2116 lui
452 2097 467 2114 a
482 2090 557 2121 parlé
572 2090 605 2114 de
623 2090 648 2113 la
664 2091 785 2115 manière
806 2091 832 2114 la
851 2091 913 2121 plus
934 2090 1078 2115 touchante
1095 2093 1121 2114 et
1143 2090 1176 2114 l'a
1199 2090 1283 2115 invité

190 2124 205 2148 à
224 2131 256 2147 ne
276 2130 326 2154 pas
343 2122 549 2147 l’abandonner.
568 2129 579 2144 «
596 2121 644 2146 Cet
661 2122 754 2146 enfant
774 2129 842 2146 nous
857 2123 990 2146 intéresse
1004 2129 1101 2146 encore
1118 2122 1282 2152 davantage;
