1432 2245
655 137 776 183 - 2 -
170 218 187 246 5
209 219 387 254 Andrieux
401 219 697 256 (Fr.-Guill.-J.-S.),
714 221 804 256 poète
819 220 976 256 comique,
992 220 1029 248 de
1046 220 1162 249 l'Acad.
1180 220 1297 254 franc.,

207 255 245 282 né
261 263 300 282 en
320 255 399 288 1759,
416 257 498 283 mort
513 264 551 283 en
569 256 646 284 1833.
662 272 697 276 —
712 257 750 284 L.
770 265 800 284 a.
819 264 846 284 s.
866 255 882 284 à
899 257 942 284 M.
963 256 1094 291 Valant,
1117 257 1240 284 homme
1261 256 1298 284 de

207 290 333 326 lettres;
351 291 382 318 17
398 290 523 327 janvier
538 291 617 326 1829,
635 293 644 318 1
665 300 694 328 p.
711 292 787 320 in-4.
1231 292 1247 319 5
1286 302 1299 316 »

236 327 257 351 Il
277 333 405 358 repousse
423 327 558 358 l’épithète
576 329 608 355 de
627 328 725 355 favori
743 327 891 359 d'Apollon
907 330 933 352 et
948 328 1066 358 regrette
1081 328 1114 352 de
1132 335 1165 352 ne
1185 328 1301 359 pouvoir

205 359 321 395 prendre
335 358 543 389 d’engagement
555 359 655 383 vis-vis
670 359 705 383 du
721 359 794 384 désir
808 359 873 390 qu’il
889 358 927 383 lui
943 359 1065 390 exprime
1076 359 1109 383 de
1120 366 1149 383 se
1160 360 1301 390 présenter

204 397 219 414 a
234 389 399 414 l’Académie
416 390 566 420 française,
590 391 614 415 le
637 391 788 421 règlement
807 390 951 417 défendant
975 391 1174 415 formellement
1194 391 1227 415 de
1246 391 1301 415 dis¬

205 427 286 452 poser
298 421 331 445 de
346 428 395 446 son
411 421 541 451 suffrage.

170 452 186 480 6
205 454 306 480 Anne
321 453 539 483 d’Autriche,
556 453 645 481 reine
661 452 698 480 de
714 453 846 487 France,
864 453 979 481 femme
995 452 1032 480 de
1049 452 1145 480 Louis
1160 453 1248 481 XIII.
1267 469 1302 473 —

205 487 240 515 L.
257 496 284 515 a.
302 496 338 522 s.,
355 489 367 515 1
387 496 414 524 p.
432 489 510 516 in-4.
533 488 620 516 Belle
637 488 746 517 lettre.
1215 488 1248 516 45
1287 499 1300 513 »

171 524 185 551 7
204 524 429 560 Argencourt
445 524 566 560 (Pierre
583 523 620 552 de
642 526 724 559 Conty
744 524 797 560 d’),
813 521 937 552 célèbre
954 523 1125 560 ingénieur
1141 524 1181 552 du
1203 525 1300 560 règne

205 559 242 587 de
260 560 354 588 Louis
370 559 459 593 XIII,
476 560 606 596 protégé
623 568 679 596 par
693 559 878 590 Richelieu,
899 568 1000 587 connu
1026 568 1081 604 par
1101 568 1150 588 ses
1166 562 1302 588 travaux

205 603 286 631 pour
301 595 331 623 la
346 595 563 624 construction
580 596 617 623 de
634 596 664 623 la
680 595 776 632 digue
793 594 829 623 de
845 596 889 623 La
904 588 1070 624 Rochelle.
1083 595 1301 627 —Quittance

205 631 277 667 sig.,
295 631 372 665 1625,
389 633 399 657 1
420 639 446 667 p.
465 632 530 659 in-8
547 631 673 667 oblong.
690 634 770 660 tiare.
1217 633 1244 658 11
1286 642 1300 656 »

170 667 185 694 8
205 668 432 703 Armaignac,
444 666 673 703 gentilhomme
690 666 828 707 français
843 666 884 694 du
901 671 968 695 xvi°
984 666 1090 699 siècle,
1107 666 1200 695 fidèle
1217 667 1302 695 valet

206 702 243 730 de
260 702 407 730 chambre
428 703 464 730 de
480 702 580 730 Henri
601 702 643 731 IV
663 702 740 739 qu'il
761 702 833 731 aida
853 702 870 729 à
890 703 956 730 fuir
976 702 1013 730 de
1034 702 1250 737 St-Germain,
1272 702 1301 730 le

205 738 239 765 20
255 738 374 766 février
389 738 470 772 1576;
489 739 512 766 il
528 741 577 767 est
591 741 727 766 souvent
743 738 829 774 parlé
845 738 882 765 de
899 738 945 766 lui
961 738 1038 766 dans
1055 738 1100 766 les
1115 740 1249 766 Mémoires
1264 738 1301 765 de

206 773 394 810 d'Aubigné.
411 790 443 795 —
460 774 494 802 P.
511 782 547 808 s.;
564 773 676 809 Nérac,
693 774 723 802 31
743 774 818 802 août
834 774 912 807 1579,
935 774 959 802 1.
977 782 1005 810 p.
1023 774 1099 801 in-4.
1218 774 1250 801 12
1288 784 1301 799 »

242 810 325 834 Pièce
346 810 481 835 curieuse.
498 810 518 834 Il
538 812 681 834 reconnaît
698 810 775 835 avoir
797 816 860 839 reçu
878 810 913 834 du
933 810 1061 835 trésorier
1079 811 1114 834 du
1134 810 1175 835 roi
1196 810 1229 835 de
1251 810 1304 834 Na¬

207 847 284 865 varre
295 845 321 865 la
336 841 489 872 somme.de
500 841 545 865 200
558 841 639 866 livres
654 844 669 866 à
680 842 717 866 lui
734 842 874 872 comptées
889 848 958 872 pour
972 842 1000 866 la
1012 841 1129 872 pension
1146 844 1172 866 et
1189 842 1302 866 l’entre¬

206 872 262 897 tien
278 873 392 897 annuels
407 874 440 898 de
455 879 505 897 son
519 873 561 897 fris
580 879 653 897 «aux
668 873 813 898 escolles».

170 903 187 930 9
206 904 373 937 Artistes,
390 905 405 931 4
422 904 549 932 feuilles
565 903 602 931 de
622 904 780 937 présence,
797 904 830 931 10
845 912 941 940 pages
957 904 1033 932 in-f.
1052 921 1088 924 —
1103 904 1161 932 Ces
1177 903 1306 932 feuilles

208 939 416 968 contiennent
440 939 572 967 environ
598 940 649 967 300
674 940 856 976 signatures
881 948 918 967 ae
944 940 1096 975 peintres,
1122 940 1305 973 statuaires,

206 975 389 1009 musiciens,
407 979 543 1009 acteurs,
561 975 700 1003 hommes
717 976 754 1003 de
772 976 895 1008 lettres,
912 977 975 1003 etc.
1223 975 1254 1003 15
1291 986 1305 1000 »

245 1010 286 1036 On
306 1018 449 1043 remarque
467 1012 535 1035 dans
552 1011 576 1035 le
594 1011 708 1036 nombre
725 1011 730 1035 :
751 1011 849 1043 Labey
869 1011 941 1043 père
949 1012 954 1040 ,
976 1011 1071 1035 Auber
1080 1011 1086 1040 ,
1107 1011 1183 1035 Léon
1201 1011 1235 1036 de
1254 1012 1309 1037 La-

207 1042 293 1067 borde
296 1042 302 1071 ,
320 1042 477 1068 Farochon,
495 1042 607 1067 Rohaul
620 1042 653 1067 de
668 1042 776 1074 Fleury
780 1042 785 1070 ,
801 1042 900 1067 Justin
911 1042 1028 1072 Ouvrié,
1041 1042 1168 1067 Samson
1172 1042 1177 1072 ,
1190 1042 1292 1073 Signol
1300 1062 1305 1074 ,

206 1074 327 1098 Dantan
339 1073 429 1106 jeune
433 1075 438 1103 ,
453 1074 630 1101 Mainvielle,
650 1073 790 1106 Menjaucl
793 1074 798 1099 ,
813 1074 925 1098 Elicart
930 1073 935 1103 ,
955 1073 1031 1105 Vogt,
1046 1074 1195 1099 liabeneeh
1198 1094 1204 1103 ,
1219 1077 1270 1099 etc.

155 1106 188 1133 10
206 1106 355 1139 Aumale
371 1105 412 1142 (M
414 1106 443 1123 llü
460 1105 509 1141 d'),
528 1105 609 1133 amie
626 1109 658 1133 et
673 1105 844 1133 secrétaire
860 1105 897 1133 de
914 1104 947 1133 M
949 1110 978 1123 me
1000 1105 1037 1133 de
1054 1106 1254 1133 Maintenon.
1275 1121 1306 1125 —

208 1142 242 1170 L.
272 1150 299 1169 a.
329 1149 353 1169 s.
384 1149 422 1169 au
453 1141 596 1169 cardinal
626 1141 662 1168 de
679 1141 814 1177 Fleury;
845 1141 1000 1175 Soissons,
1030 1141 1047 1168 5
1076 1141 1204 1169 octobre
1228 1141 1307 1175 1739,

207 1177 223 1204 2
241 1184 271 1212 p.
291 1177 370 1204 in-4.
1221 1177 1254 1203 16
1292 1187 1306 1202 »

156 1213 185 1240 11
208 1213 330 1248 Banks
362 1212 461 1248 (dos.),
496 1211 620 1240 célèbre
649 1212 840 1240 naturaliste
863 1214 895 1241 et
920 1220 1084 1248 voyageur
1111 1212 1235 1244 anglais
1265 1212 1306 1240 du

206 1256 287 1276 xvm
289 1253 299 1265 e
315 1248 421 1278 siècle,
439 1256 634 1284 compagnon
657 1248 697 1276 du
720 1248 879 1284 capitaine
900 1248 996 1282 Cook,
1013 1250 1051 1276 né
1072 1257 1110 1276 en
1128 1249 1206 1281 1740,
1225 1250 1308 1276 mort

208 1292 246 1312 en
264 1283 344 1311 1820.
358 1300 394 1304 —
410 1283 480 1311 L.a.
494 1292 517 1311 s.
531 1284 548 1311 à
563 1284 604 1311 M.
622 1283 704 1311 John
721 1284 818 1320 lngen
836 1283 949 1317 Housz,
966 1284 981 1311 à
1002 1284 1136 1319 Vienne;
1156 1284 1306 1318 Londres,

209 1319 288 1354 1782,
305 1320 321 1346 4
337 1327 364 1355 p.
382 1319 457 1347 in-4.
477 1319 554 1347 Très
573 1320 653 1347 belle
670 1319 766 1347 lettre
778 1319 993 1356 scientifique.
1222 1320 1255 1347 15
1293 1330 1306 1345 »

156 1354 189 1383 12
209 1355 373 1392 Banville
389 1354 560 1392 (Théodore
578 1355 640 1389 de),
657 1356 748 1391 poète
764 1356 980 1390 romantique.
1001 1358 1032 1383 —
1052 1358 1083 1383 Le
1097 1358 1225 1390 Pressoir,
1242 1356 1307 1383 très

205 1391 286 1427 jolie
303 1390 389 1426 pièce
406 1391 443 1418 de
459 1399 529 1418 vers
546 1392 611 1419 aut.
629 1391 701 1427 sig.,
719 1392 730 1417 1
750 1399 778 1427 p.
797 1390 847 1425 1/2
862 1391 938 1418 in-4.
1221 1391 1254 1418 15
1292 1402 1306 1416 »

157 1426 189 1455 13
208 1429 279 1455 Bar
281 1427 364 1462 ante
388 1426 555 1462 (A.-G.-P.,
574 1426 670 1454 baron
696 1426 761 1463 de),
784 1426 940 1454 historien
967 1426 1020 1454 des
1045 1426 1121 1455 ducs
1144 1427 1181 1454 de
1205 1427 1308 1455 Bour-

211 1462 372 1498 ogne,de
385 1462 573 1490 l'Académie
590 1463 758 1490 française.
767 1478 801 1482 —
809 1462 843 1490 L.
856 1471 883 1490 a.
897 1471 921 1490 s.
935 1462 963 1498 (à
978 1462 1307 1498 PhilarèteChasles);

210 1498 239 1525 1
254 1497 367 1535 juillet
382 1498 461 1531 1861,
479 1499 490 1534 1
510 1506 539 1534 p.
558 1498 607 1533 1/2
623 1498 702 1525 in-8.
1223 1498 1256 1525 10
1295 1510 1308 1523 »

245 1534 376 1559 Curieuse
396 1534 476 1558 lettre
497 1534 532 1558 où
554 1534 572 1558 il
594 1534 633 1558 lui
654 1540 752 1559 accuse
772 1533 909 1564 réception
930 1534 962 1558 de
987 1540 1038 1558 son
1058 1540 1178 1564 ouvrage
1204 1541 1251 1558 sur
1271 1534 1310 1558 les

210 1566 311 1590 Mœurs
325 1564 359 1589 de
377 1565 473 1589 l'Italie
491 1572 527 1589 au
542 1567 780 1590 commencement
795 1566 832 1589 du
846 1572 910 1590 xvii
916 1569 924 1579 8
946 1565 1027 1589 siècle
1046 1568 1073 1590 et
1091 1566 1139 1590 fait
1160 1565 1257 1594 l’éloge
1277 1566 1309 1590 de

210 1604 261 1621 son
275 1597 368 1620 talent.
381 1596 402 1620 Il
416 1597 454 1621 lui
467 1597 587 1627 rappelle
600 1597 665 1627 qu’il
680 1599 721 1621 est
736 1596 860 1627 toujours
872 1596 982 1627 disposé
994 1597 1009 1620 à
1020 1597 1059 1621 lui
1072 1597 1177 1621 donner
1191 1604 1241 1621 son
1255 1598 1310 1621 suf¬

212 1630 287 1658 frage
310 1628 326 1651 à
346 1627 512 1652 l’Académie
533 1628 677 1657 française.
706 1627 768 1652 «On
791 1630 832 1652 est
848 1628 937 1658 obligé
960 1628 992 1652 de
1017 1628 1128 1657 choisir,
1155 1635 1209 1652 non
1234 1629 1311 1659 point

211 1659 318 1690 d’après
339 1660 363 1683 le
386 1659 482 1683 mérite
505 1659 554 1683 des
569 1659 724 1687 candidats,
747 1659 817 1683 mais
838 1659 945 1690 d’après
965 1660 1004 1684 les
1026 1660 1144 1684 chances
1166 1660 1311 1690 probables

212 1692 245 1715 de
260 1691 366 1715 succès.
378 1698 388 1714 »
406 1690 457 1717 (On
473 1691 526 1715 sait
541 1698 593 1722 que
609 1690 746 1715 Philarète
765 1691 877 1715 Chasles
892 1691 959 1715 était
974 1691 1070 1721 depuis
1089 1692 1245 1722 longtemps
1263 1698 1311 1715 sur

212 1723 252 1746 les
262 1728 353 1752 rangs,
370 1722 449 1749 mais,
466 1729 518 1753 que
531 1728 581 1746 son
600 1722 736 1746 caractère
749 1721 869 1751 difficile,
886 1722 933 1753 qui
948 1722 986 1746 lui
1004 1722 1078 1746 avait
1092 1723 1152 1747 créé
1167 1722 1308 1753 beaucoup

211 1753 370 1782 d’ennemis,
387 1754 427 1777 fut
442 1753 564 1783 toujours
576 1760 613 1777 un
629 1754 770 1781 obstacle).

160 1784 193 1811 14
211 1785 442 1820 Barthélemy
461 1784 605 1820 (A.-M.),
626 1785 727 1820 poète,
754 1787 870 1812 auteur
895 1784 931 1813 de
956 1787 1072 1813 Némésis
1081 1807 1088 1819 ,
1114 1786 1151 1813 né
1174 1794 1212 1813 en
1229 1785 1309 1818 1796,

213 1823 297 1848 mort
312 1829 349 1847 en
368 1820 447 1847 1867.
460 1836 501 1840 —
516 1820 552 1848 L.
574 1829 603 1848 a.
624 1829 650 1848 s.
671 1820 688 1847 à
703 1820 733 1848 M
736 1825 767 1839 mo
783 1820 825 1847 Le
842 1820 1024 1856 Chevalier;
1042 1821 1193 1855 Londres,
1214 1822 1230 1848 4
1246 1821 1308 1849 mai

214 1856 293 1890 1848,
310 1856 326 1883 3
341 1864 370 1892 p.
387 1856 465 1890 in-4,
481 1856 604 1884 cachet.
1240 1857 1257 1884 5
1296 1867 1309 1882 »

250 1892 272 1915 Il
287 1892 408 1923 exprime
418 1899 462 1916 ses
473 1892 592 1916 craintes
602 1898 649 1915 sur
662 1892 688 1915 la
702 1891 835 1916 situation
847 1892 990 1923 politique.

161 1922 195 1951 15
213 1924 490 1953 Beaumarchais
505 1923 614 1953 (Caron
632 1922 690 1957 de),
707 1922 845 1950 l'auteur
861 1923 902 1951 du
918 1925 1037 1958 Mariage
1051 1924 1083 1951 de
1098 1926 1193 1958 Figaro
1200 1945 1206 1951 .
1226 1939 1259 1944 —
1276 1923 1311 1950 L.

214 1967 240 1986 a.
258 1967 282 1986 s.
299 1967 338 1986 au
355 1959 487 1987 libraire
504 1959 678 1994 Bossange;
696 1958 727 1985 17
745 1958 853 1986 nivôse
869 1967 908 1986 an
921 1959 947 1993 7,
964 1961 975 1986 1
995 1967 1023 1995 p.
1039 1959 1119 1986 in-8.
1224 1959 1258 1987 30
1298 1970 1311 1984 »

249 1995 403 2025 Spirituelle
420 1995 516 2025 épitre.
536 2004 547 2018 «
566 1995 639 2019 Vous
655 1994 734 2018 savés
750 2001 802 2025 que
815 1995 839 2019 le
855 1995 947 2019 cuivre
965 1996 1012 2019 des
1027 1995 1100 2027 œufs
1119 1995 1233 2026 gravés,
1250 1994 1313 2026 qu’à

213 2026 321 2056 pondus
334 2029 411 2051 notre
428 2025 515 2056 grand
532 2026 662 2054 Voltaire,
683 2032 752 2050 nous
767 2032 885 2057 manque
904 2032 909 2051 :
926 2033 994 2051 vous
1010 2027 1089 2051 savés
1105 2027 1193 2050 même
1205 2033 1257 2058 que
1274 2027 1314 2050 les

212 2058 227 2081 7
242 2057 422 2088 exemplaires
436 2057 518 2081 livrés
532 2059 595 2082 sont
607 2057 698 2088 privés
711 2058 744 2081 de
759 2059 829 2081 cette
842 2064 958 2088 gravure
965 2058 971 2081 1
991 2058 1051 2082 J’en
1066 2058 1125 2082 suis
1143 2058 1268 2088 chagrin.
1291 2057 1314 2081 Il

214 2095 284 2113 nous
296 2089 353 2113 faut
368 2089 463 2114 fondre
477 2093 539 2116 (non
557 2090 626 2113 cette
638 2088 748 2116 cloche),
763 2095 809 2112 car
824 2095 854 2113 ce
867 2088 936 2120 n’est
952 2089 1059 2120 qu’une
1075 2092 1221 2114 sonnette.
1241 2088 1311 2113 Mais

216 2119 289 2145 •afin
305 2120 324 2144 il
338 2127 408 2145 nous
421 2121 478 2145 faut
493 2120 519 2145 la
532 2120 626 2145 fondre
640 2120 646 2144 1
667 2128 678 2143 »
