1416 2299
578 124 611 128 —
630 107 647 135 3
665 124 700 128 —

124 184 178 220 qui
204 183 366 220 l’appelait
389 185 445 211 son
469 185 516 212 bon
540 193 607 219 ange
613 205 619 212 .
648 200 682 203 —
711 184 745 212 L.
772 193 798 212 a.
824 192 848 212 s.
874 184 902 219 (à
925 184 1073 219 Palissot)
1084 194 1091 220 ;
1118 184 1219 218 Paris,

126 220 159 248 10
175 212 257 247 avril
273 219 352 254 1760,
368 220 380 246 1
400 228 428 255 p.
445 219 524 247 in-4.
1136 220 1170 248 25
1208 230 1221 246 »

160 255 283 279 Relative
300 262 352 279 aux
371 256 601 286 représentations
617 262 652 280 au
669 255 933 285 Théâtre-Français
948 256 981 280 de
995 255 1022 279 la
1036 256 1159 280 comédie
1175 256 1223 280 des

126 286 321 318 Philosophez,
337 287 369 311 de
385 287 508 312 Palissot.
526 287 547 312 Il
562 294 577 311 a
594 287 686 318 appris
702 288 766 323 qu’il
782 287 918 317 regardait
933 287 1074 311 l’annonce
1088 288 1138 311 des
1153 287 1223 312 deux

128 319 218 349 pièces
242 318 275 342 de
300 318 419 343 Voltaire
445 321 453 350 (
457 318 603 343 Tancrède
624 319 651 343 et
673 318 830 348 Medimne)
854 325 961 343 comme
984 325 1020 342 un
1046 319 1167 343 obstacle
1188 326 1223 343 au

130 353 219 380 temps
244 351 280 374 oii
306 349 323 373 il
350 350 438 374 désire
464 351 544 381 qu’on
569 349 632 381 joue
659 349 685 374 la
711 350 807 374 sienne
819 358 824 378 ;
854 350 925 374 l’une
952 350 985 374 de
1013 356 1058 374 ces
1088 350 1224 380 tragédies

128 380 298 411 (Tancrède)
312 384 354 405 est
367 382 498 411 nouvelle,
512 381 608 406 l’autre
621 381 629 411 (
632 380 777 405 Médimne
779 382 789 411 )
804 382 870 405 n'est
883 382 966 414 qu’un
981 381 1179 407 remaniement
1191 381 1223 406 de

128 411 290 442 Mahomet;
302 419 408 438 comme
422 413 460 438 les
471 413 634 445 principaux
646 415 755 438 acteurs
767 413 893 438 diffèrent
905 414 974 438 dans
986 414 1025 438 les
1039 414 1110 438 deux
1124 414 1223 445 pièces,

129 445 194 469 elles
208 447 340 475 pourront
355 446 411 469 être
426 445 548 470 étudiées
562 452 596 469 en
611 446 701 469 même
717 448 815 476 temps.

77 476 106 503 11
128 476 333 512 Ashburton
349 476 536 512 (Alexandre
552 478 654 511 Baring
657 498 664 509 ,
676 476 765 511 lord),
779 477 902 504 homme
915 476 1070 513 politique
1083 478 1115 505 et
1125 477 1226 504 finan¬

130 511 196 539 cier
220 512 354 548 anglais,
379 513 498 548 envoyé
524 520 579 548 par
603 512 724 540 Robert
749 512 824 540 Peel
849 521 888 540 au
913 513 1045 548 congrès
1072 512 1226 540 d’Aix-la-

130 547 280 582 Chapelle
296 556 335 575 en
352 548 435 582 1834,
451 547 490 575 né
506 556 543 575 en
561 548 644 581 1773,
660 549 744 576 mort
758 556 797 575 en
815 548 895 575 1848.
915 564 946 568 —
968 548 1001 576 L.
1019 557 1046 576 a.
1063 556 1086 576 s.
1107 549 1140 584 (à
1157 547 1226 575 lord

130 583 276 617 Bucnan,
311 583 419 611 érudit
452 585 484 612 et
519 584 690 620 biographe
724 583 898 619 écossais);
933 584 966 611 28
996 583 1110 620 juillet
1144 584 1227 618 1814,

133 620 143 649 1
164 620 192 649 P.
210 619 261 654 1/4
277 620 353 647 in-4.
1143 619 1178 647 25
1216 630 1229 645 »

166 654 258 679 Lettre
272 655 435 686 historique.
450 655 472 679 Il
488 662 517 679 se
531 656 630 680 félicite
645 662 710 680 avec
726 656 764 679 lui
780 656 812 680 de
824 656 849 679 la
862 655 943 680 chute
956 655 988 680 de
1003 656 1144 687 Napoléon
1157 657 1184 679 et
1196 655 1228 680 de

132 686 156 710 la
173 687 357 711 restauration
372 687 407 711 du
423 687 463 711 roi
479 686 612 718 légitime,
631 687 648 711 il
667 687 764 711 estime
779 694 832 718 que
847 687 871 711 le
887 687 982 712 volcan
999 687 1229 712 révolutionnaire

133 720 174 742 est
189 718 262 742 enfin
275 718 369 743 éteint.

83 749 113 776 12
132 750 279 785 Aubery
308 749 462 784 (Claude),
492 749 615 777 célèbre
646 749 787 777 médecin
817 751 849 777 et
878 749 1063 785 philosophe
1092 749 1231 787 français

135 785 174 812 du
191 793 244 813 xvi
247 791 259 805 e
274 785 386 820 siècle,
407 786 476 821 qui,
499 793 618 813 comme
639 784 822 819 calviniste,
841 785 892 813 fut
907 786 1036 821 attaqué
1057 794 1114 822 par
1132 779 1232 813 Théo¬

135 821 209 848 dore
231 821 268 849 de
288 821 365 849 Bèze
387 821 441 857 qui
463 820 508 849 lui
530 820 712 857 reprochait
736 829 795 848 une
819 821 960 849 certaine
983 821 1138 849 tendance
1162 828 1233 848 vers

135 856 263 890 l’Eglise
280 857 434 891 romaine,
448 858 530 884 mort
545 865 583 884 en
599 857 713 884 1596.—
730 856 763 885 L.
782 865 809 884 a.
826 865 861 892 s.;
879 857 1110 891 Saulx-Leduc,
1124 857 1156 885 19
1172 858 1233 885 oct.

136 893 214 927 1593,
231 893 247 920 2
265 901 291 928 p.
308 892 382 921 in-f.
402 893 516 921 Traces
532 892 569 920 de
586 893 707 920 cachet.
1148 892 1182 920 20
1221 902 1233 918 »

173 929 192 952 Tl
216 929 322 954 déclare
344 928 410 960 qu’il
433 928 475 953 n’a
497 935 547 959 pas
568 929 610 953 été
631 929 647 952 à
667 928 808 953 Francfort
830 928 939 953 suivant
961 928 986 952 le
1007 929 1082 953 bruit
1103 936 1156 960 que
1177 929 1236 953 font

136 960 225 984 courir
241 961 288 985 des
303 961 373 985 amis
388 961 442 984 mal
457 960 651 987 intentionnés,
668 960 738 984 mais
753 960 817 991 qu’il
833 960 897 984 s’est,
911 959 995 983 rendu
1010 961 1189 985 directement
1202 966 1235 984 en

138 992 313 1023 Champagne
333 994 359 1016 et
378 999 412 1016 en
433 992 596 1021 Bourgogne
611 998 718 1016 comme
735 992 752 1016 il
767 998 799 1015 en
816 993 889 1015 avait
906 997 970 1019 reçu
988 991 1195 1016 l’autorisation.
1213 992 1234 1015 Il

136 1023 185 1047 fait
197 1024 275 1054 appel
288 1030 324 1048 au
337 1024 511 1053 témoignage
523 1023 556 1047 de
571 1023 785 1047 l’ambassadeur
798 1023 834 1046 du
848 1023 888 1047 roi
900 1024 915 1047 à
928 1022 1077 1048 Francfort.

89 1053 119 1081 13
138 1055 332 1091 Ballanche
355 1055 481 1091 (P.-S.),
505 1054 627 1082 célèbre
651 1062 788 1090 penseur
810 1054 968 1090 mystique
995 1057 1027 1082 et
1051 1062 1093 1081 un
1119 1054 1156 1082 de
1181 1062 1237 1081 nos

141 1090 210 1126 plus
225 1091 392 1127 éloquents
408 1092 591 1127 prosateurs
607 1090 644 1118 de
662 1090 850 1118 l’Académie
866 1090 1034 1127 française,
1050 1090 1088 1117 né
1105 1090 1123 1117 à
1137 1090 1236 1126 Lyon.

138 1142 173 1146 —
192 1127 228 1154 L.
250 1136 280 1154 a.
300 1135 327 1155 s.
347 1127 365 1154 à
380 1127 424 1154 M.
445 1126 482 1154 de
498 1126 631 1161 Fresne;
648 1126 676 1153 31
698 1134 791 1160 mars,
809 1127 818 1152 1
840 1133 871 1161 p.
892 1119 967 1154 in-H.
1169 1126 1185 1153 5
1224 1135 1236 1151 »

173 1162 242 1187 Jolie
258 1164 337 1187 lettre
351 1163 421 1187 dans
436 1162 551 1194 laquelle
566 1162 584 1186 il
600 1162 675 1193 parle
690 1162 723 1186 de
738 1162 763 1186 M
766 1166 790 1176 n,e
806 1162 839 1186 de
854 1162 998 1187 Récamier
1018 1170 1030 1185 «
1052 1161 1099 1192 qui
1116 1164 1158 1186 est
1175 1164 1238 1186 tou¬

140 1193 214 1224 jours
228 1195 282 1219 fort
296 1194 446 1220 souffrante
462 1202 484 1218 v.

95 1230 122 1256 14
140 1230 349 1265 Baudelaire
371 1229 540 1265 (Charles),
564 1238 606 1257 un
629 1229 682 1257 des
705 1230 813 1264 poètes
836 1230 881 1257 les
903 1229 973 1265 plus
997 1228 1178 1265 distingués
1201 1228 1238 1256 de

141 1265 248 1294 l’école
266 1266 479 1302 romantique,
496 1266 611 1293 auteur
627 1264 680 1293 des
695 1266 785 1293 Fleurs
801 1266 837 1292 du.
851 1266 918 1293 Mal.
924 1281 959 1285 —
973 1264 1008 1292 L.
1025 1273 1052 1292 a.
1069 1272 1093 1292 s.
1111 1265 1128 1292 à
1143 1264 1185 1292 M.
1203 1264 1240 1291 de

142 1301 295 1336 Calonne,
312 1302 476 1329 directeur
491 1301 528 1329 de
545 1301 574 1329 la
592 1303 674 1328 Revue
687 1303 897 1335 contemporaine
905 1322 911 1335 ,
930 1300 946 1327 2
961 1300 1139 1336 septembre
1157 1300 1240 1333 1858,

141 1336 192 1372 3/4
206 1337 243 1365 de
261 1346 292 1374 p.
307 1337 388 1365 in-8.
1154 1336 1187 1364 10
1226 1346 1238 1361 »

94 1376 123 1404 15
142 1378 318 1412 Bellièvre
334 1378 525 1413 (Pomponne
538 1376 596 1412 de),
613 1376 752 1412 premier
768 1376 931 1413 président
947 1384 984 1403 au
1003 1376 1188 1404 Parlement
1204 1376 1241 1403 de

142 1413 243 1448 Paris,
260 1413 384 1442 célèbre
401 1413 585 1449 diplomate,
597 1412 718 1448 envoyé
730 1413 845 1448 auprès
861 1412 898 1439 de
914 1412 945 1440 la
960 1411 1049 1439 reine
1066 1412 1241 1446 Elisabeth,

143 1457 223 1484 pour
252 1449 425 1477 demander
453 1449 484 1476 la
513 1448 628 1476 liberté
657 1448 694 1475 de
723 1447 966 1479 Marie-Stuart,
994 1447 1176 1475 chancelier
1205 1447 1242 1475 de

143 1485 262 1513 France
278 1494 351 1513 sous
367 1484 467 1513 Henri
484 1483 535 1518 IV,
552 1484 590 1511 né
607 1484 624 1511 à
639 1483 727 1519 Lyon
743 1492 782 1511 en
800 1484 877 1517 1529,
894 1485 978 1511 mort
993 1491 1030 1510 en
1048 1484 1129 1512 1607.
1149 1500 1184 1503 —
1199 1483 1237 1511 L.

144 1528 174 1547 a.
194 1528 221 1549 s.
241 1522 259 1548 à
276 1521 429 1556 Villeroy;
445 1520 548 1553 Paris,
564 1520 580 1547 2
597 1519 658 1547 mai
676 1519 755 1554 1604,
772 1520 783 1546 1
803 1528 835 1555 p.
856 1520 929 1547 in-f.
1156 1519 1190 1547 45
1227 1529 1241 1544 »

92 1560 124 1588 16
144 1561 300 1597 Berryer
316 1561 456 1597 (A.-P.),
473 1560 623 1588 l’illustre
640 1560 770 1587 orateur
785 1559 1047 1596 parlementaire,
1065 1559 1102 1587 de
1119 1559 1238 1587 l’Acad.

144 1596 184 1623 fr.
205 1613 236 1617 —
258 1597 294 1624 L.
315 1606 345 1624 a.
365 1605 407 1631 s.;
425 1597 436 1623 1
455 1604 486 1632 p.
506 1596 586 1624 in-8.
1172 1595 1188 1622 3
1227 1605 1240 1620 »

91 1636 123 1663 17
144 1637 278 1673 Bezons
295 1637 445 1673 (Jacques
459 1638 545 1664 Bazin
560 1636 628 1672 de),
649 1644 690 1663 un
707 1635 761 1663 des
777 1635 848 1671 plus
864 1635 975 1663 braves
992 1635 1184 1663 maréchaux
1200 1635 1241 1662 du

144 1672 241 1708 règne
262 1673 299 1701 de
321 1673 418 1701 Louis
439 1672 522 1706 XIV,
543 1671 682 1699 membre
703 1671 744 1699 du
766 1671 885 1699 conseil
908 1671 944 1699 de
965 1671 1123 1707 Régence,
1144 1671 1182 1698 né
1203 1679 1241 1698 en

145 1708 222 1742 1646,
239 1710 323 1736 mort
339 1717 377 1736 en
394 1708 516 1736 1733.—
531 1708 567 1735 L.
588 1716 618 1735 a.
638 1716 664 1735 s.
684 1708 733 1741 (au
751 1707 811 1734 duc
827 1707 864 1734 de
881 1707 1042 1742 Noailles);
1060 1707 1242 1742 Saragosse,

144 1743 176 1771 29
199 1744 260 1772 mai
283 1744 384 1780 (1709),
406 1744 422 1771 2
445 1752 473 1780 p.
497 1743 548 1778 3/4
571 1743 646 1771 in-4.
673 1743 716 1770 La
737 1743 904 1779 signature
928 1752 946 1770 a
967 1742 1017 1771 été
1039 1742 1131 1770 biffée
1156 1742 1243 1779 légè¬

146 1781 283 1808 rement.
1155 1778 1189 1806 50
1229 1788 1241 1803 »

180 1816 260 1840 Pièce
282 1816 441 1846 historique.
465 1816 568 1839 Minute
590 1815 622 1839 de
644 1815 722 1839 lettre
745 1814 828 1839 écrite
850 1821 903 1845 peu
924 1814 957 1838 de
978 1816 1068 1844 temps
1090 1814 1171 1844 après
1193 1820 1243 1838 son

146 1846 279 1871 élévation
295 1854 330 1871 au
344 1846 522 1871 maréchalat.
539 1846 560 1870 Il
575 1846 600 1870 le
617 1846 745 1870 remercie
762 1846 795 1870 de
812 1846 906 1870 l’avoir
923 1845 1115 1870 recommandé
1134 1852 1169 1869 au
1189 1845 1242 1869 duc

145 1877 285 1902 d’Orléans
298 1880 325 1903 et
336 1878 375 1902 lui
389 1878 514 1903 souhaite
526 1878 552 1902 la
565 1878 655 1901 même
668 1877 780 1907 dignité.
795 1877 817 1901 Il
831 1884 848 1901 a
860 1877 908 1901 des
921 1877 1010 1901 vivres
1021 1883 1088 1907 pour
1100 1877 1144 1901 130
1155 1876 1241 1907 jours,

145 1909 215 1933 mais
230 1916 280 1940 pas
294 1910 327 1934 de
342 1910 469 1939 fourrage
484 1916 553 1940 pour
567 1910 606 1933 les
621 1909 756 1937 chevaux;
773 1909 812 1933 les
826 1911 1035 1939 entrepreneurs
1047 1908 1242 1933 abandonnent

145 1940 217 1964 leurs
232 1941 422 1971 ambulances,
439 1942 463 1965 le
478 1940 552 1970 siège
568 1940 600 1965 de
616 1940 736 1965 Benasco
752 1942 794 1964 est
811 1941 863 1964 fort
877 1940 946 1964 lent:
964 1940 983 1963 il
999 1946 1032 1964 va
1047 1947 1077 1964 se
1094 1939 1191 1963 rendre
1207 1940 1241 1963 du

145 1972 205 1995 côté
220 1971 252 1995 de
268 1971 365 1996 Lérida
380 1974 406 1995 et
421 1972 453 1996 de
468 1972 612 2002 Balaguer.

97 2011 126 2038 18
146 2012 308 2046 Bongars
324 2011 504 2047 (Jacques),
521 2012 632 2038 savant
648 2011 802 2038 historien
821 2013 853 2038 et
869 2010 1040 2046 diplomate
1058 2010 1242 2039 calviniste,

146 2046 250 2074 habile
267 2047 415 2082 critique,
433 2046 657 2074 ambassadeur
672 2046 712 2073 du
730 2046 777 2073 roi
795 2046 894 2073 Henri
909 2045 948 2073 IV
960 2054 998 2073 en
1010 2046 1196 2081 Allemagne
1211 2048 1244 2073 et

145 2081 162 2108 à
178 2081 451 2117 Constantinople,
467 2083 504 2109 né
521 2083 538 2108 à
553 2081 683 2109 Orléans
699 2090 737 2109 en
754 2082 834 2116 1554,
851 2084 934 2109 mort
949 2090 985 2108 en
1004 2081 1084 2108 1612.
1101 2097 1132 2102 —
1151 2081 1186 2109 L.
1207 2089 1237 2109 a.
