1424 2299
846 139 1042 167 Décembre
1051 139 1149 166 1885.

97 141 158 169 XX
160 146 173 161 e
186 141 309 168 année.
556 141 604 167 N°
622 140 676 167 95.

439 236 807 289 REVUE

600 313 654 333 DES

58 362 1206 510 AUTOGRAPHES

197 545 257 580 DES
274 536 464 580 CURIOSITÉS
483 545 519 580 DE
536 545 551 579 L
565 544 710 580 HISTOIRE
729 546 755 580 &
771 544 808 579 DE
825 544 859 579 U
877 544 1065 580 BIOGRAPHIE

310 604 423 632 Fondée
438 613 474 632 en
490 606 559 632 1866
575 613 627 639 par
642 605 756 632 Gabriel
771 605 954 632 CHARAVAY

76 662 359 685 PARAISSANT
373 662 546 688 CHAQUE
563 662 677 687 MOIS,
689 662 798 685 SOUS
813 662 872 684 LA
885 646 1189 696 OIH,ECT^lchttzSÊ

365 703 541 738 EUGÈNE
571 710 815 737 CHARAVAY
836 710 907 737 FUs

177 799 260 826 PRIX
279 799 322 825 DE
342 798 612 825 L’ABONNEMENT
628 807 633 825 :
658 799 734 826 Pour
748 806 788 825 un
803 806 839 825 an
854 798 901 833 (12
917 797 1069 833 numéros)
1087 807 1092 825 :

57 848 164 875 France,
176 848 189 871 3
198 848 225 876 f.;
235 847 376 877 Etranger,
387 846 400 870 4
411 846 502 871 k.—On
511 846 640 871 s’abonne
648 847 663 870 à
673 847 758 874 Paris,
769 847 834 871 chez
842 846 876 870 M.
886 846 997 877 Eugène
1005 846 1213 873 CHARAVAY,

361 879 384 906 8,
404 878 468 909 quai
484 878 520 902 du
538 879 652 903 Louvre.
658 891 687 896 —
695 878 729 902 Et
738 879 754 902 à
762 878 900 903 Londres:

132 919 196 943 chez
215 919 249 942 M.
267 919 361 943 A.-W.
373 919 576 946 Thibaudeau,
595 919 630 947 18,
647 918 735 943 Green
753 920 845 946 Street,
862 918 1027 943 St-Martin’s
1042 918 1132 942 Place.

146 1022 566 1072 AUTOGRAPHES
608 1026 639 1071 A
682 1022 818 1072 PRIX
868 1013 1136 1075 MARQUÉS

232 1095 276 1123 En
293 1096 385 1123 vente
402 1094 474 1122 chez
490 1096 633 1130 Eugène
654 1096 908 1129 CHARAVAY,
926 1096 1047 1130 expert,

402 1151 425 1180 8.
447 1150 507 1181 QUAI
529 1151 561 1176 DU
584 1151 692 1181 LOUVRE,
716 1151 739 1181 8.
762 1151 775 1176 A
797 1151 870 1176 PARIS

59 1231 242 1258 Abréviations
261 1239 268 1256 :
296 1232 322 1257 L.
345 1239 371 1257 a.
394 1231 428 1263 §.,
453 1231 526 1257 lettre
546 1231 705 1265 autographe
726 1234 750 1257 et
770 1232 872 1264 signée;
897 1231 981 1258 Acad.
1005 1232 1054 1264 /?*.,
1082 1231 1221 1258 Académie

183 1276 328 1309 française;
350 1276 448 1307 Soasc.,
464 1276 630 1310 compliment
644 1276 789 1302 terminant
802 1276 829 1302 la
843 1276 933 1307 lettre;
953 1277 996 1310 P.,
1011 1283 1087 1310 page.

91 1389 101 1415 1
124 1388 280 1423 Aerssen
295 1387 459 1424 (François
474 1386 529 1423 d'),
545 1386 668 1414 célèbre
686 1387 808 1414 homme
827 1387 999 1423 politique,
1016 1387 1162 1415 créature
1180 1387 1217 1415 de

123 1423 263 1451 Maurice
284 1423 321 1450 de
341 1422 478 1457 Nassau,
499 1423 553 1459 qui
574 1422 743 1450 contribua
763 1423 780 1450 à
800 1423 829 1450 la
851 1426 933 1450 mort
954 1423 991 1450 de
1011 1422 1217 1457 Barneveldt,

123 1458 267 1495 comparé
290 1460 307 1486 à
328 1459 537 1486 Oxenstierne
561 1466 616 1494 par
638 1459 666 1485 lo
690 1458 832 1486 cardinal
855 1459 1035 1492 Richelieu,
1060 1458 1215 1487 ambassa¬

124 1495 202 1522 deur
218 1503 255 1522 en
272 1494 391 1522 France
408 1502 446 1522 en
467 1494 541 1527 1624,
559 1494 596 1521 né
613 1502 650 1521 en
668 1494 746 1528 1572,
763 1495 846 1522 mort
861 1503 899 1522 en
917 1495 997 1522 1641.
1017 1511 1051 1514 —
1076 1495 1109 1522 L.
1130 1503 1156 1523 a.
1174 1503 1216 1529 s.,

124 1539 162 1558 en
178 1530 325 1569 français,
341 1531 358 1557 à
373 1530 664 1561 Butrinckhausen,
681 1530 852 1558 conseiller
868 1530 908 1557 du
926 1530 986 1558 duc
1002 1530 1039 1558 de
1056 1530 1217 1558 Wurtem¬

125 1567 216 1602 berg;
234 1567 276 1594 La
291 1566 389 1602 Haye,
406 1567 421 1594 8
438 1566 512 1594 août
527 1566 605 1599 1619,
622 1565 638 1593 3
654 1573 684 1601 p.
700 1565 775 1593 in-f.
792 1566 919 1594 Cachet.
938 1568 1086 1594 Très-rare.
1129 1567 1163 1594 40
1202 1577 1215 1592 »

159 1602 301 1627 Précieuse
316 1602 394 1626 lettre
409 1602 489 1627 d’une
504 1601 607 1631 grande
622 1602 791 1632 importance
810 1601 970 1633 historique.
989 1602 1042 1626 Les
1056 1601 1216 1627 Hollandais

126 1636 186 1657 sont
199 1634 307 1658 décidés
321 1634 335 1658 à
354 1641 365 1656 «
382 1634 519 1664 s’opposer
537 1640 601 1657 avec
619 1640 745 1663 courage,
766 1633 845 1657 effort
863 1636 889 1657 et
908 1634 1043 1661 conduite,
1065 1636 1158 1658 contre
1178 1634 1217 1658 les

125 1665 230 1689 moiens
249 1667 275 1689 et
294 1665 478 1696 entreprinses
497 1665 530 1689 de
547 1665 572 1689 la
592 1665 695 1689 Maison
715 1664 886 1689 d'Austriche
907 1665 975 1689 dans
993 1664 1120 1696 l’Empire
1139 1674 1160 1689 ».
1178 1665 1216 1689 Ils

127 1695 249 1720 aideront
262 1696 371 1721 l’Union
386 1697 564 1727 évangélique
578 1699 604 1720 et
619 1696 757 1721 tiendront
773 1698 862 1721 toutes
878 1696 950 1721 leurs
968 1705 978 1719 «
995 1697 1082 1721 forces
1097 1703 1130 1721 en
1145 1699 1216 1721 estât

127 1728 153 1750 et
167 1730 279 1756 prestes,
295 1734 363 1759 pour
378 1728 394 1752 à
410 1728 435 1752 la
449 1728 573 1753 moindre
589 1728 805 1752 démonstration
820 1734 874 1758 que
888 1728 999 1758 Spinola
1017 1728 1071 1752 fera
1090 1728 1123 1752 de
1138 1728 1218 1753 voul-

125 1757 175 1781 loir
190 1761 279 1783 entrer
291 1760 359 1783 dans
371 1758 506 1790 l'Empire,
521 1760 545 1783 le
558 1759 681 1783 talonner
694 1762 721 1783 et
733 1759 758 1783 le
772 1762 906 1783 traverser
920 1768 941 1783 ».
955 1759 1062 1784 L’hiver
1075 1759 1215 1790 prochain,

125 1788 143 1812 il
160 1789 254 1814 faudra
271 1797 385 1821 pousser
404 1791 419 1814 à
440 1791 549 1815 l’action
568 1791 592 1814 le
613 1790 653 1814 roi
672 1791 867 1820 d’Angleterre,
888 1790 1005 1821 Jacques
1024 1790 1059 1819 II,
1081 1799 1092 1813 «
1113 1797 1218 1815 encou¬

127 1826 206 1850 rager
219 1821 258 1845 les
273 1822 438 1846 Bohémiens
452 1824 478 1847 et
493 1822 562 1846 allen
567 1822 600 1845 tir
615 1822 654 1845 les
668 1823 771 1851 grandz
786 1821 879 1846 effortz
894 1822 926 1846 de
941 1819 1097 1853 l’Espagnol
1111 1830 1131 1847 ».
1149 1822 1218 1846 Mais

127 1851 149 1876 si
161 1851 306 1876 l’archiduc
319 1854 470 1878 Ferdinand
481 1853 569 1878 arrive
581 1854 597 1876 à
607 1852 744 1884 l’Empire,
758 1855 896 1878 comment
906 1853 1016 1878 l’Union
1027 1854 1063 1877 lui
1076 1854 1218 1878 résistera-

127 1883 222 1907 t-elle?
238 1882 258 1907 Il
274 1890 354 1914 passe
369 1892 402 1910 en
418 1892 499 1909 revue
514 1886 577 1909 tous
592 1885 630 1908 les
645 1884 722 1909 Etals
737 1885 881 1915 d’Europe.
899 1892 910 1908 «
923 1884 959 1909 La
975 1886 1076 1909 France
1089 1886 1217 1909 demeure

126 1921 157 1938 en
174 1921 218 1938 ses
232 1914 371 1945 jalousies;
389 1916 448 1941 rien
463 1917 495 1941 de
511 1916 595 1940 solide
611 1923 644 1940 ne
659 1916 698 1944 s’y
710 1916 888 1948 entreprend;
902 1923 937 1941 on
951 1916 1096 1946 s’esloigne
1109 1917 1142 1941 de
1155 1916 1218 1947 plus

126 1953 159 1970 en
177 1946 237 1976 pins
255 1946 287 1970 de
306 1953 387 1977 nous;
409 1948 465 1972 cela
484 1947 547 1972 faict
567 1954 619 1978 que
639 1947 793 1973 délibérons
809 1947 853 1977 d’y
867 1954 985 1978 envoyer
1001 1955 1053 1972 une
1069 1948 1217 1972 solennelle

127 1977 288 2002 ambassade
305 1987 325 2002 ».

93 2008 109 2036 2
128 2010 335 2045 Aguesseau
352 2009 487 2045 (H.-Fr.
508 2010 560 2045 d'),
579 2009 704 2037 illustre
724 2010 905 2038 chancelier
920 2010 957 2037 de
974 2009 1109 2041 France,
1126 2010 1163 2037 né
1179 2018 1217 2037 en

128 2044 206 2077 1668,
223 2048 303 2073 mort
320 2053 359 2072 en
376 2045 496 2072 1751.—
517 2046 549 2073 L.
567 2053 593 2072 a.
610 2053 645 2079 s.;
662 2045 790 2078 Fresne,
808 2045 886 2079 1712,
908 2046 913 2072 1
936 2053 963 2081 p.
982 2046 1031 2080 1/2
1048 2046 1129 2081 petit
1144 2046 1217 2073 in-4.

128 2078 177 2107 Un
195 2087 254 2115 peu
270 2080 380 2108 tachée
397 2081 496 2109 d'eau.
515 2080 679 2109 Curieuse.
1151 2081 1167 2107 8
1205 2091 1218 2106 »

93 2114 108 2141 3
129 2115 357 2149 Aigrefeuille
387 2116 426 2151 (le
455 2116 595 2153 marquis
625 2117 671 2152 d'),
702 2117 829 2145 fameux
859 2118 1071 2151 gastronome,
1104 2116 1219 2152 auquel
