3637 4663
830 593 885 645 16
1217 618 1315 645 ^
1412 603 1635 644 CHEFS
1697 604 1782 644 DE
1841 602 2440 646 GOUVERNEMENT
2537 593 2635 646 ^
2936 593 3029 642 S.i

806 899 837 942 f
857 899 914 942 32
940 908 972 938 -F
1006 895 1221 940 MARIE
1260 893 1504 941 LOUISE
1545 892 1976 949 D’AUTRICHE,
2013 910 2059 939 n.
2094 895 2120 939 à
2153 894 2336 939 Vienne
2378 896 2671 954 (Autriche),
2708 911 2759 941 12
2791 895 3033 940 décembre

814 979 946 1024 1791,
972 962 1062 1006 fille
1087 961 1220 1007 aînée
1242 963 1296 1007 de
1319 963 1596 1021 l’empereur
1623 959 1899 1007 d’Autriche
1926 961 2149 1020 François
2175 963 2213 1018 I,
2238 961 2435 1007 seconde
2456 963 2629 1009 femme
2654 964 2710 1008 de
2739 960 2986 1022 Napoléon
3014 963 3031 1005 I

807 1035 847 1088 ([
880 1028 995 1074 avril
1031 1029 1182 1086 1810),
1212 1029 1440 1073 duchesse
1477 1029 1532 1073 de
1568 1031 1738 1073 Parme
1760 1027 1939 1084 (1814),
1966 1044 2029 1073 m.
2059 1033 2084 1073 à
2105 1028 2304 1085 Vienne,
2342 1029 2394 1073 18
2418 1028 2658 1076 décembre
2694 1032 2828 1091 1847.

859 1121 902 1156 L.
934 1120 981 1156 A.
1016 1120 1057 1157 S.
1086 1121 1108 1156 à
1139 1120 1175 1156 la
1205 1127 1401 1155 comtesse
1435 1120 1496 1155 Du
1530 1120 1700 1162 Perron,
1724 1117 1744 1153 à
1780 1116 1935 1164 Turin;
1959 1118 2293 1163 Aix-en-Savoie,
2319 1118 2337 1154 3
2349 1130 2359 1153 i

807 1174 1028 1223 enveloppe
1059 1184 1097 1211 et
1126 1172 1279 1220 cachet.
1307 1172 1425 1220 (Coll.
1459 1172 1755 1223 Dubrunfaut.)
1776 1192 1822 1198 —
1846 1172 1887 1208 P.

842 1253 922 1282 Jolie
937 1253 1041 1289 lettre,
1060 1252 1158 1283 écrite
1180 1252 1316 1289 pendant
1336 1252 1365 1280 la
1387 1252 1542 1288 première
1569 1250 1796 1281 restauration.
1821 1250 1887 1279 Elle
1910 1252 1940 1279 la
1963 1251 2117 1280 remercie
2134 1252 2189 1281 des
2208 1260 2356 1289 marques

805 1296 1048 1325 d'attachement
1065 1295 1178 1333 qu’elle
1203 1294 1246 1323 lui
1267 1302 1284 1322 a
1299 1293 1439 1323 données
1459 1300 1490 1323 et
1510 1295 1644 1323 l’assure
1662 1293 1718 1322 des
1734 1291 1922 1322 sentiments
1935 1294 2078 1323 d’estime
2097 1298 2128 1324 et
2151 1294 2189 1323 de
2207 1294 2357 1323 considé¬

809 1338 912 1367 ration
930 1338 1042 1376 qu’elle
1059 1338 1105 1368 lui
1126 1346 1144 1367 a
1163 1335 1264 1365 voués
1285 1341 1315 1364 et
1332 1336 1445 1374 qu’elle
1465 1337 1510 1366 lui
1532 1344 1698 1366 conserve.

809 1451 839 1496 4-
863 1451 919 1496 33
948 1453 975 1497 -f
1012 1438 1384 1497 NAPOLÉON
1418 1451 1462 1495 II
1494 1449 2151 1509 (François-Charles-Joseph
2188 1447 2488 1504 Bonaparte,
2518 1447 2619 1504 dit),
2656 1463 2702 1492 n.
2735 1451 2760 1492 à
2792 1449 2945 1504 Paris,
2985 1465 3042 1495 20

809 1533 934 1562 mars
965 1518 1101 1574 1811,
1119 1517 1191 1561 fils
1216 1516 1389 1576 unique
1427 1517 1483 1561 de
1526 1517 1778 1576 Napoléon
1817 1516 1835 1560 I
1873 1528 1918 1561 et
1953 1517 2009 1560 de
2045 1516 2449 1572 Marie-Louise,
2484 1514 2551 1559 roi
2577 1514 2634 1558 de
2659 1515 2830 1571 Rome,
2869 1515 2955 1559 duc
2988 1516 3043 1559 de

813 1585 1081 1630 Reichstadt
1118 1587 1193 1643 (22
1232 1584 1377 1643 juillet
1414 1584 1568 1641 1818),

815 1667 877 1697 m.
913 1655 937 1697 à
973 1649 1309 1697 Schoenbrunn
1369 1651 1477 1711 près
1513 1651 1569 1695 de

814 1721 1009 1774 Vienne,
1038 1733 1094 1762 22
1122 1721 1269 1774 juillet
1297 1721 1431 1762 1802.

860 1807 1018 1842 Minute
1039 1807 1087 1841 de
1108 1805 1224 1841 lettre
1255 1814 1336 1841 aut.
1364 1804 1452 1851 sig.,
1474 1815 1569 1839 avec

812 1870 965 1896 ratures
993 1868 1031 1895 et
1058 1858 1319 1900 corrections,
1362 1858 1384 1892 à
1413 1869 1469 1892 un
1501 1858 1570 1904 gé¬

812 1912 940 1958 néral;
975 1911 1145 1955 Vienne,
1184 1923 1227 1946 10
1261 1908 1417 1957 janvier
1456 1909 1567 1958 1829,

818 1980 827 2002 1
857 1978 894 2013 p.
925 1966 984 2013 1/2
1006 1965 1110 2011 in-4.
1132 1986 1181 1991 —
1204 1965 1248 2001 P.

845 2043 1096 2073 Remercîments
1126 2041 1164 2070 de
1190 2049 1242 2069 ses
1267 2050 1364 2070 vœux
1391 2041 1428 2070 de
1464 2042 1570 2070 bonne

809 2086 920 2115 année.
944 2084 1118 2114 Nouvelles
1141 2084 1178 2111 de
1208 2091 1258 2111 ses
1283 2083 1394 2112 études
1418 2089 1448 2112 et
1476 2083 1514 2112 de
1540 2084 1571 2112 la

807 2138 896 2160 cour.
929 2127 988 2157 Ses
1017 2124 1128 2156 études
1157 2127 1195 2155 de
1219 2125 1464 2164 jurisprudence
1495 2131 1569 2155 sont

806 2173 1060 2209 interrompues,
1088 2169 1168 2199 mais
1189 2178 1239 2198 ses
1266 2168 1378 2198 études
1398 2169 1569 2199 militaires

807 2224 846 2244 ne
873 2215 980 2243 feront
1004 2215 1078 2252 qu’y
1100 2221 1232 2251 gagner.
1253 2223 1265 2238 «
1292 2213 1395 2241 Notre
1418 2214 1568 2242 carneval

803 2267 842 2287 ne
858 2266 928 2286 sera
946 2265 1005 2294 pas
1023 2256 1049 2286 si
1065 2256 1188 2285 animée
1208 2264 1270 2294 que
1291 2256 1337 2284 les
1352 2258 1471 2285 années
1492 2258 1569 2294 pré¬

800 2301 960 2336 cédentes,
974 2300 1055 2329 mais
1071 2309 1110 2329 en
1122 2304 1193 2329 tout
1206 2308 1258 2328 cas
1271 2308 1328 2337 pas
1343 2299 1416 2337 plus
1435 2298 1568 2329 brillant

803 2353 886 2382 pour
906 2343 970 2373 moi
988 2353 1050 2381 que
1072 2353 1155 2382 pour
1172 2353 1273 2376 vous;
1292 2352 1332 2373 on
1351 2343 1409 2373 m’a
1426 2342 1568 2373 défendu

798 2388 829 2416 la
853 2387 952 2416 danse
979 2395 1062 2424 pour
1084 2386 1234 2424 prévenir
1256 2387 1381 2424 chaque
1411 2385 1567 2416 affection

800 2429 1002 2466 poitrinaire.
1033 2441 1045 2456 »
1073 2445 1109 2451 —
1134 2430 1200 2465 (On
1227 2429 1291 2458 sait
1315 2438 1376 2466 que
1400 2430 1428 2457 le
1460 2428 1569 2466 prince

798 2477 927 2501 mourut
948 2472 1041 2501 d’une
1059 2471 1207 2500 affection
1225 2471 1263 2499 de
1280 2470 1445 2508 poitrine.)

807 2588 834 2632 4-
861 2588 921 2644 34
945 2601 973 2630 +
1011 2584 1210 2632 LOUIS
1243 2586 1431 2641 XVIII,
1450 2601 1496 2630 n.
1528 2588 1552 2629 à
1574 2585 1845 2642 Versailles,
1878 2602 1929 2646 17
1953 2587 2211 2632 novembre
2240 2589 2374 2648 1755,
2400 2598 2549 2631 comte
2568 2587 2624 2631 de
2650 2587 2908 2642 Provence,
2932 2586 3048 2630 frère

799 2653 932 2696 cadet
969 2653 1026 2697 de
1069 2653 1216 2696 Louis
1252 2653 1384 2706 XVI,
1420 2651 1489 2695 roi
1526 2652 1566 2696 le
1607 2653 1662 2696 25
1699 2652 1815 2696 avril
1860 2653 1994 2709 1814,
2024 2667 2088 2698 m.
2126 2657 2151 2697 à
2185 2655 2339 2710 Paris,
2384 2654 2435 2699 16
2470 2653 2742 2712 septembre
2775 2654 2908 2710 1824.

849 2741 894 2776 L.
915 2741 963 2775 A.
981 2741 1022 2777 S.
1048 2741 1069 2776 à
1090 2741 1257 2786 Willot;
1280 2741 1421 2786 Mitau,
1446 2741 1492 2778 23
1513 2743 1740 2791 septembre
1769 2754 1879 2790 1799,
1908 2741 1965 2790 1/2
1988 2754 2025 2789 p.
2050 2741 2146 2790 in-4.
2169 2765 2217 2770 —
2241 2744 2284 2783 P.
2305 2744 2352 2780 de
2373 2744 2429 2780 Le
2455 2744 2579 2780 Beau.

833 2818 858 2846 Il
873 2818 901 2845 le
917 2817 1069 2845 remercie
1082 2818 1119 2846 de
1136 2827 1187 2846 ses
1203 2818 1298 2846 offres
1318 2819 1356 2846 de
1372 2818 1504 2847 service.
1521 2829 1533 2845 «
1548 2820 1583 2847 Je
1600 2819 1735 2848 connois
1757 2819 1796 2848 de
1823 2819 1925 2847 même
1945 2825 2035 2849 votre
2056 2821 2123 2850 zèle
2139 2827 2170 2851 et
2190 2831 2246 2851 vos
2264 2823 2385 2858 talens;
2406 2821 2446 2860 j’y
2466 2826 2591 2858 compte
2611 2828 2687 2849 avec

795 2858 957 2889 confiance
974 2865 1004 2886 et
1020 2858 1048 2894 je
1066 2859 1230 2895 m’occupe
1244 2859 1299 2886 des
1316 2868 1448 2896 moyens
1463 2860 1500 2887 de
1515 2860 1561 2888 les
1577 2861 1693 2888 rendre
1710 2861 1746 2888 de
1762 2861 1835 2897 plus
1851 2869 1889 2889 en
1903 2862 1973 2898 plus
1988 2861 2082 2891 utiles
2099 2863 2116 2891 à
2134 2864 2261 2893 l’Etat.»
2284 2880 2319 2886 —
2339 2865 2376 2899 (Il
2395 2862 2485 2900 s'agit
2498 2871 2573 2890 sans
2590 2862 2686 2889 doute

795 2902 836 2931 du
849 2902 977 2939 général
1001 2900 1124 2937 Willot,
1140 2901 1195 2938 qui
1216 2900 1302 2929 avait
1318 2901 1366 2929 été
1384 2901 1516 2938 déporté
1536 2902 1554 2930 à
1572 2902 1742 2940 Sinamary
1758 2903 1851 2940 après
1868 2904 1896 2932 le
1915 2904 1949 2933 18
1964 2904 2122 2935 fructidor
2137 2912 2168 2935 et
2184 2907 2285 2936 s’était
2301 2907 2398 2936 évadé
2416 2914 2491 2935 avec
2507 2903 2687 2940 Pichegru.)

799 3007 970 3052 4-35-4-
1004 3003 1320 3052 CHARLES
1355 3006 1416 3062 X,
1457 3023 1503 3052 n.
1545 3010 1570 3052 à
1613 3007 1887 3064 Versailles,
1926 3025 1954 3070 9
1997 3010 2190 3056 octobre
2238 3013 2377 3072 1757,
2412 3018 2563 3053 comte
2598 3005 2829 3063 d’Artois,
2852 3007 2970 3056 frère
3002 3024 3045 3057 et

797 3088 1081 3119 successeur
1109 3073 1164 3117 de
1194 3073 1340 3117 Louis
1372 3074 1560 3130 XVIII,
1599 3076 1668 3120 roi
1699 3076 1739 3120 le
1778 3078 1828 3122 16
1858 3078 2128 3137 septembre
2168 3079 2303 3136 1824,
2342 3073 2538 3121 détrôné
2565 3073 2606 3117 le
2649 3088 2706 3133 29
2737 3072 2879 3131 juillet
2910 3094 2918 3121 1
2934 3078 2990 3122 83
2997 3096 3043 3134 o,

798 3158 861 3188 m.
886 3146 911 3187 à
934 3140 1098 3187 Goritz
1129 3140 1421 3200 (Autriche),
1443 3143 1471 3188 6
1496 3144 1755 3189 novembre
1787 3160 1799 3189 1
1812 3144 1904 3190 836
1913 3182 1921 3190 .

848 3236 893 3271 L.
913 3236 961 3272 A.
989 3235 1030 3272 S.
1052 3247 1103 3270 au
1125 3242 1258 3270 comte
1275 3234 1323 3270 de
1343 3235 1564 3284 Rayneval,
1588 3236 1609 3272 à
1628 3235 1808 3284 Vienne;
1834 3236 2192 3273 Lullworth-Parc
2214 3232 2502 3284 (Angleterre),
2528 3244 2578 3278 24
2598 3232 2694 3271 août
2720 3235 2831 3281 j83o,
2850 3236 2914 3286 3/4
2937 3237 2984 3273 de
3006 3250 3042 3285 p.

797 3288 897 3336 in-4,
919 3290 1072 3327 cachet.
1099 3310 1145 3316 —
1172 3290 1214 3326 P.
1235 3289 1284 3326 de
1305 3289 1469 3326 Freschi
1492 3299 1529 3327 et
1551 3291 1598 3327 de
1619 3291 1761 3328 Perrot
1780 3291 1856 3328 fils.

832 3366 989 3396 Curieuse
1003 3369 1107 3405 lettre,
1124 3369 1219 3398 écrite
1233 3370 1318 3398 alors
1337 3370 1411 3407 qu'il
1430 3369 1533 3398 venait
1548 3369 1701 3398 d’arriver
1716 3378 1753 3398 en
1770 3371 1957 3408 Angleterre
1975 3371 2069 3408 après
2087 3371 2115 3398 la
2132 3369 2314 3399 révolution
2331 3368 2368 3397 de
2394 3366 2505 3404 juillet.
2535 3366 2559 3394 Il
2580 3366 2607 3395 le
2625 3369 2772 3398 remercie
2788 3369 2824 3397 de
2843 3377 2877 3396 sa
2895 3366 3044 3396 conduite

795 3406 872 3434 dans
894 3410 938 3435 les
958 3410 1194 3440 circonstances
1214 3413 1368 3441 actuelles
1386 3418 1417 3441 et
1431 3413 1451 3441 il
1472 3412 1514 3441 lui
1532 3412 1684 3441 demande
1701 3413 1739 3441 de
1755 3413 1877 3442 donner
1898 3422 1936 3442 au
1954 3413 2054 3442 baron
2072 3413 2111 3441 de
2131 3412 2337 3450 Kentzinger,
2350 3409 2423 3448 qu’il
2443 3408 2553 3438 envoie
2571 3409 2588 3438 à
2606 3410 2739 3447 Vienne,
2756 3412 2813 3440 des
2833 3408 2970 3438 conseils
2988 3418 3044 3438 sur

796 3456 830 3475 ce
847 3449 920 3484 qu’il
938 3458 1014 3478 aura
1031 3452 1048 3478 à
1070 3453 1149 3480 faire
1169 3453 1328 3482 vis-à-vis
1345 3455 1387 3483 du
1416 3455 1524 3492 prince
1540 3455 1577 3483 de
1597 3455 1790 3484 Metternich
1810 3461 1840 3484 et
1857 3455 1980 3484 ensuite
2006 3456 2122 3492 auprès
2139 3455 2176 3483 de
2194 3455 2394 3492 l’empereur.
2416 3464 2428 3480 «
2444 3452 2478 3481 Je
2505 3452 2632 3489 prévois
2657 3462 2719 3490 que
2744 3461 2824 3482 vous
2852 3459 2889 3478 ne
2914 3453 3043 3486 pourrés

797 3496 853 3523 pas
873 3490 986 3524 garder
1005 3499 1046 3518 un
1060 3495 1220 3522 caractère
1238 3495 1361 3531 officiel,
1381 3496 1460 3525 mais
1481 3505 1563 3525 vous
1582 3497 1649 3525 n’en
1669 3499 1757 3526 serés
1776 3506 1832 3535 pas
1851 3498 1956 3527 moins
1976 3499 1993 3526 à
2012 3499 2123 3535 portée
2137 3498 2175 3526 de
2196 3507 2247 3526 me
2262 3497 2366 3526 servir

797 3529 875 3557 dans
893 3535 973 3558 cette
998 3532 1090 3560 triste
1107 3535 1255 3563 occasion
1276 3545 1352 3564 avec
1382 3539 1410 3565 le
1437 3539 1502 3567 zèle
1528 3545 1559 3568 et
1584 3540 1630 3568 les
1659 3549 1791 3577 moyens
1809 3540 1888 3569 dont
1905 3549 1987 3569 vous
2015 3541 2133 3570 m’avés
2163 3540 2232 3578 déjà
2260 3541 2365 3569 donné

797 3574 864 3598 tant
889 3570 926 3598 de
952 3580 1103 3607 preuves.
1125 3585 1138 3599 »
1174 3591 1208 3595 —
1237 3577 1616 3614 (François-Maximilien
1638 3582 1772 3618 Gérard,
1801 3588 1904 3611 comte
1930 3583 1968 3611 de
2000 3583 2174 3620 Rayneval,
2202 3583 2287 3612 avait
2315 3583 2364 3611 été

798 3614 937 3648 nommé,
959 3621 996 3641 en
1021 3614 1152 3643 octobre
1180 3616 1267 3652 1829,
1290 3620 1517 3648 ambassadeur
1533 3623 1550 3650 à
1574 3622 1693 3651 Vienne
1712 3632 1770 3659 par
1793 3624 1929 3652 Charles
1953 3625 1980 3653 X
2017 3625 2040 3652 II
2065 3624 2115 3653 fut
2137 3626 2305 3661 remplacé,
2325 3632 2363 3652 en

797 3653 881 3686 effet,
899 3654 977 3682 dans
997 3663 1031 3682 ce
1056 3661 1157 3692 poste,
1185 3659 1276 3692 après
1301 3659 1330 3686 la
1358 3661 1538 3690 révolution
1562 3663 1600 3691 de
1617 3664 1738 3693 Juillet.
1767 3665 1790 3693 Il
1820 3666 1913 3693 vécut
1938 3666 2073 3701 quelque
2097 3670 2202 3702 temps
2228 3667 2309 3694 dans
2336 3667 2364 3694 la

797 3696 936 3729 retraite,
956 3696 1027 3732 puis
1054 3698 1212 3726 consentit
1228 3699 1246 3726 à
1270 3699 1372 3727 servir
1396 3701 1424 3728 le
1440 3710 1586 3730 nouveau
1607 3711 1856 3739 gouvernement
1873 3710 1905 3733 et
1922 3710 2060 3741 accepta,
2079 3714 2118 3733 en
2134 3706 2249 3734 février
2271 3706 2363 3741 i832,

798 3738 1005 3768 l'ambassade
1029 3739 1214 3776 d’Espagne.
1233 3740 1256 3768 Il
1280 3746 1410 3769 mourut
1432 3741 1511 3770 dans
1529 3752 1581 3771 ces
1600 3744 1761 3773 fonctions
1780 3747 1797 3773 à
1814 3745 1950 3778 Madrid,
1970 3746 1998 3774 le
2022 3746 2056 3774 16
2077 3747 2150 3775 août
2172 3755 2181 3774 i
2189 3746 2249 3775 836
2253 3748 2274 3782 .)
