3583 4651
759 597 788 644 8
1361 603 1584 645 CHEFS
1645 604 1731 644 DE
1791 602 2387 645 GOUVERNEMENT
2486 620 2580 648 ^
2889 593 2983 641 S.i

758 902 784 929 *
820 898 874 942 14
895 898 925 926 +
963 882 1288 929 ISABELLE
1322 884 1757 939 D’AUTRICHE,
1783 899 1829 926 n.
1858 886 1883 926 à
1910 883 2111 939 Vienne,
2136 886 2159 928 5
2187 884 2284 940 juin
2315 886 2448 942 1544,
2486 883 2577 929 fille
2611 885 2667 929 de
2704 885 2984 941 l’empereur

757 951 1084 1009 d’Allemagne
1106 950 1398 995 Maximilien
1425 951 1489 1006 II,
1520 950 1690 995 femme
1716 949 1771 993 de
1803 948 1995 994 Charles
2025 951 2091 995 IX
2119 951 2197 1007 (26
2227 951 2482 995 novembre
2518 952 2670 1011 1570),
2697 966 2759 995 m.
2791 950 2909 994 dans
2943 950 2983 993 le

756 1027 958 1061 couvent
984 1016 1039 1061 de
1070 1016 1430 1072 Sainte-Claire,
1465 1021 1490 1061 à
1530 1018 1715 1061 Vienne
1746 1014 2029 1073 (Autriche),
2056 1032 2110 1061 22
2141 1016 2319 1074 janvier
2354 1019 2486 1077 1592.

808 1107 852 1143 L.
876 1107 916 1143 S.
939 1103 960 1143 à
978 1119 1051 1144 son
1072 1107 1189 1144 oncle
1218 1107 1254 1143 le
1277 1106 1354 1143 duc
1373 1106 1421 1143 de
1452 1107 1616 1144 Bavière
1638 1106 1795 1153 (Albert
1828 1106 1900 1152 III,
1924 1117 1962 1142 n.
1994 1106 2104 1154 1528,
2126 1119 2178 1143 m.
2209 1107 2322 1156 1579)
2336 1118 2344 1154 ;
2364 1107 2489 1153 Paris,

765 1173 805 1197 21
825 1160 954 1209 juillet
971 1161 1153 1211 15y5,1/2
1171 1175 1206 1210 p.
1224 1160 1371 1208 in-fol.,
1385 1170 1492 1198 trace
1507 1162 1555 1198 de
1571 1161 1722 1207 cachet.
1738 1160 1861 1207 {Coll,
1876 1172 1947 1197 von
1963 1160 2034 1197 der
2053 1161 2197 1209 Tann.)
2214 1182 2261 1188 —
2286 1162 2330 1197 P.

790 1232 858 1261 Elle
875 1232 902 1260 le
922 1233 1074 1262 remercie
1094 1234 1131 1262 de
1153 1233 1197 1262 lui
1218 1232 1308 1261 avoir
1328 1234 1448 1270 envoyé
1472 1233 1508 1262 de
1530 1242 1580 1262 ses
1601 1232 1764 1262 nouvelles
1785 1237 1815 1260 et
1836 1240 1869 1261 se
1888 1231 2004 1269 réjouit
2017 1233 2053 1261 de
2069 1242 2120 1261 ses
2141 1233 2263 1261 bonnes
2279 1232 2491 1269 dispositions

755 1274 771 1301 à
793 1281 850 1302 son
870 1274 976 1311 égard,
999 1285 1011 1301 «
1028 1284 1110 1312 pour
1130 1274 1221 1303 avoir
1240 1273 1405 1310 tousjours
1426 1276 1492 1304 esté
1507 1280 1537 1304 et
1558 1280 1642 1304 estre
1663 1282 1725 1303 une
1745 1274 1800 1302 des
1821 1274 1935 1302 choses
1956 1282 2017 1311 que
2037 1274 2097 1312 j’ay
2118 1274 2136 1303 à
2153 1276 2224 1312 plus
2245 1275 2345 1312 grand
2366 1275 2492 1312 plaisir,

753 1324 876 1344 comme
896 1315 924 1352 je
944 1317 973 1346 le
992 1317 1072 1352 dois,
1095 1326 1177 1355 pour
1197 1315 1351 1345 l’estroite
1372 1316 1505 1346 alliance
1525 1326 1587 1355 que
1608 1325 1689 1345 nous
1710 1324 1809 1345 avons
1834 1323 1892 1353 par
1912 1316 2084 1345 ensemble.
2108 1328 2120 1343 »

754 1429 776 1455 *
817 1414 865 1457 i5
959 1413 1177 1459 HENRI
1209 1413 1301 1469 III,
1326 1429 1371 1459 n.
1398 1417 1423 1458 à
1453 1412 1844 1469 Fontainebleau,
1870 1427 1927 1458 20
1962 1413 2231 1472 septembre
2271 1416 2405 1470 1551,
2438 1414 2557 1459 frère
2587 1414 2642 1459 de
2678 1414 2901 1472 François
2937 1417 2981 1460 II

754 1490 797 1522 et
818 1479 873 1523 de
902 1478 1099 1525 Charles
1131 1479 1214 1534 IX,
1242 1478 1311 1523 roi
1342 1479 1382 1523 le
1411 1479 1468 1524 3o
1493 1478 1585 1523 mai
1616 1480 1750 1538 1^74,
1781 1493 1844 1523 m.
1878 1478 2109 1523 assassiné
2138 1483 2162 1524 à
2191 1478 2500 1526 Saint-Cloud
2523 1481 2563 1524 le
2587 1495 2610 1524 2
2636 1480 2746 1525 août
2775 1481 2908 1542 1589.

801 1570 846 1605 L.
878 1570 926 1606 A.
960 1569 1002 1606 S.
1043 1569 1063 1604 à
1098 1568 1280 1618 Villeroy
1307 1569 1487 1616 (Nicolas
1517 1569 1565 1605 de
1598 1567 1832 1616 Neufville),
1871 1581 1881 1604 1
1920 1580 1957 1616 p.
1986 1568 2041 1616 pl.
2065 1568 2194 1606 in-fol.

753 1646 798 1652 —
818 1626 860 1661 P.
884 1626 932 1662 de
954 1626 1212 1662 Moncornet.

785 1702 811 1732 Il
829 1701 877 1732 lui
898 1702 1011 1732 envoie
1030 1710 1093 1731 une
1114 1702 1207 1731 lettre
1231 1701 1268 1730 de
1290 1701 1334 1731 M.
1356 1701 1393 1730 de
1415 1702 1459 1730 La
1479 1701 1620 1730 Vallette
1644 1708 1675 1731 et
1702 1703 1730 1731 le
1751 1700 1818 1738 prie
1840 1701 1877 1730 de
1905 1701 1934 1730 la
1957 1700 2001 1730 lui
2026 1706 2196 1731 retourner

751 1746 843 1782 après
864 1746 975 1774 l’avoir
995 1746 1057 1774 lue.
1078 1746 1104 1774 Il
1134 1744 1211 1773 écrit
1240 1753 1280 1773 au
1310 1746 1358 1773 roi
1387 1745 1424 1772 de
1455 1745 1600 1774 Navarre
1628 1744 1743 1780 (Henri
1769 1744 1826 1780 IV)
1856 1752 1913 1781 par
1941 1744 1996 1773 des
2025 1745 2139 1774 Réaus.
2170 1746 2195 1774 Il

751 1788 838 1822 parle
858 1787 982 1816 ensuite
1002 1787 1043 1814 du
1065 1787 1125 1814 duc
1146 1786 1336 1822 d’Epernon.

784 1829 928 1863 (Nicolas
949 1829 987 1856 de
1011 1827 1182 1859 Neufville,
1204 1827 1291 1855 sieur
1312 1827 1349 1854 de
1367 1826 1522 1863 Villeroy,
1544 1827 1582 1854 né
1602 1834 1640 1854 en
1664 1826 1753 1862 1)42,
1774 1826 1856 1855 avait
1873 1828 2014 1861 succédé,
2034 1836 2071 1856 en
2099 1827 2188 1864 1567,

749 1869 766 1897 à
786 1878 844 1898 son
867 1870 1042 1906 beau-père
1059 1869 1177 1897 Claude
1198 1868 1237 1896 de
1257 1867 1465 1904 l’Aubespine
1485 1869 1565 1895 dans
1588 1868 1618 1895 la
1640 1868 1756 1904 charge
1774 1869 1813 1896 de
1838 1868 2006 1896 secrétaire
2034 1859 2148 1898 d’État.
2170 1870 2195 1898 Il

749 1911 834 1940 avait
854 1910 983 1948 négocié
1001 1912 1031 1938 le
1047 1910 1186 1946 mariage
1206 1910 1245 1938 de
1263 1909 1394 1937 Charles
1412 1909 1454 1937 IX
1469 1914 1498 1937 et
1516 1909 1535 1937 il
1554 1908 1630 1938 était
1645 1911 1727 1937 resté
1742 1918 1777 1937 en
1798 1909 1911 1937 faveur
1927 1918 2003 1937 sous
2018 1910 2119 1937 Henri
2137 1911 2194 1946 III,

749 1953 804 1991 qui
824 1953 976 1981 entretint
994 1961 1069 1981 avec
1088 1952 1131 1980 lui
1153 1961 1213 1980 une
1232 1951 1509 1988 correspondance
1525 1952 1591 1980 très
1622 1950 1732 1980 active.
1762 1951 1808 1980 En
1826 1951 1906 1983 effet,
1928 1952 1957 1979 la
1984 1952 2112 1988 plupart
2137 1952 2193 1980 des

750 1998 859 2024 lettres
876 1994 1088 2030 autographes
1105 1993 1143 2021 de
1160 2002 1195 2021 ce
1213 1993 1318 2030 prince
1335 1992 1389 2029 qui
1404 1998 1459 2021 ont
1479 1995 1571 2029 passé
1587 2002 1624 2021 en
1638 1998 1729 2021 vente
1743 1998 1816 2021 sont
1830 1992 1992 2021 adressées
2007 1992 2024 2020 à
2040 1993 2194 2030 Villeroy.

749 2037 901 2072 Celui-ci,
920 2035 1078 2074 disgracié
1099 2044 1136 2064 en
1157 2035 1233 2064 1588
1251 2035 1268 2063 à
1285 2043 1380 2063 cause
1398 2035 1436 2063 de
1457 2044 1507 2063 ses
1525 2040 1673 2072 rapports
1696 2043 1771 2063 avec
1800 2035 1846 2063 les
1878 2034 2029 2071 ligueurs,
2052 2034 2197 2063 redevint

748 2079 895 2109 ministre
912 2087 990 2107 sous
1009 2077 1111 2107 Henri
1126 2077 1170 2106 IV
1188 2082 1216 2106 et
1234 2085 1310 2106 sous
1330 2077 1429 2106 Louis
1446 2077 1522 2106 XIII
1536 2082 1567 2106 et
1585 2081 1716 2106 mourut
1732 2077 1760 2105 le
1781 2084 1814 2106 12
1831 2076 2001 2106 novembre
2022 2075 2124 2113 1617.)

749 2186 776 2214 *
812 2171 864 2216 16
888 2183 919 2212 -+
956 2169 1174 2214 HENRI
1210 2168 1294 2224 IV,
1339 2184 1381 2213 n.
1432 2184 1489 2214 au
1528 2169 1720 2214 château
1753 2167 1810 2213 de
1853 2168 1972 2224 Pau,
2031 2181 2084 2225 14
2109 2166 2356 2212 décembre
2390 2167 2523 2225 1553,
2552 2167 2621 2213 roi
2666 2168 2722 2214 de
2768 2169 2981 2215 Navarre

749 2240 824 2296 (i5
832 2238 928 2295 Ô2),
952 2237 1022 2281 roi
1052 2237 1107 2281 de
1140 2237 1317 2282 France
1340 2236 1379 2281 le
1414 2253 1437 2282 2
1474 2237 1586 2282 août
1630 2236 1765 2298 158p,
1790 2251 1854 2281 m.
1882 2237 2114 2281 assassiné
2139 2239 2164 2281 à
2191 2236 2327 2282 Paris
2350 2236 2390 2281 le
2420 2250 2474 2295 14
2495 2237 2585 2282 mai
2620 2238 2752 2283 1610.

797 2330 843 2366 L.
862 2328 910 2366 A.
935 2328 973 2365 S.
1006 2340 1057 2365 au
1088 2328 1166 2365 duc
1194 2328 1241 2365 de
1263 2328 1407 2366 Savoie
1430 2328 1873 2376 (Charles-Emmanuel
1901 2329 1952 2375 I);
1982 2327 2105 2375 Paris,
2130 2327 2151 2364 8
2176 2326 2329 2377 janvier
2347 2327 2494 2376 (1610),
2526 2341 2537 2364 1
2566 2341 2602 2376 p.
2627 2328 2681 2376 pl.
2706 2328 2838 2377 in-fol.
2859 2328 2979 2377 (Coll,

744 2384 791 2421 de
819 2384 858 2420 la
884 2383 1086 2434 marquise
1109 2383 1158 2420 de
1181 2384 1321 2429 Barol,
1343 2386 1413 2420 née
1441 2383 1608 2421 Colbert
1613 2396 1621 2429 ,
1651 2395 1745 2420 avec
1772 2383 1897 2419 notice
1917 2384 2170 2433 autographe
2196 2383 2244 2419 de
2273 2382 2400 2419 Silvio
2422 2382 2590 2419 Pellico.
2614 2382 2912 2419 bibliothécaire
2936 2384 2982 2420 de

742 2439 930 2489 celle-ci.)
947 2461 996 2467 —
1015 2441 1059 2476 P.
1082 2440 1131 2475 de
1155 2440 1414 2476 Moncornet.

776 2518 919 2556 Superbe
939 2519 1032 2547 lettre
1053 2527 1108 2546 sur
1125 2518 1169 2546 les
1187 2516 1404 2555 négociations
1424 2516 1463 2545 de
1478 2524 1537 2545 son
1555 2516 1648 2545 traité
1664 2524 1738 2544 avec
1754 2516 1783 2544 le
1801 2516 1862 2544 duc
1876 2515 1914 2544 de
1930 2514 2046 2545 Savoie
2061 2521 2170 2545 contre
2187 2515 2356 2552 l’Espagne
2370 2515 2495 2551 (conclu
2515 2516 2542 2543 le
2559 2514 2594 2544 25
2612 2515 2689 2544 avril
2705 2514 2857 2552 suivant).
2873 2525 2885 2541 «
2901 2516 2924 2544 Il
2942 2523 2980 2543 ne

744 2565 826 2589 reste
854 2562 924 2598 plus
952 2561 1030 2589 donc
1055 2559 1127 2597 qu’à
1156 2560 1322 2596 acomplyr
1348 2567 1406 2587 nos
1424 2559 1546 2587 bonnes
1563 2564 1593 2587 et
1615 2558 1783 2587 mutuelles
1802 2558 2063 2595 délybérasyons,
2081 2557 2099 2585 à
2119 2566 2204 2595 quoy
2226 2557 2255 2592 je
2273 2557 2412 2586 donneré
2430 2557 2470 2586 tel
2490 2557 2583 2586 ordre
2607 2558 2645 2586 de
2669 2565 2740 2586 mon
2766 2559 2866 2594 costé,
2890 2557 2980 2594 ainsy

744 2610 803 2638 que
819 2603 846 2631 le
861 2603 917 2639 dyt
933 2603 1117 2639 Trouylous
1136 2610 1216 2630 vous
1236 2601 1304 2629 dira
1325 2609 1385 2637 que
1407 2600 1465 2638 j’ay
1483 2601 1564 2637 byen
1585 2601 1765 2629 commencé
1783 2605 1813 2628 et
1833 2601 1971 2637 proposé
1991 2600 2028 2627 de
2045 2600 2111 2628 fère
2128 2608 2199 2636 que,
2220 2608 2341 2628 comme
2363 2599 2504 2637 j’estyme
2530 2608 2589 2636 que
2611 2608 2691 2627 vous
2716 2600 2808 2628 aurés
2834 2599 2915 2636 sujet
2942 2600 2978 2628 de

743 2652 823 2672 vous
848 2652 888 2672 an
915 2645 1014 2678 louer,
1041 2643 1069 2679 je
1088 2643 1242 2672 m’atands
1266 2652 1360 2680 aussy
1378 2651 1439 2680 que
1457 2651 1536 2671 vous
1556 2643 1649 2671 aurés
1667 2642 1684 2670 à
1706 2643 1813 2679 plésyr
1839 2643 1876 2670 de
1904 2647 2002 2670 métré
2030 2642 2059 2670 la
2087 2642 2242 2679 dernyère
2270 2650 2364 2679 mayn
2386 2641 2403 2669 à
2423 2650 2456 2670 ce
2478 2641 2540 2670 bon
2561 2649 2685 2677 œuvre,
2706 2641 2723 2669 à
2743 2641 2798 2678 fyn
2819 2650 2881 2678 que
2899 2650 2979 2670 nous

744 2694 782 2714 an
799 2694 970 2722 recevyons
987 2686 1153 2714 ansamble
1170 2694 1228 2722 par
1249 2693 1331 2714 nous
1348 2690 1379 2714 et
1397 2686 1441 2713 les
1456 2691 1581 2714 nostres
1595 2687 1612 2713 à
1632 2686 1760 2722 présant
1774 2689 1803 2713 et
1820 2684 1837 2712 à
1853 2685 1993 2721 l’avenyr
2012 2684 2058 2712 les
2073 2690 2243 2721 avantages
2258 2693 2318 2721 que
2339 2684 2404 2712 s’an
2430 2688 2555 2720 promet

2066 2737 2078 2752 «
2100 2727 2218 2756 Vostre
2235 2727 2317 2765 byen
2338 2727 2401 2756 bon
2421 2726 2515 2762 frère,
2539 2726 2658 2763 Henry.
2683 2736 2695 2752 »

743 2832 773 2861 -l
805 2831 910 2877 17^
944 2818 1162 2862 MARIE
1205 2819 1288 2862 DE
1333 2806 1621 2873 MÉDICIS,
1663 2834 1708 2862 n.
1754 2821 1779 2862 à
1809 2818 2049 2870 Florence,
2080 2819 2138 2863 26
2165 2817 2283 2862 avril
2319 2817 2453 2878 1^73,
2490 2817 2582 2861 fille
2616 2816 2681 2859 du
2715 2814 2979 2874 grand-duc

742 2885 799 2928 de
838 2884 1053 2928 Toscane
1092 2883 1318 2940 François
1355 2884 1391 2936 I,
1431 2883 1604 2928 femme
1641 2884 1698 2927 de
1739 2883 1892 2928 Henri
1927 2884 1993 2927 IV
2030 2885 2075 2940 (5
2114 2884 2306 2929 octobre
2353 2884 2508 2939 1600),
2545 2883 2737 2940 régente
2768 2880 2980 2939 pendant

745 2952 785 2995 la
811 2948 1037 2994 minorité
1060 2949 1115 2992 de
1147 2948 1296 2993 Louis
1315 2949 1434 2993 XIII
1462 2949 1795 3007 (1610-1614),
1816 2964 1877 2994 m.
1908 2952 1933 2994 à
1952 2949 2182 3010 Cologne,
2209 2950 2232 2996 3
2258 2949 2406 3007 juillet
2436 2949 2569 3005 1642.

792 3043 838 3078 L.
856 3042 902 3076 A.
921 3040 960 3076 S.
984 3040 1005 3076 à
1023 3051 1094 3076 son
1111 3038 1171 3075 fils
1193 3038 1315 3075 Louis
1330 3040 1424 3076 XIII
1439 3052 1448 3087 ;
1475 3040 1695 3085 Bruxelles,
1721 3039 1739 3076 3
1763 3041 1984 3077 novembre
2012 3040 2123 3087 1633,
2159 3054 2168 3077 1
2208 3053 2246 3089 p.
2280 3040 2333 3089 pl.
2370 3040 2469 3085 in-4,
2505 3036 2660 3074 cachets
2691 3035 2828 3085 brisés.
2858 3036 2978 3085 (Coll.

739 3095 926 3141 Pécard.)
947 3116 996 3122 —
1020 3095 1061 3131 P.
1086 3094 1134 3130 de
1157 3095 1292 3131 Daret.

774 3176 857 3204 Belle
887 3176 980 3204 lettre
1008 3173 1105 3203 écrite
1135 3173 1173 3202 de
1203 3174 1368 3203 Bruxelles
1388 3173 1439 3209 (où
1461 3174 1519 3204 elle
1540 3174 1642 3204 s’était
1662 3173 1800 3211 réfugiée
1821 3182 1858 3202 en
1883 3173 1960 3203 i63o
1987 3173 2081 3212 après
2103 3173 2133 3202 la
2159 3173 2303 3202 fameuse
2335 3170 2467 3209 journée
2494 3169 2549 3197 des
2570 3169 2702 3206 Dupes).
2725 3169 2794 3200 Elle
2820 3171 2930 3200 envoie
2951 3171 2979 3200 le

738 3219 823 3248 sieur
840 3219 878 3247 de
899 3218 1030 3248 Villiers
1045 3217 1226 3246 s’informer
1246 3217 1282 3245 de
1298 3226 1347 3245 ses
1362 3219 1532 3246 nouvelles.
1556 3229 1568 3243 «
1592 3217 1624 3247 Si
1647 3226 1704 3246 son
1726 3222 1835 3246 retour
1853 3217 1986 3245 m’hoste
2001 3217 2039 3245 de
2061 3215 2266 3253 l’inquiétude
2286 3214 2328 3243 où
2347 3214 2374 3250 je
2395 3212 2462 3242 suis
2485 3220 2522 3240 en
2545 3220 2593 3240 me
2614 3218 2802 3250 rapportant
2824 3223 2884 3252 que
2898 3222 2979 3242 vous

738 3270 817 3289 vous
839 3267 948 3298 portes
964 3261 1048 3296 bien,
1070 3270 1104 3289 ce
1126 3269 1174 3289 me
1196 3269 1284 3289 seras
1307 3261 1333 3288 le
1347 3261 1418 3297 plus
1438 3269 1515 3298 gran
1533 3265 1768 3289 contentement
1782 3268 1842 3296 que
1864 3259 1891 3295 je
1912 3259 2004 3296 puise
2019 3259 2131 3295 jamais
2146 3257 2322 3287 recevoir...
2341 3267 2353 3282 »
