<?xml version="1.0" encoding="UTF-8" standalone="yes"?>
<PcGts xmlns="http://schema.primaresearch.org/PAGE/gts/pagecontent/2013-07-15" xmlns:xsi="http://www.w3.org/2001/XMLSchema-instance" xsi:schemaLocation="http://schema.primaresearch.org/PAGE/gts/pagecontent/2013-07-15 http://schema.primaresearch.org/PAGE/gts/pagecontent/2013-07-15/pagecontent.xsd">
    <Metadata>
        <Creator>Transkribus</Creator>
        <Created>2020-01-07T17:14:03.707+01:00</Created>
        <LastChange>2020-01-17T16:20:03.679+01:00</LastChange>
        <Comments>
                Measurement unit: pixel
                PrimaryLanguage: English
                Language: FrenchStandard
                Producer: Transkribus
            </Comments>
        <TranskribusMetadata docId="304468" pageId="12091467" pageNr="76" tsid="22507667" status="DONE" userId="10612" imgUrl="https://files.transkribus.eu/Get?id=QKZFYFMYJBDEDTNZUTZCJDCV&amp;fileType=view" xmlUrl="https://files.transkribus.eu/Get?id=EGAMMSPLWQRQKGLSDXHXSCDY" imageId="8434499"/>
    </Metadata>
    <Page imageFilename="1887_bovet_bpt6k6325943w_gt_0076.jpg" imageWidth="3646" imageHeight="4648">
        <PrintSpace>
            <Coords points="0,59 3574,59 3574,4562 0,4562"/>
        </PrintSpace>
        <ReadingOrder>
            <OrderedGroup id="ro_1604249869245" caption="Regions reading order">
                <RegionRefIndexed index="0" regionRef="r_1_1"/>
                <RegionRefIndexed index="1" regionRef="r_2_1"/>
                <RegionRefIndexed index="2" regionRef="r_3_1"/>
                <RegionRefIndexed index="4" regionRef="r_5_1"/>
                <RegionRefIndexed index="5" regionRef="r_5_2"/>
                <RegionRefIndexed index="6" regionRef="r_5_3"/>
                <RegionRefIndexed index="7" regionRef="r_5_4"/>
                <RegionRefIndexed index="8" regionRef="r_5_5"/>
                <RegionRefIndexed index="9" regionRef="r_5_6"/>
                <RegionRefIndexed index="10" regionRef="r_5_7"/>
                <RegionRefIndexed index="11" regionRef="r_5_8"/>
                <RegionRefIndexed index="12" regionRef="r_5_9"/>
                <RegionRefIndexed index="13" regionRef="r_5_10"/>
                <RegionRefIndexed index="14" regionRef="r_5_11"/>
                <RegionRefIndexed index="15" regionRef="r_5_12"/>
                <RegionRefIndexed index="16" regionRef="r_5_13"/>
                <RegionRefIndexed index="17" regionRef="r_5_14"/>
            </OrderedGroup>
        </ReadingOrder>
        <TextRegion type="paragraph" id="r_1_1" custom="readingOrder {index:0;}">
            <Coords points="804,594 3022,594 3022,654 804,654"/>
            <TextLine id="tl_1" primaryLanguage="English" custom="readingOrder {index:0;}">
                <Coords points="805,595 3021,595 3021,653 805,653"/>
                <Baseline points="805,637 878,653 1208,644 1619,642 1766,641 2165,644 2619,647 3021,642"/>
                <Word id="w_w2aab1b1b2b1b1ab1" language="English" custom="readingOrder {index:0;}">
                    <Coords points="805,606 878,606 878,653 805,653"/>
                    <TextEquiv>
                        <Unicode>12.</Unicode>
                    </TextEquiv>
                    <TextStyle fontFamily="Arial" fontSize="7.5"/>
                </Word>
                <Word id="w_w2aab1b1b2b1b1ab9" language="English" custom="readingOrder {index:1;}">
                    <Coords points="1198,602 1298,602 1298,644 1198,644"/>
                    <TextEquiv>
                        <Unicode>csks.</Unicode>
                    </TextEquiv>
                    <TextStyle fontFamily="Arial" fontSize="7.5"/>
                </Word>
                <Word id="w_w2aab1b1b2b1b1b1b1" language="English" custom="readingOrder {index:2;}">
                    <Coords points="1395,602 1619,602 1619,643 1395,643"/>
                    <TextEquiv>
                        <Unicode>chefs</Unicode>
                    </TextEquiv>
                    <TextStyle fontFamily="Times New Roman" fontSize="9.0"/>
                </Word>
                <Word id="w_w2aab1b1b2b1b1b1c13" language="English" custom="readingOrder {index:3;}">
                    <Coords points="1680,602 1766,602 1766,641 1680,641"/>
                    <TextEquiv>
                        <Unicode>de</Unicode>
                    </TextEquiv>
                    <TextStyle fontFamily="Times New Roman" fontSize="9.0"/>
                </Word>
                <Word id="w_w2aab1b1b2b1b1b1c19" language="English" custom="readingOrder {index:4;}">
                    <Coords points="1825,599 2425,599 2425,647 1825,647"/>
                    <TextEquiv>
                        <Unicode>gouvernement</Unicode>
                    </TextEquiv>
                    <TextStyle fontFamily="Times New Roman" fontSize="9.0"/>
                </Word>
                <Word id="w_w2aab1b1b2b1b1b2b1" language="English" custom="readingOrder {index:5;}">
                    <Coords points="2522,619 2619,619 2619,647 2522,647"/>
                    <TextEquiv>
                        <Unicode>^</Unicode>
                    </TextEquiv>
                    <TextStyle fontFamily="Arial" fontSize="7.5"/>
                </Word>
                <Word id="w_w2aab1b1b2b1b1b2b5" language="English" custom="readingOrder {index:6;}">
                    <Coords points="2928,595 3021,595 3021,642 2928,642"/>
                    <TextEquiv>
                        <Unicode>8.1</Unicode>
                    </TextEquiv>
                    <TextStyle fontFamily="Arial" fontSize="7.5"/>
                </Word>
                <TextEquiv>
                    <Unicode>12. CHEFS DE GOUVERNEMENT S.1</Unicode>
                </TextEquiv>
            </TextLine>
            <TextEquiv>
                <Unicode>12. CHEFS DE GOUVERNEMENT S.1</Unicode>
            </TextEquiv>
        </TextRegion>
        <TextRegion type="paragraph" id="r_2_1" custom="readingOrder {index:1;}">
            <Coords points="791,884 3021,884 3021,1013 791,1013"/>
            <TextLine id="tl_2" primaryLanguage="English" custom="readingOrder {index:0;}">
                <Coords points="830,885 3019,885 3019,926 830,926"/>
                <Baseline points="830,916 988,914 1111,913 1167,914 1291,915 1344,916 1536,918 1618,917 1725,917 1888,922 1950,914 2084,914 2197,923 2264,914 2441,912 2501,913 2688,914 2793,913 2840,913 3019,906"/>
                <Word id="w_w2aab1b3b2b1b1ab1" language="English" custom="readingOrder {index:0;}">
                    <Coords points="830,885 988,885 988,916 830,916"/>
                    <TextEquiv>
                        <Unicode>Curieuse</Unicode>
                    </TextEquiv>
                    <TextStyle fontFamily="Times New Roman" fontSize="7.0"/>
                </Word>
                <Word id="w_w2aab1b3b2b1b1ac19" language="English" custom="readingOrder {index:1;}">
                    <Coords points="1011,886 1111,886 1111,922 1011,922"/>
                    <TextEquiv>
                        <Unicode>épître</Unicode>
                    </TextEquiv>
                    <TextStyle fontFamily="Times New Roman" fontSize="7.0"/>
                </Word>
                <Word id="w_w2aab1b3b2b1b1ac33" language="English" custom="readingOrder {index:2;}">
                    <Coords points="1127,894 1167,894 1167,914 1127,914"/>
                    <TextEquiv>
                        <Unicode>au</Unicode>
                    </TextEquiv>
                    <TextStyle fontFamily="Times New Roman" fontSize="7.0"/>
                </Word>
                <Word id="w_w2aab1b3b2b1b1ac39" language="English" custom="readingOrder {index:3;}">
                    <Coords points="1188,892 1291,892 1291,916 1188,916"/>
                    <TextEquiv>
                        <Unicode>comte</Unicode>
                    </TextEquiv>
                    <TextStyle fontFamily="Times New Roman" fontSize="7.0"/>
                </Word>
                <Word id="w_w2aab1b3b2b1b1ac51" language="English" custom="readingOrder {index:4;}">
                    <Coords points="1308,888 1344,888 1344,916 1308,916"/>
                    <TextEquiv>
                        <Unicode>de</Unicode>
                    </TextEquiv>
                    <TextStyle fontFamily="Times New Roman" fontSize="7.0"/>
                </Word>
                <Word id="w_w2aab1b3b2b1b1ac57" language="English" custom="readingOrder {index:5;}">
                    <Coords points="1368,887 1536,887 1536,918 1368,918"/>
                    <TextEquiv>
                        <Unicode>Clermont</Unicode>
                    </TextEquiv>
                    <TextStyle fontFamily="Times New Roman" fontSize="7.0"/>
                </Word>
                <Word id="w_w2aab1b3b2b1b1ac75" language="English" custom="readingOrder {index:6;}">
                    <Coords points="1552,888 1618,888 1618,926 1552,926"/>
                    <TextEquiv>
                        <Unicode>(qui</Unicode>
                    </TextEquiv>
                    <TextStyle fontFamily="Times New Roman" fontSize="7.0"/>
                </Word>
                <Word id="w_w2aab1b3b2b1b1ac85" language="English" custom="readingOrder {index:7;}">
                    <Coords points="1640,888 1725,888 1725,918 1640,918"/>
                    <TextEquiv>
                        <Unicode>avait</Unicode>
                    </TextEquiv>
                    <TextStyle fontFamily="Times New Roman" fontSize="7.0"/>
                </Word>
                <Word id="w_w2aab1b3b2b1b1ac97" language="English" custom="readingOrder {index:8;}">
                    <Coords points="1744,886 1888,886 1888,922 1744,922"/>
                    <TextEquiv>
                        <Unicode>succède,</Unicode>
                    </TextEquiv>
                    <TextStyle fontFamily="Times New Roman" fontSize="7.0"/>
                </Word>
                <Word id="w_w2aab1b3b2b1b1ad115" language="English" custom="readingOrder {index:9;}">
                    <Coords points="1912,894 1950,894 1950,914 1912,914"/>
                    <TextEquiv>
                        <Unicode>en</Unicode>
                    </TextEquiv>
                    <TextStyle fontFamily="Times New Roman" fontSize="7.0"/>
                </Word>
                <Word id="w_w2aab1b3b2b1b1ad121" language="English" custom="readingOrder {index:10;}">
                    <Coords points="1970,886 2084,886 2084,915 1970,915"/>
                    <TextEquiv>
                        <Unicode>février</Unicode>
                    </TextEquiv>
                    <TextStyle fontFamily="Times New Roman" fontSize="7.0"/>
                </Word>
                <Word id="w_w2aab1b3b2b1b1ad137" language="English" custom="readingOrder {index:11;}">
                    <Coords points="2110,885 2197,885 2197,923 2110,923"/>
                    <TextEquiv>
                        <Unicode>1758,</Unicode>
                    </TextEquiv>
                    <TextStyle fontFamily="Times New Roman" fontSize="7.0"/>
                </Word>
                <Word id="w_w2aab1b3b2b1b1ad149" language="English" custom="readingOrder {index:12;}">
                    <Coords points="2224,894 2264,894 2264,915 2224,915"/>
                    <TextEquiv>
                        <Unicode>au</Unicode>
                    </TextEquiv>
                    <TextStyle fontFamily="Times New Roman" fontSize="7.0"/>
                </Word>
                <Word id="w_w2aab1b3b2b1b1ad155" language="English" custom="readingOrder {index:13;}">
                    <Coords points="2284,885 2441,885 2441,914 2284,914"/>
                    <TextEquiv>
                        <Unicode>maréchal</Unicode>
                    </TextEquiv>
                    <TextStyle fontFamily="Times New Roman" fontSize="7.0"/>
                </Word>
                <Word id="w_w2aab1b3b2b1b1ad173" language="English" custom="readingOrder {index:14;}">
                    <Coords points="2463,885 2501,885 2501,913 2463,913"/>
                    <TextEquiv>
                        <Unicode>de</Unicode>
                    </TextEquiv>
                    <TextStyle fontFamily="Times New Roman" fontSize="7.0"/>
                </Word>
                <Word id="w_w2aab1b3b2b1b1ad179" language="English" custom="readingOrder {index:15;}">
                    <Coords points="2528,886 2688,886 2688,914 2528,914"/>
                    <TextEquiv>
                        <Unicode>Richelieu</Unicode>
                    </TextEquiv>
                    <TextStyle fontFamily="Times New Roman" fontSize="7.0"/>
                </Word>
                <Word id="w_w2aab1b3b2b1b1ad199" language="English" custom="readingOrder {index:16;}">
                    <Coords points="2714,885 2793,885 2793,914 2714,914"/>
                    <TextEquiv>
                        <Unicode>dans</Unicode>
                    </TextEquiv>
                    <TextStyle fontFamily="Times New Roman" fontSize="7.0"/>
                </Word>
                <Word id="w_w2aab1b3b2b1b1ad209" language="English" custom="readingOrder {index:17;}">
                    <Coords points="2813,885 2840,885 2840,913 2813,913"/>
                    <TextEquiv>
                        <Unicode>le</Unicode>
                    </TextEquiv>
                    <TextStyle fontFamily="Times New Roman" fontSize="7.0"/>
                </Word>
                <Word id="w_w2aab1b3b2b1b1ad215" language="English" custom="readingOrder {index:18;}">
                    <Coords points="2858,893 3019,893 3019,913 2858,913"/>
                    <TextEquiv>
                        <Unicode>comman¬</Unicode>
                    </TextEquiv>
                    <TextStyle fontFamily="Times New Roman" fontSize="7.0"/>
                </Word>
                <TextEquiv>
                    <Unicode>Curieuse épître au comte de Clermont (qui avait succède, en février 1758, au maréchal de Richelieu dans le comman¬</Unicode>
                </TextEquiv>
                <TextStyle fontFamily="Times New Roman" fontSize="7.0"/>
            </TextLine>
            <TextLine id="tl_3" primaryLanguage="English" custom="readingOrder {index:1;}">
                <Coords points="792,926 3020,926 3020,965 792,965"/>
                <Baseline points="792,956 920,956 977,956 1120,955 1168,957 1336,958 1386,960 1485,960 1546,960 1687,959 1820,957 1864,956 1991,957 2181,956 2239,957 2458,963 2477,956 2510,953 2661,957 2752,956 2851,955 3020,962"/>
                <Word id="w_w2aab1b3b2b1b3ab1" language="English" custom="readingOrder {index:0;}">
                    <Coords points="792,928 920,928 920,957 792,957"/>
                    <TextEquiv>
                        <Unicode>dement</Unicode>
                    </TextEquiv>
                    <TextStyle fontFamily="Times New Roman" fontSize="7.0"/>
                </Word>
                <Word id="w_w2aab1b3b2b1b3ac15" language="English" custom="readingOrder {index:1;}">
                    <Coords points="939,928 977,928 977,956 939,956"/>
                    <TextEquiv>
                        <Unicode>de</Unicode>
                    </TextEquiv>
                    <TextStyle fontFamily="Times New Roman" fontSize="7.0"/>
                </Word>
                <Word id="w_w2aab1b3b2b1b3ac21" language="English" custom="readingOrder {index:2;}">
                    <Coords points="995,928 1120,928 1120,955 995,955"/>
                    <TextEquiv>
                        <Unicode>l’armée</Unicode>
                    </TextEquiv>
                    <TextStyle fontFamily="Times New Roman" fontSize="7.0"/>
                </Word>
                <Word id="w_w2aab1b3b2b1b3ac37" language="English" custom="readingOrder {index:3;}">
                    <Coords points="1132,928 1168,928 1168,957 1132,957"/>
                    <TextEquiv>
                        <Unicode>de</Unicode>
                    </TextEquiv>
                    <TextStyle fontFamily="Times New Roman" fontSize="7.0"/>
                </Word>
                <Word id="w_w2aab1b3b2b1b3ac43" language="English" custom="readingOrder {index:4;}">
                    <Coords points="1187,929 1336,929 1336,959 1187,959"/>
                    <TextEquiv>
                        <Unicode>Hanovre</Unicode>
                    </TextEquiv>
                    <TextStyle fontFamily="Times New Roman" fontSize="7.0"/>
                </Word>
                <Word id="w_w2aab1b3b2b1b3ac59" language="English" custom="readingOrder {index:5;}">
                    <Coords points="1355,935 1386,935 1386,960 1355,960"/>
                    <TextEquiv>
                        <Unicode>et</Unicode>
                    </TextEquiv>
                    <TextStyle fontFamily="Times New Roman" fontSize="7.0"/>
                </Word>
                <Word id="w_w2aab1b3b2b1b3ac65" language="English" custom="readingOrder {index:6;}">
                    <Coords points="1401,930 1485,930 1485,960 1401,960"/>
                    <TextEquiv>
                        <Unicode>avait</Unicode>
                    </TextEquiv>
                    <TextStyle fontFamily="Times New Roman" fontSize="7.0"/>
                </Word>
                <Word id="w_w2aab1b3b2b1b3ac77" language="English" custom="readingOrder {index:7;}">
                    <Coords points="1504,932 1546,932 1546,960 1504,960"/>
                    <TextEquiv>
                        <Unicode>dû</Unicode>
                    </TextEquiv>
                    <TextStyle fontFamily="Times New Roman" fontSize="7.0"/>
                </Word>
                <Word id="w_w2aab1b3b2b1b3ac83" language="English" custom="readingOrder {index:8;}">
                    <Coords points="1563,932 1687,932 1687,960 1563,960"/>
                    <TextEquiv>
                        <Unicode>reculer</Unicode>
                    </TextEquiv>
                    <TextStyle fontFamily="Times New Roman" fontSize="7.0"/>
                </Word>
                <Word id="w_w2aab1b3b2b1b3ac99" language="English" custom="readingOrder {index:9;}">
                    <Coords points="1705,930 1820,930 1820,959 1705,959"/>
                    <TextEquiv>
                        <Unicode>devant</Unicode>
                    </TextEquiv>
                    <TextStyle fontFamily="Times New Roman" fontSize="7.0"/>
                </Word>
                <Word id="w_w2aab1b3b2b1b3ad113" language="English" custom="readingOrder {index:10;}">
                    <Coords points="1837,929 1864,929 1864,957 1837,957"/>
                    <TextEquiv>
                        <Unicode>le</Unicode>
                    </TextEquiv>
                    <TextStyle fontFamily="Times New Roman" fontSize="7.0"/>
                </Word>
                <Word id="w_w2aab1b3b2b1b3ad119" language="English" custom="readingOrder {index:11;}">
                    <Coords points="1885,927 1991,927 1991,965 1885,965"/>
                    <TextEquiv>
                        <Unicode>prince</Unicode>
                    </TextEquiv>
                    <TextStyle fontFamily="Times New Roman" fontSize="7.0"/>
                </Word>
                <Word id="w_w2aab1b3b2b1b3ad133" language="English" custom="readingOrder {index:12;}">
                    <Coords points="2004,928 2181,928 2181,958 2004,958"/>
                    <TextEquiv>
                        <Unicode>Ferdinand</Unicode>
                    </TextEquiv>
                    <TextStyle fontFamily="Times New Roman" fontSize="7.0"/>
                </Word>
                <Word id="w_w2aab1b3b2b1b3ad153" language="English" custom="readingOrder {index:13;}">
                    <Coords points="2202,928 2239,928 2239,957 2202,957"/>
                    <TextEquiv>
                        <Unicode>de</Unicode>
                    </TextEquiv>
                    <TextStyle fontFamily="Times New Roman" fontSize="7.0"/>
                </Word>
                <Word id="w_w2aab1b3b2b1b3ad159" language="English" custom="readingOrder {index:14;}">
                    <Coords points="2261,926 2458,926 2458,963 2261,963"/>
                    <TextEquiv>
                        <Unicode>Brunswick)</Unicode>
                    </TextEquiv>
                    <TextStyle fontFamily="Times New Roman" fontSize="7.0"/>
                </Word>
                <Word id="w_w2aab1b3b2b1b3ad181" language="English" custom="readingOrder {index:15;}">
                    <Coords points="2471,937 2477,937 2477,956 2471,956"/>
                    <TextEquiv>
                        <Unicode>:</Unicode>
                    </TextEquiv>
                    <TextStyle fontFamily="Times New Roman" fontSize="7.0"/>
                </Word>
                <Word id="w_w2aab1b3b2b1b3ad185" language="English" custom="readingOrder {index:16;}">
                    <Coords points="2498,937 2510,937 2510,953 2498,953"/>
                    <TextEquiv>
                        <Unicode>«</Unicode>
                    </TextEquiv>
                    <TextStyle fontFamily="Times New Roman" fontSize="7.0"/>
                </Word>
                <Word id="w_w2aab1b3b2b1b3ad189" language="English" custom="readingOrder {index:17;}">
                    <Coords points="2532,928 2661,928 2661,958 2532,958"/>
                    <TextEquiv>
                        <Unicode>N’aiant</Unicode>
                    </TextEquiv>
                    <TextStyle fontFamily="Times New Roman" fontSize="7.0"/>
                </Word>
                <Word id="w_w2aab1b3b2b1b3ad205" language="English" custom="readingOrder {index:18;}">
                    <Coords points="2681,927 2752,927 2752,965 2681,965"/>
                    <TextEquiv>
                        <Unicode>qu’à</Unicode>
                    </TextEquiv>
                    <TextStyle fontFamily="Times New Roman" fontSize="7.0"/>
                </Word>
                <Word id="w_w2aab1b3b2b1b3ad215" language="English" custom="readingOrder {index:19;}">
                    <Coords points="2772,936 2851,936 2851,956 2772,956"/>
                    <TextEquiv>
                        <Unicode>vous</Unicode>
                    </TextEquiv>
                    <TextStyle fontFamily="Times New Roman" fontSize="7.0"/>
                </Word>
                <Word id="w_w2aab1b3b2b1b3ad225" language="English" custom="readingOrder {index:20;}">
                    <Coords points="2866,926 3020,926 3020,963 2866,963"/>
                    <TextEquiv>
                        <Unicode>plaindre,</Unicode>
                    </TextEquiv>
                    <TextStyle fontFamily="Times New Roman" fontSize="7.0"/>
                </Word>
                <TextEquiv>
                    <Unicode>dement de l’armée de Hanovre et avait dû reculer devant le prince Ferdinand de Brunswick) : « N’aiant qu’à vous plaindre,</Unicode>
                </TextEquiv>
                <TextStyle fontFamily="Times New Roman" fontSize="7.0"/>
            </TextLine>
            <TextLine id="tl_4" primaryLanguage="English" custom="readingOrder {index:2;}">
                <Coords points="792,968 3018,968 3018,1012 792,1012"/>
                <Baseline points="792,1000 867,999 1013,1006 1152,999 1306,1010 1349,1002 1436,1012 1507,1003 1570,1003 1628,1002 1794,999 1827,999 1978,999 2022,999 2146,999 2243,999 2341,999 2466,1005 2562,998 2791,1008 2834,998 2936,997 3018,997"/>
                <Word id="w_w2aab1b3b2b1b5ab1" language="English" custom="readingOrder {index:0;}">
                    <Coords points="792,979 867,979 867,1000 792,1000"/>
                    <TextEquiv>
                        <Unicode>mon</Unicode>
                    </TextEquiv>
                    <TextStyle fontFamily="Times New Roman" fontSize="7.0"/>
                </Word>
                <Word id="w_w2aab1b3b2b1b5ab9" language="English" custom="readingOrder {index:1;}">
                    <Coords points="888,970 1013,970 1013,1006 888,1006"/>
                    <TextEquiv>
                        <Unicode>cousin,</Unicode>
                    </TextEquiv>
                    <TextStyle fontFamily="Times New Roman" fontSize="7.0"/>
                </Word>
                <Word id="w_w2aab1b3b2b1b5ac25" language="English" custom="readingOrder {index:2;}">
                    <Coords points="1030,970 1152,970 1152,1007 1030,1007"/>
                    <TextEquiv>
                        <Unicode>jusqu’à</Unicode>
                    </TextEquiv>
                    <TextStyle fontFamily="Times New Roman" fontSize="7.0"/>
                </Word>
                <Word id="w_w2aab1b3b2b1b5ac41" language="English" custom="readingOrder {index:3;}">
                    <Coords points="1168,973 1306,973 1306,1010 1168,1010"/>
                    <TextEquiv>
                        <Unicode>présent,</Unicode>
                    </TextEquiv>
                    <TextStyle fontFamily="Times New Roman" fontSize="7.0"/>
                </Word>
                <Word id="w_w2aab1b3b2b1b5ac59" language="English" custom="readingOrder {index:4;}">
                    <Coords points="1320,973 1349,973 1349,1010 1320,1010"/>
                    <TextEquiv>
                        <Unicode>je</Unicode>
                    </TextEquiv>
                    <TextStyle fontFamily="Times New Roman" fontSize="7.0"/>
                </Word>
                <Word id="w_w2aab1b3b2b1b5ac65" language="English" custom="readingOrder {index:5;}">
                    <Coords points="1366,974 1436,974 1436,1012 1366,1012"/>
                    <TextEquiv>
                        <Unicode>n’ay</Unicode>
                    </TextEquiv>
                    <TextStyle fontFamily="Times New Roman" fontSize="7.0"/>
                </Word>
                <Word id="w_w2aab1b3b2b1b5ac75" language="English" custom="readingOrder {index:6;}">
                    <Coords points="1450,983 1507,983 1507,1011 1450,1011"/>
                    <TextEquiv>
                        <Unicode>pas</Unicode>
                    </TextEquiv>
                    <TextStyle fontFamily="Times New Roman" fontSize="7.0"/>
                </Word>
                <Word id="w_w2aab1b3b2b1b5ac83" language="English" custom="readingOrder {index:7;}">
                    <Coords points="1528,984 1570,984 1570,1011 1528,1011"/>
                    <TextEquiv>
                        <Unicode>pu</Unicode>
                    </TextEquiv>
                    <TextStyle fontFamily="Times New Roman" fontSize="7.0"/>
                </Word>
                <Word id="w_w2aab1b3b2b1b5ac89" language="English" custom="readingOrder {index:8;}">
                    <Coords points="1581,983 1628,983 1628,1002 1581,1002"/>
                    <TextEquiv>
                        <Unicode>me</Unicode>
                    </TextEquiv>
                    <TextStyle fontFamily="Times New Roman" fontSize="7.0"/>
                </Word>
                <Word id="w_w2aab1b3b2b1b5ac95" language="English" custom="readingOrder {index:9;}">
                    <Coords points="1641,972 1794,972 1794,1003 1641,1003"/>
                    <TextEquiv>
                        <Unicode>résoudre</Unicode>
                    </TextEquiv>
                    <TextStyle fontFamily="Times New Roman" fontSize="7.0"/>
                </Word>
                <Word id="w_w2aab1b3b2b1b5ad113" language="English" custom="readingOrder {index:10;}">
                    <Coords points="1809,970 1827,970 1827,999 1809,999"/>
                    <TextEquiv>
                        <Unicode>à</Unicode>
                    </TextEquiv>
                    <TextStyle fontFamily="Times New Roman" fontSize="7.0"/>
                </Word>
                <Word id="w_w2aab1b3b2b1b5ad117" language="English" custom="readingOrder {index:11;}">
                    <Coords points="1844,971 1978,971 1978,1007 1844,1007"/>
                    <TextEquiv>
                        <Unicode>prendre</Unicode>
                    </TextEquiv>
                    <TextStyle fontFamily="Times New Roman" fontSize="7.0"/>
                </Word>
                <Word id="w_w2aab1b3b2b1b5ad133" language="English" custom="readingOrder {index:12;}">
                    <Coords points="1993,972 2022,972 2022,999 1993,999"/>
                    <TextEquiv>
                        <Unicode>la</Unicode>
                    </TextEquiv>
                    <TextStyle fontFamily="Times New Roman" fontSize="7.0"/>
                </Word>
                <Word id="w_w2aab1b3b2b1b5ad139" language="English" custom="readingOrder {index:13;}">
                    <Coords points="2041,972 2146,972 2146,1008 2041,1008"/>
                    <TextEquiv>
                        <Unicode>plume</Unicode>
                    </TextEquiv>
                    <TextStyle fontFamily="Times New Roman" fontSize="7.0"/>
                </Word>
                <Word id="w_w2aab1b3b2b1b5ad151" language="English" custom="readingOrder {index:14;}">
                    <Coords points="2162,979 2243,979 2243,1008 2162,1008"/>
                    <TextEquiv>
                        <Unicode>pour</Unicode>
                    </TextEquiv>
                    <TextStyle fontFamily="Times New Roman" fontSize="7.0"/>
                </Word>
                <Word id="w_w2aab1b3b2b1b5ad161" language="English" custom="readingOrder {index:15;}">
                    <Coords points="2259,979 2341,979 2341,1000 2259,1000"/>
                    <TextEquiv>
                        <Unicode>vous</Unicode>
                    </TextEquiv>
                    <TextStyle fontFamily="Times New Roman" fontSize="7.0"/>
                </Word>
                <Word id="w_w2aab1b3b2b1b5ad171" language="English" custom="readingOrder {index:16;}">
                    <Coords points="2355,968 2466,968 2466,1005 2355,1005"/>
                    <TextEquiv>
                        <Unicode>écrire,</Unicode>
                    </TextEquiv>
                    <TextStyle fontFamily="Times New Roman" fontSize="7.0"/>
                </Word>
                <Word id="w_w2aab1b3b2b1b5ad187" language="English" custom="readingOrder {index:17;}">
                    <Coords points="2482,969 2562,969 2562,998 2482,998"/>
                    <TextEquiv>
                        <Unicode>mais</Unicode>
                    </TextEquiv>
                    <TextStyle fontFamily="Times New Roman" fontSize="7.0"/>
                </Word>
                <Word id="w_w2aab1b3b2b1b5ad197" language="English" custom="readingOrder {index:18;}">
                    <Coords points="2579,970 2791,970 2791,1008 2579,1008"/>
                    <TextEquiv>
                        <Unicode>aujourd’huy</Unicode>
                    </TextEquiv>
                    <TextStyle fontFamily="Times New Roman" fontSize="7.0"/>
                </Word>
                <Word id="w_w2aab1b3b2b1b5ad221" language="English" custom="readingOrder {index:19;}">
                    <Coords points="2805,969 2834,969 2834,1008 2805,1008"/>
                    <TextEquiv>
                        <Unicode>je</Unicode>
                    </TextEquiv>
                    <TextStyle fontFamily="Times New Roman" fontSize="7.0"/>
                </Word>
                <Word id="w_w2aab1b3b2b1b5ad227" language="English" custom="readingOrder {index:20;}">
                    <Coords points="2856,969 2936,969 2936,998 2856,998"/>
                    <TextEquiv>
                        <Unicode>m’en</Unicode>
                    </TextEquiv>
                    <TextStyle fontFamily="Times New Roman" fontSize="7.0"/>
                </Word>
                <Word id="w_w2aab1b3b2b1b5ad237" language="English" custom="readingOrder {index:21;}">
                    <Coords points="2955,974 3018,974 3018,997 2955,997"/>
                    <TextEquiv>
                        <Unicode>sert</Unicode>
                    </TextEquiv>
                    <TextStyle fontFamily="Times New Roman" fontSize="7.0"/>
                </Word>
                <TextEquiv>
                    <Unicode>mon cousin, jusqu’à présent, je n’ay pas pu me résoudre à prendre la plume pour vous écrire, mais aujourd’huy je m’en sert</Unicode>
                </TextEquiv>
                <TextStyle fontFamily="Times New Roman" fontSize="7.0"/>
            </TextLine>
            <TextEquiv>
                <Unicode>Curieuse épître au comte de Clermont (qui avait succède, en février 1758, au maréchal de Richelieu dans le comman¬
dement de l’armée de Hanovre et avait dû reculer devant le prince Ferdinand de Brunswick) : « N’aiant qu’à vous plaindre,
mon cousin, jusqu’à présent, je n’ay pas pu me résoudre à prendre la plume pour vous écrire, mais aujourd’huy je m’en sert</Unicode>
            </TextEquiv>
        </TextRegion>
        <TextRegion type="paragraph" id="r_3_1" custom="readingOrder {index:2;}">
            <Coords points="783,1012 1924,1012 1924,1435 783,1435"/>
            <TextLine id="tl_5" primaryLanguage="English" custom="readingOrder {index:0;}">
                <Coords points="792,1013 1922,1013 1922,1055 792,1055"/>
                <Baseline points="792,1050 874,1041 963,1040 1112,1041 1160,1042 1220,1043 1381,1045 1593,1045 1660,1044 1763,1042 1922,1041"/>
                <Word id="w_w2aab1b5b2b1b1ab1" language="English" custom="readingOrder {index:0;}">
                    <Coords points="792,1022 874,1022 874,1050 792,1050"/>
                    <TextEquiv>
                        <Unicode>pour</Unicode>
                    </TextEquiv>
                    <TextStyle fontFamily="Times New Roman" fontSize="7.0"/>
                </Word>
                <Word id="w_w2aab1b5b2b1b1ac11" language="English" custom="readingOrder {index:1;}">
                    <Coords points="883,1021 963,1021 963,1042 883,1042"/>
                    <TextEquiv>
                        <Unicode>vous</Unicode>
                    </TextEquiv>
                    <TextStyle fontFamily="Times New Roman" fontSize="7.0"/>
                </Word>
                <Word id="w_w2aab1b5b2b1b1ac21" language="English" custom="readingOrder {index:2;}">
                    <Coords points="977,1013 1112,1013 1112,1041 977,1041"/>
                    <TextEquiv>
                        <Unicode>féliciter</Unicode>
                    </TextEquiv>
                    <TextStyle fontFamily="Times New Roman" fontSize="7.0"/>
                </Word>
                <Word id="w_w2aab1b5b2b1b1ac41" language="English" custom="readingOrder {index:3;}">
                    <Coords points="1122,1022 1160,1022 1160,1042 1122,1042"/>
                    <TextEquiv>
                        <Unicode>en</Unicode>
                    </TextEquiv>
                    <TextStyle fontFamily="Times New Roman" fontSize="7.0"/>
                </Word>
                <Word id="w_w2aab1b5b2b1b1ac47" language="English" custom="readingOrder {index:4;}">
                    <Coords points="1172,1023 1220,1023 1220,1043 1172,1043"/>
                    <TextEquiv>
                        <Unicode>me</Unicode>
                    </TextEquiv>
                    <TextStyle fontFamily="Times New Roman" fontSize="7.0"/>
                </Word>
                <Word id="w_w2aab1b5b2b1b1ac53" language="English" custom="readingOrder {index:5;}">
                    <Coords points="1229,1015 1381,1015 1381,1045 1229,1045"/>
                    <TextEquiv>
                        <Unicode>félicitant</Unicode>
                    </TextEquiv>
                    <TextStyle fontFamily="Times New Roman" fontSize="7.0"/>
                </Word>
                <Word id="w_w2aab1b5b2b1b1ac75" language="English" custom="readingOrder {index:6;}">
                    <Coords points="1397,1016 1593,1016 1593,1055 1397,1055"/>
                    <TextEquiv>
                        <Unicode>moy-même</Unicode>
                    </TextEquiv>
                    <TextStyle fontFamily="Times New Roman" fontSize="7.0"/>
                </Word>
                <Word id="w_w2aab1b5b2b1b1ac93" language="English" custom="readingOrder {index:7;}">
                    <Coords points="1604,1025 1660,1025 1660,1044 1604,1044"/>
                    <TextEquiv>
                        <Unicode>sur</Unicode>
                    </TextEquiv>
                    <TextStyle fontFamily="Times New Roman" fontSize="7.0"/>
                </Word>
                <Word id="w_w2aab1b5b2b1b1ad101" language="English" custom="readingOrder {index:8;}">
                    <Coords points="1670,1021 1763,1021 1763,1044 1670,1044"/>
                    <TextEquiv>
                        <Unicode>votre</Unicode>
                    </TextEquiv>
                    <TextStyle fontFamily="Times New Roman" fontSize="7.0"/>
                </Word>
                <Word id="w_w2aab1b5b2b1b1ad113" language="English" custom="readingOrder {index:9;}">
                    <Coords points="1775,1017 1922,1017 1922,1050 1775,1050"/>
                    <TextEquiv>
                        <Unicode>prompte</Unicode>
                    </TextEquiv>
                    <TextStyle fontFamily="Times New Roman" fontSize="7.0"/>
                </Word>
                <TextEquiv>
                    <Unicode>pour vous féliciter en me félicitant moy-même sur votre prompte</Unicode>
                </TextEquiv>
                <TextStyle fontFamily="Times New Roman" fontSize="7.0"/>
            </TextLine>
            <TextLine id="tl_6" primaryLanguage="English" custom="readingOrder {index:1;}">
                <Coords points="790,1054 1923,1054 1923,1097 790,1097"/>
                <Baseline points="790,1093 954,1087 1266,1086 1343,1097 1438,1088 1554,1096 1633,1087 1716,1085 1826,1082 1923,1076"/>
                <Word id="w_w2aab1b5b2b1b3ab1" language="English" custom="readingOrder {index:0;}">
                    <Coords points="790,1054 954,1054 954,1093 790,1093"/>
                    <TextEquiv>
                        <Unicode>guérison,</Unicode>
                    </TextEquiv>
                    <TextStyle fontFamily="Times New Roman" fontSize="7.0"/>
                </Word>
                <Word id="w_w2aab1b5b2b1b3ac21" language="English" custom="readingOrder {index:1;}">
                    <Coords points="969,1054 1266,1054 1266,1091 969,1091"/>
                    <TextEquiv>
                        <Unicode>qu’heureusement</Unicode>
                    </TextEquiv>
                    <TextStyle fontFamily="Times New Roman" fontSize="7.0"/>
                </Word>
                <Word id="w_w2aab1b5b2b1b3ac53" language="English" custom="readingOrder {index:2;}">
                    <Coords points="1282,1058 1343,1058 1343,1097 1282,1097"/>
                    <TextEquiv>
                        <Unicode>j’ay</Unicode>
                    </TextEquiv>
                    <TextStyle fontFamily="Times New Roman" fontSize="7.0"/>
                </Word>
                <Word id="w_w2aab1b5b2b1b3ac63" language="English" custom="readingOrder {index:3;}">
                    <Coords points="1363,1067 1438,1067 1438,1097 1363,1097"/>
                    <TextEquiv>
                        <Unicode>sçue</Unicode>
                    </TextEquiv>
                    <TextStyle fontFamily="Times New Roman" fontSize="7.0"/>
                </Word>
                <Word id="w_w2aab1b5b2b1b3ac73" language="English" custom="readingOrder {index:4;}">
                    <Coords points="1455,1067 1554,1067 1554,1096 1455,1096"/>
                    <TextEquiv>
                        <Unicode>aussy</Unicode>
                    </TextEquiv>
                    <TextStyle fontFamily="Times New Roman" fontSize="7.0"/>
                </Word>
                <Word id="w_w2aab1b5b2b1b3ac85" language="English" custom="readingOrder {index:5;}">
                    <Coords points="1567,1063 1633,1063 1633,1088 1567,1088"/>
                    <TextEquiv>
                        <Unicode>tost</Unicode>
                    </TextEquiv>
                    <TextStyle fontFamily="Times New Roman" fontSize="7.0"/>
                </Word>
                <Word id="w_w2aab1b5b2b1b3ac95" language="English" custom="readingOrder {index:6;}">
                    <Coords points="1654,1066 1716,1066 1716,1095 1654,1095"/>
                    <TextEquiv>
                        <Unicode>que</Unicode>
                    </TextEquiv>
                    <TextStyle fontFamily="Times New Roman" fontSize="7.0"/>
                </Word>
                <Word id="w_w2aab1b5b2b1b3ad103" language="English" custom="readingOrder {index:7;}">
                    <Coords points="1736,1060 1826,1060 1826,1084 1736,1084"/>
                    <TextEquiv>
                        <Unicode>votre</Unicode>
                    </TextEquiv>
                    <TextStyle fontFamily="Times New Roman" fontSize="7.0"/>
                </Word>
                <Word id="w_w2aab1b5b2b1b3ad115" language="English" custom="readingOrder {index:8;}">
                    <Coords points="1854,1063 1923,1063 1923,1083 1854,1083"/>
                    <TextEquiv>
                        <Unicode>ma¬</Unicode>
                    </TextEquiv>
                    <TextStyle fontFamily="Times New Roman" fontSize="7.0"/>
                </Word>
                <TextEquiv>
                    <Unicode>guérison, qu’heureusement j’ay sçue aussy tost que votre ma¬</Unicode>
                </TextEquiv>
                <TextStyle fontFamily="Times New Roman" fontSize="7.0"/>
            </TextLine>
            <TextLine id="tl_7" primaryLanguage="English" custom="readingOrder {index:2;}">
                <Coords points="788,1097 1922,1097 1922,1139 788,1139"/>
                <Baseline points="788,1127 884,1127 1043,1125 1121,1126 1216,1128 1314,1129 1514,1129 1561,1129 1640,1128 1735,1127 1836,1125 1922,1125"/>
                <Word id="w_w2aab1b5b2b1b5ab1" language="English" custom="readingOrder {index:0;}">
                    <Coords points="788,1097 884,1097 884,1127 788,1127"/>
                    <TextEquiv>
                        <Unicode>ladie.</Unicode>
                    </TextEquiv>
                    <TextStyle fontFamily="Times New Roman" fontSize="7.0"/>
                </Word>
                <Word id="w_w2aab1b5b2b1b5ac15" language="English" custom="readingOrder {index:1;}">
                    <Coords points="903,1097 1043,1097 1043,1133 903,1133"/>
                    <TextEquiv>
                        <Unicode>J’espère</Unicode>
                    </TextEquiv>
                    <TextStyle fontFamily="Times New Roman" fontSize="7.0"/>
                </Word>
                <Word id="w_w2aab1b5b2b1b5ac33" language="English" custom="readingOrder {index:2;}">
                    <Coords points="1060,1106 1121,1106 1121,1134 1060,1134"/>
                    <TextEquiv>
                        <Unicode>que</Unicode>
                    </TextEquiv>
                    <TextStyle fontFamily="Times New Roman" fontSize="7.0"/>
                </Word>
                <Word id="w_w2aab1b5b2b1b5ac41" language="English" custom="readingOrder {index:3;}">
                    <Coords points="1138,1108 1216,1108 1216,1128 1138,1128"/>
                    <TextEquiv>
                        <Unicode>vous</Unicode>
                    </TextEquiv>
                    <TextStyle fontFamily="Times New Roman" fontSize="7.0"/>
                </Word>
                <Word id="w_w2aab1b5b2b1b5ac51" language="English" custom="readingOrder {index:4;}">
                    <Coords points="1234,1110 1314,1110 1314,1130 1234,1130"/>
                    <TextEquiv>
                        <Unicode>vous</Unicode>
                    </TextEquiv>
                    <TextStyle fontFamily="Times New Roman" fontSize="7.0"/>
                </Word>
                <Word id="w_w2aab1b5b2b1b5ac61" language="English" custom="readingOrder {index:5;}">
                    <Coords points="1329,1102 1514,1102 1514,1139 1329,1139"/>
                    <TextEquiv>
                        <Unicode>ménagerés</Unicode>
                    </TextEquiv>
                    <TextStyle fontFamily="Times New Roman" fontSize="7.0"/>
                </Word>
                <Word id="w_w2aab1b5b2b1b5ac81" language="English" custom="readingOrder {index:6;}">
                    <Coords points="1531,1106 1561,1106 1561,1129 1531,1129"/>
                    <TextEquiv>
                        <Unicode>et</Unicode>
                    </TextEquiv>
                    <TextStyle fontFamily="Times New Roman" fontSize="7.0"/>
                </Word>
                <Word id="w_w2aab1b5b2b1b5ac87" language="English" custom="readingOrder {index:7;}">
                    <Coords points="1578,1109 1640,1109 1640,1138 1578,1138"/>
                    <TextEquiv>
                        <Unicode>que</Unicode>
                    </TextEquiv>
                    <TextStyle fontFamily="Times New Roman" fontSize="7.0"/>
                </Word>
                <Word id="w_w2aab1b5b2b1b5ac95" language="English" custom="readingOrder {index:8;}">
                    <Coords points="1652,1108 1735,1108 1735,1128 1652,1128"/>
                    <TextEquiv>
                        <Unicode>vous</Unicode>
                    </TextEquiv>
                    <TextStyle fontFamily="Times New Roman" fontSize="7.0"/>
                </Word>
                <Word id="w_w2aab1b5b2b1b5ad105" language="English" custom="readingOrder {index:9;}">
                    <Coords points="1749,1098 1836,1098 1836,1126 1749,1126"/>
                    <TextEquiv>
                        <Unicode>serés</Unicode>
                    </TextEquiv>
                    <TextStyle fontFamily="Times New Roman" fontSize="7.0"/>
                </Word>
                <Word id="w_w2aab1b5b2b1b5ad117" language="English" custom="readingOrder {index:10;}">
                    <Coords points="1851,1098 1922,1098 1922,1133 1851,1133"/>
                    <TextEquiv>
                        <Unicode>plus</Unicode>
                    </TextEquiv>
                    <TextStyle fontFamily="Times New Roman" fontSize="7.0"/>
                </Word>
                <TextEquiv>
                    <Unicode>ladie. J’espère que vous vous ménagerés et que vous serés plus</Unicode>
                </TextEquiv>
                <TextStyle fontFamily="Times New Roman" fontSize="7.0"/>
            </TextLine>
            <TextLine id="tl_8" primaryLanguage="English" custom="readingOrder {index:3;}">
                <Coords points="789,1138 1921,1138 1921,1181 789,1181"/>
                <Baseline points="789,1167 827,1167 920,1167 977,1167 1047,1168 1148,1170 1274,1172 1328,1172 1530,1171 1613,1171 1831,1167 1921,1167"/>
                <Word id="w_w2aab1b5b2b1b7ab1" language="English" custom="readingOrder {index:0;}">
                    <Coords points="789,1148 827,1148 827,1167 789,1167"/>
                    <TextEquiv>
                        <Unicode>en</Unicode>
                    </TextEquiv>
                    <TextStyle fontFamily="Times New Roman" fontSize="7.0"/>
                </Word>
                <Word id="w_w2aab1b5b2b1b7ab7" language="English" custom="readingOrder {index:1;}">
                    <Coords points="854,1140 920,1140 920,1167 854,1167"/>
                    <TextEquiv>
                        <Unicode>état</Unicode>
                    </TextEquiv>
                    <TextStyle fontFamily="Times New Roman" fontSize="7.0"/>
                </Word>
                <Word id="w_w2aab1b5b2b1b7ac17" language="English" custom="readingOrder {index:2;}">
                    <Coords points="940,1138 977,1138 977,1167 940,1167"/>
                    <TextEquiv>
                        <Unicode>de</Unicode>
                    </TextEquiv>
                    <TextStyle fontFamily="Times New Roman" fontSize="7.0"/>
                </Word>
                <Word id="w_w2aab1b5b2b1b7ac23" language="English" custom="readingOrder {index:3;}">
                    <Coords points="998,1148 1047,1148 1047,1168 998,1168"/>
                    <TextEquiv>
                        <Unicode>me</Unicode>
                    </TextEquiv>
                    <TextStyle fontFamily="Times New Roman" fontSize="7.0"/>
                </Word>
                <Word id="w_w2aab1b5b2b1b7ac29" language="English" custom="readingOrder {index:4;}">
                    <Coords points="1077,1140 1148,1140 1148,1170 1077,1170"/>
                    <TextEquiv>
                        <Unicode>bien</Unicode>
                    </TextEquiv>
                    <TextStyle fontFamily="Times New Roman" fontSize="7.0"/>
                </Word>
                <Word id="w_w2aab1b5b2b1b7ac39" language="English" custom="readingOrder {index:5;}">
                    <Coords points="1174,1142 1274,1142 1274,1172 1174,1172"/>
                    <TextEquiv>
                        <Unicode>servir</Unicode>
                    </TextEquiv>
                    <TextStyle fontFamily="Times New Roman" fontSize="7.0"/>
                </Word>
                <Word id="w_w2aab1b5b2b1b7ac53" language="English" custom="readingOrder {index:6;}">
                    <Coords points="1298,1145 1328,1145 1328,1172 1298,1172"/>
                    <TextEquiv>
                        <Unicode>la</Unicode>
                    </TextEquiv>
                    <TextStyle fontFamily="Times New Roman" fontSize="7.0"/>
                </Word>
                <Word id="w_w2aab1b5b2b1b7ac59" language="English" custom="readingOrder {index:7;}">
                    <Coords points="1357,1152 1530,1152 1530,1181 1357,1181"/>
                    <TextEquiv>
                        <Unicode>campagne</Unicode>
                    </TextEquiv>
                    <TextStyle fontFamily="Times New Roman" fontSize="7.0"/>
                </Word>
                <Word id="w_w2aab1b5b2b1b7ac77" language="English" custom="readingOrder {index:8;}">
                    <Coords points="1558,1142 1613,1142 1613,1180 1558,1180"/>
                    <TextEquiv>
                        <Unicode>qui</Unicode>
                    </TextEquiv>
                    <TextStyle fontFamily="Times New Roman" fontSize="7.0"/>
                </Word>
                <Word id="w_w2aab1b5b2b1b7ac85" language="English" custom="readingOrder {index:9;}">
                    <Coords points="1639,1139 1831,1139 1831,1170 1639,1170"/>
                    <TextEquiv>
                        <Unicode>s’ensuivra.</Unicode>
                    </TextEquiv>
                    <TextStyle fontFamily="Times New Roman" fontSize="7.0"/>
                </Word>
                <Word id="w_w2aab1b5b2b1b7ad109" language="English" custom="readingOrder {index:10;}">
                    <Coords points="1860,1140 1921,1140 1921,1168 1860,1168"/>
                    <TextEquiv>
                        <Unicode>Par</Unicode>
                    </TextEquiv>
                    <TextStyle fontFamily="Times New Roman" fontSize="7.0"/>
                </Word>
                <TextEquiv>
                    <Unicode>en état de me bien servir la campagne qui s’ensuivra. Par</Unicode>
                </TextEquiv>
                <TextStyle fontFamily="Times New Roman" fontSize="7.0"/>
            </TextLine>
            <TextLine id="tl_9" primaryLanguage="English" custom="readingOrder {index:4;}">
                <Coords points="787,1181 1922,1181 1922,1221 787,1221"/>
                <Baseline points="787,1210 961,1209 1209,1213 1266,1214 1396,1214 1496,1214 1568,1213 1776,1210 1832,1209 1922,1210"/>
                <Word id="w_w2aab1b5b2b1b9ab1" language="English" custom="readingOrder {index:0;}">
                    <Coords points="787,1181 961,1181 961,1210 787,1210"/>
                    <TextEquiv>
                        <Unicode>l’ancienne</Unicode>
                    </TextEquiv>
                    <TextStyle fontFamily="Times New Roman" fontSize="7.0"/>
                </Word>
                <Word id="w_w2aab1b5b2b1b9ac23" language="English" custom="readingOrder {index:1;}">
                    <Coords points="981,1182 1209,1182 1209,1213 981,1213"/>
                    <TextEquiv>
                        <Unicode>connoissance</Unicode>
                    </TextEquiv>
                    <TextStyle fontFamily="Times New Roman" fontSize="7.0"/>
                </Word>
                <Word id="w_w2aab1b5b2b1b9ac49" language="English" custom="readingOrder {index:2;}">
                    <Coords points="1235,1191 1266,1191 1266,1214 1235,1214"/>
                    <TextEquiv>
                        <Unicode>et</Unicode>
                    </TextEquiv>
                    <TextStyle fontFamily="Times New Roman" fontSize="7.0"/>
                </Word>
                <Word id="w_w2aab1b5b2b1b9ac55" language="English" custom="readingOrder {index:3;}">
                    <Coords points="1286,1185 1396,1185 1396,1215 1286,1215"/>
                    <TextEquiv>
                        <Unicode>amitié</Unicode>
                    </TextEquiv>
                    <TextStyle fontFamily="Times New Roman" fontSize="7.0"/>
                </Word>
                <Word id="w_w2aab1b5b2b1b9ac69" language="English" custom="readingOrder {index:4;}">
                    <Coords points="1415,1195 1496,1195 1496,1214 1415,1214"/>
                    <TextEquiv>
                        <Unicode>vous</Unicode>
                    </TextEquiv>
                    <TextStyle fontFamily="Times New Roman" fontSize="7.0"/>
                </Word>
                <Word id="w_w2aab1b5b2b1b9ac79" language="English" custom="readingOrder {index:5;}">
                    <Coords points="1517,1194 1568,1194 1568,1214 1517,1214"/>
                    <TextEquiv>
                        <Unicode>me</Unicode>
                    </TextEquiv>
                    <TextStyle fontFamily="Times New Roman" fontSize="7.0"/>
                </Word>
                <Word id="w_w2aab1b5b2b1b9ac85" language="English" custom="readingOrder {index:6;}">
                    <Coords points="1585,1183 1776,1183 1776,1221 1585,1221"/>
                    <TextEquiv>
                        <Unicode>permettrés</Unicode>
                    </TextEquiv>
                    <TextStyle fontFamily="Times New Roman" fontSize="7.0"/>
                </Word>
                <Word id="w_w2aab1b5b2b1b9ad107" language="English" custom="readingOrder {index:7;}">
                    <Coords points="1794,1182 1832,1182 1832,1210 1794,1210"/>
                    <TextEquiv>
                        <Unicode>de</Unicode>
                    </TextEquiv>
                    <TextStyle fontFamily="Times New Roman" fontSize="7.0"/>
                </Word>
                <Word id="w_w2aab1b5b2b1b9ad113" language="English" custom="readingOrder {index:8;}">
                    <Coords points="1849,1181 1922,1181 1922,1210 1849,1210"/>
                    <TextEquiv>
                        <Unicode>finir</Unicode>
                    </TextEquiv>
                    <TextStyle fontFamily="Times New Roman" fontSize="7.0"/>
                </Word>
                <TextEquiv>
                    <Unicode>l’ancienne connoissance et amitié vous me permettrés de finir</Unicode>
                </TextEquiv>
                <TextStyle fontFamily="Times New Roman" fontSize="7.0"/>
            </TextLine>
            <TextLine id="tl_10" primaryLanguage="English" custom="readingOrder {index:5;}">
                <Coords points="787,1223 1919,1223 1919,1264 787,1264"/>
                <Baseline points="787,1251 862,1251 1100,1253 1155,1264 1328,1264 1376,1257 1466,1257 1598,1255 1630,1254 1679,1247 1799,1252 1919,1261"/>
                <Word id="w_w2aab1b5b2b1c11ab1" language="English" custom="readingOrder {index:0;}">
                    <Coords points="787,1232 862,1232 862,1252 787,1252"/>
                    <TextEquiv>
                        <Unicode>sans</Unicode>
                    </TextEquiv>
                    <TextStyle fontFamily="Times New Roman" fontSize="7.0"/>
                </Word>
                <Word id="w_w2aab1b5b2b1c11ac11" language="English" custom="readingOrder {index:1;}">
                    <Coords points="876,1223 1100,1223 1100,1260 876,1260"/>
                    <TextEquiv>
                        <Unicode>compliments</Unicode>
                    </TextEquiv>
                    <TextStyle fontFamily="Times New Roman" fontSize="7.0"/>
                </Word>
                <Word id="w_w2aab1b5b2b1c11ac35" language="English" custom="readingOrder {index:2;}">
                    <Coords points="1114,1234 1155,1234 1155,1264 1114,1264"/>
                    <TextEquiv>
                        <Unicode>ny</Unicode>
                    </TextEquiv>
                    <TextStyle fontFamily="Times New Roman" fontSize="7.0"/>
                </Word>
                <Word id="w_w2aab1b5b2b1c11ac41" language="English" custom="readingOrder {index:3;}">
                    <Coords points="1170,1228 1328,1228 1328,1264 1170,1264"/>
                    <TextEquiv>
                        <Unicode>souhaits,</Unicode>
                    </TextEquiv>
                    <TextStyle fontFamily="Times New Roman" fontSize="7.0"/>
                </Word>
                <Word id="w_w2aab1b5b2b1c11ac61" language="English" custom="readingOrder {index:4;}">
                    <Coords points="1345,1233 1376,1233 1376,1257 1345,1257"/>
                    <TextEquiv>
                        <Unicode>et</Unicode>
                    </TextEquiv>
                    <TextStyle fontFamily="Times New Roman" fontSize="7.0"/>
                </Word>
                <Word id="w_w2aab1b5b2b1c11ac67" language="English" custom="readingOrder {index:5;}">
                    <Coords points="1395,1233 1466,1233 1466,1257 1395,1257"/>
                    <TextEquiv>
                        <Unicode>tout</Unicode>
                    </TextEquiv>
                    <TextStyle fontFamily="Times New Roman" fontSize="7.0"/>
                </Word>
                <Word id="w_w2aab1b5b2b1c11ac77" language="English" custom="readingOrder {index:6;}">
                    <Coords points="1492,1233 1598,1233 1598,1257 1492,1257"/>
                    <TextEquiv>
                        <Unicode>court.</Unicode>
                    </TextEquiv>
                    <TextStyle fontFamily="Times New Roman" fontSize="7.0"/>
                </Word>
                <Word id="w_w2aab1b5b2b1c11ac91" language="English" custom="readingOrder {index:7;}">
                    <Coords points="1618,1239 1630,1239 1630,1254 1618,1254"/>
                    <TextEquiv>
                        <Unicode>»</Unicode>
                    </TextEquiv>
                    <TextStyle fontFamily="Times New Roman" fontSize="7.0"/>
                </Word>
                <Word id="w_w2aab1b5b2b1c11ac95" language="English" custom="readingOrder {index:8;}">
                    <Coords points="1645,1242 1679,1242 1679,1247 1645,1247"/>
                    <TextEquiv>
                        <Unicode>—</Unicode>
                    </TextEquiv>
                    <TextStyle fontFamily="Times New Roman" fontSize="7.0"/>
                </Word>
                <Word id="w_w2aab1b5b2b1c11ac99" language="English" custom="readingOrder {index:9;}">
                    <Coords points="1694,1225 1799,1225 1799,1261 1694,1261"/>
                    <TextEquiv>
                        <Unicode>(Cette</Unicode>
                    </TextEquiv>
                    <TextStyle fontFamily="Times New Roman" fontSize="7.0"/>
                </Word>
                <Word id="w_w2aab1b5b2b1c11ad113" language="English" custom="readingOrder {index:10;}">
                    <Coords points="1817,1225 1919,1225 1919,1261 1817,1261"/>
                    <TextEquiv>
                        <Unicode>lettre,</Unicode>
                    </TextEquiv>
                    <TextStyle fontFamily="Times New Roman" fontSize="7.0"/>
                </Word>
                <TextEquiv>
                    <Unicode>sans compliments ny souhaits, et tout court. » — (Cette lettre,</Unicode>
                </TextEquiv>
                <TextStyle fontFamily="Times New Roman" fontSize="7.0"/>
            </TextLine>
            <TextLine id="tl_11" primaryLanguage="English" custom="readingOrder {index:6;}">
                <Coords points="787,1266 1920,1266 1920,1307 787,1307"/>
                <Baseline points="787,1294 865,1294 913,1293 987,1294 1084,1296 1240,1298 1414,1306 1467,1298 1626,1297 1699,1296 1745,1295 1920,1296"/>
                <Word id="w_w2aab1b5b2b1c13ab1" language="English" custom="readingOrder {index:0;}">
                    <Coords points="787,1266 865,1266 865,1294 787,1294"/>
                    <TextEquiv>
                        <Unicode>dont</Unicode>
                    </TextEquiv>
                    <TextStyle fontFamily="Times New Roman" fontSize="7.0"/>
                </Word>
                <Word id="w_w2aab1b5b2b1c13ac11" language="English" custom="readingOrder {index:1;}">
                    <Coords points="885,1266 913,1266 913,1293 885,1293"/>
                    <TextEquiv>
                        <Unicode>le</Unicode>
                    </TextEquiv>
                    <TextStyle fontFamily="Times New Roman" fontSize="7.0"/>
                </Word>
                <Word id="w_w2aab1b5b2b1c13ac17" language="English" custom="readingOrder {index:2;}">
                    <Coords points="932,1269 987,1269 987,1294 932,1294"/>
                    <TextEquiv>
                        <Unicode>ton</Unicode>
                    </TextEquiv>
                    <TextStyle fontFamily="Times New Roman" fontSize="7.0"/>
                </Word>
                <Word id="w_w2aab1b5b2b1c13ac25" language="English" custom="readingOrder {index:3;}">
                    <Coords points="1008,1272 1084,1272 1084,1303 1008,1303"/>
                    <TextEquiv>
                        <Unicode>peut</Unicode>
                    </TextEquiv>
                    <TextStyle fontFamily="Times New Roman" fontSize="7.0"/>
                </Word>
                <Word id="w_w2aab1b5b2b1c13ac35" language="English" custom="readingOrder {index:4;}">
                    <Coords points="1101,1269 1240,1269 1240,1298 1101,1298"/>
                    <TextEquiv>
                        <Unicode>sembler</Unicode>
                    </TextEquiv>
                    <TextStyle fontFamily="Times New Roman" fontSize="7.0"/>
                </Word>
                <Word id="w_w2aab1b5b2b1c13ac51" language="English" custom="readingOrder {index:5;}">
                    <Coords points="1254,1270 1414,1270 1414,1307 1254,1307"/>
                    <TextEquiv>
                        <Unicode>ironique,</Unicode>
                    </TextEquiv>
                    <TextStyle fontFamily="Times New Roman" fontSize="7.0"/>
                </Word>
                <Word id="w_w2aab1b5b2b1c13ac71" language="English" custom="readingOrder {index:6;}">
                    <Coords points="1429,1278 1467,1278 1467,1298 1429,1298"/>
                    <TextEquiv>
                        <Unicode>ne</Unicode>
                    </TextEquiv>
                    <TextStyle fontFamily="Times New Roman" fontSize="7.0"/>
                </Word>
                <Word id="w_w2aab1b5b2b1c13ac77" language="English" custom="readingOrder {index:7;}">
                    <Coords points="1486,1270 1626,1270 1626,1306 1486,1306"/>
                    <TextEquiv>
                        <Unicode>changea</Unicode>
                    </TextEquiv>
                    <TextStyle fontFamily="Times New Roman" fontSize="7.0"/>
                </Word>
                <Word id="w_w2aab1b5b2b1c13ac93" language="English" custom="readingOrder {index:8;}">
                    <Coords points="1642,1277 1699,1277 1699,1305 1642,1305"/>
                    <TextEquiv>
                        <Unicode>pas</Unicode>
                    </TextEquiv>
                    <TextStyle fontFamily="Times New Roman" fontSize="7.0"/>
                </Word>
                <Word id="w_w2aab1b5b2b1c13ad101" language="English" custom="readingOrder {index:9;}">
                    <Coords points="1715,1268 1745,1268 1745,1296 1715,1296"/>
                    <TextEquiv>
                        <Unicode>la</Unicode>
                    </TextEquiv>
                    <TextStyle fontFamily="Times New Roman" fontSize="7.0"/>
                </Word>
                <Word id="w_w2aab1b5b2b1c13ad107" language="English" custom="readingOrder {index:10;}">
                    <Coords points="1760,1266 1920,1266 1920,1296 1760,1296"/>
                    <TextEquiv>
                        <Unicode>mauvaise</Unicode>
                    </TextEquiv>
                    <TextStyle fontFamily="Times New Roman" fontSize="7.0"/>
                </Word>
                <TextEquiv>
                    <Unicode>dont le ton peut sembler ironique, ne changea pas la mauvaise</Unicode>
                </TextEquiv>
                <TextStyle fontFamily="Times New Roman" fontSize="7.0"/>
            </TextLine>
            <TextLine id="tl_12" primaryLanguage="English" custom="readingOrder {index:7;}">
                <Coords points="784,1308 1917,1308 1917,1349 784,1349"/>
                <Baseline points="784,1336 910,1336 975,1336 1105,1339 1163,1340 1366,1349 1442,1340 1608,1340 1664,1338 1852,1337 1917,1331"/>
                <Word id="w_w2aab1b5b2b1c15ab1" language="English" custom="readingOrder {index:0;}">
                    <Coords points="784,1309 910,1309 910,1337 784,1337"/>
                    <TextEquiv>
                        <Unicode>fortune</Unicode>
                    </TextEquiv>
                    <TextStyle fontFamily="Times New Roman" fontSize="7.0"/>
                </Word>
                <Word id="w_w2aab1b5b2b1c15ac17" language="English" custom="readingOrder {index:1;}">
                    <Coords points="934,1308 975,1308 975,1336 934,1336"/>
                    <TextEquiv>
                        <Unicode>du</Unicode>
                    </TextEquiv>
                    <TextStyle fontFamily="Times New Roman" fontSize="7.0"/>
                </Word>
                <Word id="w_w2aab1b5b2b1c15ac23" language="English" custom="readingOrder {index:2;}">
                    <Coords points="1002,1315 1105,1315 1105,1339 1002,1339"/>
                    <TextEquiv>
                        <Unicode>comte</Unicode>
                    </TextEquiv>
                    <TextStyle fontFamily="Times New Roman" fontSize="7.0"/>
                </Word>
                <Word id="w_w2aab1b5b2b1c15ac35" language="English" custom="readingOrder {index:3;}">
                    <Coords points="1125,1311 1163,1311 1163,1340 1125,1340"/>
                    <TextEquiv>
                        <Unicode>de</Unicode>
                    </TextEquiv>
                    <TextStyle fontFamily="Times New Roman" fontSize="7.0"/>
                </Word>
                <Word id="w_w2aab1b5b2b1c15ac41" language="English" custom="readingOrder {index:4;}">
                    <Coords points="1185,1311 1366,1311 1366,1349 1185,1349"/>
                    <TextEquiv>
                        <Unicode>Clermont,</Unicode>
                    </TextEquiv>
                    <TextStyle fontFamily="Times New Roman" fontSize="7.0"/>
                </Word>
                <Word id="w_w2aab1b5b2b1c15ac61" language="English" custom="readingOrder {index:5;}">
                    <Coords points="1387,1311 1442,1311 1442,1349 1387,1349"/>
                    <TextEquiv>
                        <Unicode>qui</Unicode>
                    </TextEquiv>
                    <TextStyle fontFamily="Times New Roman" fontSize="7.0"/>
                </Word>
                <Word id="w_w2aab1b5b2b1c15ac69" language="English" custom="readingOrder {index:6;}">
                    <Coords points="1465,1313 1608,1313 1608,1349 1465,1349"/>
                    <TextEquiv>
                        <Unicode>éprouva</Unicode>
                    </TextEquiv>
                    <TextStyle fontFamily="Times New Roman" fontSize="7.0"/>
                </Word>
                <Word id="w_w2aab1b5b2b1c15ac85" language="English" custom="readingOrder {index:7;}">
                    <Coords points="1625,1311 1664,1311 1664,1339 1625,1339"/>
                    <TextEquiv>
                        <Unicode>de</Unicode>
                    </TextEquiv>
                    <TextStyle fontFamily="Times New Roman" fontSize="7.0"/>
                </Word>
                <Word id="w_w2aab1b5b2b1c15ac91" language="English" custom="readingOrder {index:8;}">
                    <Coords points="1681,1317 1852,1317 1852,1338 1681,1338"/>
                    <TextEquiv>
                        <Unicode>nouveaux</Unicode>
                    </TextEquiv>
                    <TextStyle fontFamily="Times New Roman" fontSize="7.0"/>
                </Word>
                <Word id="w_w2aab1b5b2b1c15ad109" language="English" custom="readingOrder {index:9;}">
                    <Coords points="1869,1318 1917,1318 1917,1338 1869,1338"/>
                    <TextEquiv>
                        <Unicode>re¬</Unicode>
                    </TextEquiv>
                    <TextStyle fontFamily="Times New Roman" fontSize="7.0"/>
                </Word>
                <TextEquiv>
                    <Unicode>fortune du comte de Clermont, qui éprouva de nouveaux re¬</Unicode>
                </TextEquiv>
                <TextStyle fontFamily="Times New Roman" fontSize="7.0"/>
            </TextLine>
            <TextLine id="tl_13" primaryLanguage="English" custom="readingOrder {index:8;}">
                <Coords points="785,1351 1918,1351 1918,1392 785,1392"/>
                <Baseline points="785,1379 869,1385 930,1379 1034,1380 1067,1381 1216,1384 1292,1384 1336,1383 1460,1383 1515,1383 1723,1381 1778,1380 1813,1381 1833,1381 1918,1381"/>
                <Word id="w_w2aab1b5b2b1c17ab1" language="English" custom="readingOrder {index:0;}">
                    <Coords points="785,1360 869,1360 869,1385 785,1385"/>
                    <TextEquiv>
                        <Unicode>vers,</Unicode>
                    </TextEquiv>
                    <TextStyle fontFamily="Times New Roman" fontSize="7.0"/>
                </Word>
                <Word id="w_w2aab1b5b2b1c17ac13" language="English" custom="readingOrder {index:1;}">
                    <Coords points="881,1351 930,1351 930,1379 881,1379"/>
                    <TextEquiv>
                        <Unicode>fut</Unicode>
                    </TextEquiv>
                    <TextStyle fontFamily="Times New Roman" fontSize="7.0"/>
                </Word>
                <Word id="w_w2aab1b5b2b1c17ac21" language="English" custom="readingOrder {index:2;}">
                    <Coords points="944,1351 1034,1351 1034,1380 944,1380"/>
                    <TextEquiv>
                        <Unicode>battu</Unicode>
                    </TextEquiv>
                    <TextStyle fontFamily="Times New Roman" fontSize="7.0"/>
                </Word>
                <Word id="w_w2aab1b5b2b1c17ac33" language="English" custom="readingOrder {index:3;}">
                    <Coords points="1050,1352 1067,1352 1067,1381 1050,1381"/>
                    <TextEquiv>
                        <Unicode>à</Unicode>
                    </TextEquiv>
                    <TextStyle fontFamily="Times New Roman" fontSize="7.0"/>
                </Word>
                <Word id="w_w2aab1b5b2b1c17ac37" language="English" custom="readingOrder {index:4;}">
                    <Coords points="1088,1353 1216,1353 1216,1384 1088,1384"/>
                    <TextEquiv>
                        <Unicode>Crevelt</Unicode>
                    </TextEquiv>
                    <TextStyle fontFamily="Times New Roman" fontSize="7.0"/>
                </Word>
                <Word id="w_w2aab1b5b2b1c17ac53" language="English" custom="readingOrder {index:5;}">
                    <Coords points="1235,1364 1292,1364 1292,1392 1235,1392"/>
                    <TextEquiv>
                        <Unicode>par</Unicode>
                    </TextEquiv>
                    <TextStyle fontFamily="Times New Roman" fontSize="7.0"/>
                </Word>
                <Word id="w_w2aab1b5b2b1c17ac61" language="English" custom="readingOrder {index:6;}">
                    <Coords points="1308,1356 1336,1356 1336,1383 1308,1383"/>
                    <TextEquiv>
                        <Unicode>le</Unicode>
                    </TextEquiv>
                    <TextStyle fontFamily="Times New Roman" fontSize="7.0"/>
                </Word>
                <Word id="w_w2aab1b5b2b1c17ac67" language="English" custom="readingOrder {index:7;}">
                    <Coords points="1352,1355 1460,1355 1460,1392 1352,1392"/>
                    <TextEquiv>
                        <Unicode>prince</Unicode>
                    </TextEquiv>
                    <TextStyle fontFamily="Times New Roman" fontSize="7.0"/>
                </Word>
                <Word id="w_w2aab1b5b2b1c17ac81" language="English" custom="readingOrder {index:8;}">
                    <Coords points="1477,1355 1515,1355 1515,1384 1477,1384"/>
                    <TextEquiv>
                        <Unicode>de</Unicode>
                    </TextEquiv>
                    <TextStyle fontFamily="Times New Roman" fontSize="7.0"/>
                </Word>
                <Word id="w_w2aab1b5b2b1c17ac87" language="English" custom="readingOrder {index:9;}">
                    <Coords points="1535,1352 1723,1352 1723,1383 1535,1383"/>
                    <TextEquiv>
                        <Unicode>Brunswick</Unicode>
                    </TextEquiv>
                    <TextStyle fontFamily="Times New Roman" fontSize="7.0"/>
                </Word>
                <Word id="w_w2aab1b5b2b1c17ad107" language="English" custom="readingOrder {index:10;}">
                    <Coords points="1751,1353 1778,1353 1778,1380 1751,1380"/>
                    <TextEquiv>
                        <Unicode>le</Unicode>
                    </TextEquiv>
                    <TextStyle fontFamily="Times New Roman" fontSize="7.0"/>
                </Word>
                <Word id="w_w2aab1b5b2b1c17ad113" language="English" custom="readingOrder {index:11;}">
                    <Coords points="1797,1360 1813,1360 1813,1381 1797,1381"/>
                    <TextEquiv>
                        <Unicode>s</Unicode>
                    </TextEquiv>
                    <TextStyle fontFamily="Times New Roman" fontSize="7.0"/>
                </Word>
                <Word id="w_w2aab1b5b2b1c17b1b1" language="English" custom="readingOrder {index:12;}">
                    <Coords points="1816,1351 1833,1351 1833,1381 1816,1381"/>
                    <TextEquiv>
                        <Unicode>3</Unicode>
                    </TextEquiv>
                    <TextStyle fontFamily="Times New Roman" fontSize="7.5"/>
                </Word>
                <Word id="w_w2aab1b5b2b1c17b2b3" language="English" custom="readingOrder {index:13;}">
                    <Coords points="1852,1351 1918,1351 1918,1389 1852,1389"/>
                    <TextEquiv>
                        <Unicode>juin</Unicode>
                    </TextEquiv>
                    <TextStyle fontFamily="Times New Roman" fontSize="7.0"/>
                </Word>
                <TextEquiv>
                    <Unicode>vers, fut battu à Crevelt par le prince de Brunswick le 23 juin</Unicode>
                </TextEquiv>
            </TextLine>
            <TextLine id="tl_14" primaryLanguage="English" custom="readingOrder {index:9;}">
                <Coords points="784,1393 1648,1393 1648,1434 784,1434"/>
                <Baseline points="784,1423 925,1429 971,1422 1034,1423 1185,1426 1293,1425 1439,1425 1477,1425 1524,1426 1648,1432"/>
                <Word id="w_w2aab1b5b2b1c19ab1" language="English" custom="readingOrder {index:0;}">
                    <Coords points="784,1393 925,1393 925,1429 784,1429"/>
                    <TextEquiv>
                        <Unicode>suivant,</Unicode>
                    </TextEquiv>
                    <TextStyle fontFamily="Times New Roman" fontSize="7.0"/>
                </Word>
                <Word id="w_w2aab1b5b2b1c19ac19" language="English" custom="readingOrder {index:1;}">
                    <Coords points="942,1398 971,1398 971,1422 942,1422"/>
                    <TextEquiv>
                        <Unicode>et</Unicode>
                    </TextEquiv>
                    <TextStyle fontFamily="Times New Roman" fontSize="7.0"/>
                </Word>
                <Word id="w_w2aab1b5b2b1c19ac25" language="English" custom="readingOrder {index:2;}">
                    <Coords points="985,1394 1034,1394 1034,1423 985,1423"/>
                    <TextEquiv>
                        <Unicode>fut</Unicode>
                    </TextEquiv>
                    <TextStyle fontFamily="Times New Roman" fontSize="7.0"/>
                </Word>
                <Word id="w_w2aab1b5b2b1c19ac33" language="English" custom="readingOrder {index:3;}">
                    <Coords points="1047,1396 1185,1396 1185,1426 1047,1426"/>
                    <TextEquiv>
                        <Unicode>aussitôt</Unicode>
                    </TextEquiv>
                    <TextStyle fontFamily="Times New Roman" fontSize="7.0"/>
                </Word>
                <Word id="w_w2aab1b5b2b1c19ac51" language="English" custom="readingOrder {index:4;}">
                    <Coords points="1199,1398 1293,1398 1293,1434 1199,1434"/>
                    <TextEquiv>
                        <Unicode>après</Unicode>
                    </TextEquiv>
                    <TextStyle fontFamily="Times New Roman" fontSize="7.0"/>
                </Word>
                <Word id="w_w2aab1b5b2b1c19ac63" language="English" custom="readingOrder {index:5;}">
                    <Coords points="1309,1398 1439,1398 1439,1434 1309,1434"/>
                    <TextEquiv>
                        <Unicode>rappelé</Unicode>
                    </TextEquiv>
                    <TextStyle fontFamily="Times New Roman" fontSize="7.0"/>
                </Word>
                <Word id="w_w2aab1b5b2b1c19ac79" language="English" custom="readingOrder {index:6;}">
                    <Coords points="1460,1397 1477,1397 1477,1425 1460,1425"/>
                    <TextEquiv>
                        <Unicode>à</Unicode>
                    </TextEquiv>
                    <TextStyle fontFamily="Times New Roman" fontSize="7.0"/>
                </Word>
                <Word id="w_w2aab1b5b2b1c19ac83" language="English" custom="readingOrder {index:7;}">
                    <Coords points="1495,1398 1524,1398 1524,1426 1495,1426"/>
                    <TextEquiv>
                        <Unicode>la</Unicode>
                    </TextEquiv>
                    <TextStyle fontFamily="Times New Roman" fontSize="7.0"/>
                </Word>
                <Word id="w_w2aab1b5b2b1c19ac89" language="English" custom="readingOrder {index:8;}">
                    <Coords points="1544,1398 1648,1398 1648,1432 1544,1432"/>
                    <TextEquiv>
                        <Unicode>cour.)</Unicode>
                    </TextEquiv>
                    <TextStyle fontFamily="Times New Roman" fontSize="7.0"/>
                </Word>
                <TextEquiv>
                    <Unicode>suivant, et fut aussitôt après rappelé à la cour.)</Unicode>
                </TextEquiv>
                <TextStyle fontFamily="Times New Roman" fontSize="7.0"/>
            </TextLine>
            <TextEquiv>
                <Unicode>pour vous féliciter en me félicitant moy-même sur votre prompte
guérison, qu’heureusement j’ay sçue aussy tost que votre ma¬
ladie. J’espère que vous vous ménagerés et que vous serés plus
en état de me bien servir la campagne qui s’ensuivra. Par
l’ancienne connoissance et amitié vous me permettrés de finir
sans compliments ny souhaits, et tout court. » — (Cette lettre,
dont le ton peut sembler ironique, ne changea pas la mauvaise
fortune du comte de Clermont, qui éprouva de nouveaux re¬
vers, fut battu à Crevelt par le prince de Brunswick le 23 juin
suivant, et fut aussitôt après rappelé à la cour.)</Unicode>
            </TextEquiv>
        </TextRegion>
        <GraphicRegion id="r_4" custom="readingOrder {index:3;}">
            <Coords points="2004,1046 2992,1046 2992,1438 2004,1438"/>
        </GraphicRegion>
        <TextRegion type="paragraph" id="r_5_1" custom="readingOrder {index:4;}">
            <Coords points="782,1497 3015,1497 3015,1631 782,1631"/>
            <TextLine id="tl_15" primaryLanguage="English" custom="readingOrder {index:0;}">
                <Coords points="784,1498 3014,1498 3014,1564 784,1564"/>
                <Baseline points="784,1547 814,1540 896,1550 951,1548 1202,1552 1635,1561 1716,1549 1815,1549 1937,1548 2116,1560 2231,1547 2318,1547 2424,1546 2514,1544 2758,1543 3014,1545"/>
                <Word id="w_w2aab1b9b2b1b1ab1" language="English" custom="readingOrder {index:0;}">
                    <Coords points="784,1520 814,1520 814,1547 784,1547"/>
                    <TextEquiv>
                        <Unicode>+■</Unicode>
                    </TextEquiv>
                    <TextStyle fontFamily="Times New Roman" fontSize="11.0"/>
                </Word>
                <Word id="w_w2aab1b9b2b1b1ab7" language="English" custom="readingOrder {index:1;}">
                    <Coords points="839,1520 896,1520 896,1550 839,1550"/>
                    <TextEquiv>
                        <Unicode>22</Unicode>
                    </TextEquiv>
                    <TextStyle fontFamily="Times New Roman" fontSize="11.0"/>
                </Word>
                <Word id="w_w2aab1b9b2b1b1ac13" language="English" custom="readingOrder {index:2;}">
                    <Coords points="919,1518 951,1518 951,1548 919,1548"/>
                    <TextEquiv>
                        <Unicode>i</Unicode>
                    </TextEquiv>
                    <TextStyle fontFamily="Times New Roman" fontSize="11.0"/>
                </Word>
                <Word id="w_w2aab1b9b2b1b1ac17" language="English" custom="readingOrder {index:3;}">
                    <Coords points="986,1506 1202,1506 1202,1552 986,1552"/>
                    <TextEquiv>
                        <Unicode>MARIE</Unicode>
                    </TextEquiv>
                    <TextStyle fontFamily="Times New Roman" fontSize="11.0"/>
                </Word>
                <Word id="w_w2aab1b9b2b1b1ac29" language="English" custom="readingOrder {index:4;}">
                    <Coords points="1243,1505 1635,1505 1635,1561 1243,1561"/>
                    <TextEquiv>
                        <Unicode>LEGZINSKA,</Unicode>
                    </TextEquiv>
                    <TextStyle fontFamily="Times New Roman" fontSize="11.0"/>
                </Word>
                <Word id="w_w2aab1b9b2b1b1ac51" language="English" custom="readingOrder {index:5;}">
                    <Coords points="1673,1521 1716,1521 1716,1549 1673,1549"/>
                    <TextEquiv>
                        <Unicode>n.</Unicode>
                    </TextEquiv>
                    <TextStyle fontFamily="Times New Roman" fontSize="11.0"/>
                </Word>
                <Word id="w_w2aab1b9b2b1b1ac57" language="English" custom="readingOrder {index:6;}">
                    <Coords points="1760,1505 1815,1505 1815,1549 1760,1549"/>
                    <TextEquiv>
                        <Unicode>23</Unicode>
                    </TextEquiv>
                    <TextStyle fontFamily="Times New Roman" fontSize="11.0"/>
                </Word>
                <Word id="w_w2aab1b9b2b1b1ac63" language="English" custom="readingOrder {index:7;}">
                    <Coords points="1840,1503 1937,1503 1937,1562 1840,1562"/>
                    <TextEquiv>
                        <Unicode>juin</Unicode>
                    </TextEquiv>
                    <TextStyle fontFamily="Times New Roman" fontSize="11.0"/>
                </Word>
                <Word id="w_w2aab1b9b2b1b1ac73" language="English" custom="readingOrder {index:8;}">
                    <Coords points="1980,1504 2116,1504 2116,1564 1980,1564"/>
                    <TextEquiv>
                        <Unicode>1703,</Unicode>
                    </TextEquiv>
                    <TextStyle fontFamily="Times New Roman" fontSize="11.0"/>
                </Word>
                <Word id="w_w2aab1b9b2b1b1ac85" language="English" custom="readingOrder {index:9;}">
                    <Coords points="2141,1504 2231,1504 2231,1548 2141,1548"/>
                    <TextEquiv>
                        <Unicode>fille</Unicode>
                    </TextEquiv>
                    <TextStyle fontFamily="Times New Roman" fontSize="11.0"/>
                </Word>
                <Word id="w_w2aab1b9b2b1b1ac97" language="English" custom="readingOrder {index:10;}">
                    <Coords points="2257,1503 2318,1503 2318,1547 2257,1547"/>
                    <TextEquiv>
                        <Unicode>du</Unicode>
                    </TextEquiv>
                    <TextStyle fontFamily="Times New Roman" fontSize="11.0"/>
                </Word>
                <Word id="w_w2aab1b9b2b1b1ad103" language="English" custom="readingOrder {index:11;}">
                    <Coords points="2356,1502 2424,1502 2424,1547 2356,1547"/>
                    <TextEquiv>
                        <Unicode>roi</Unicode>
                    </TextEquiv>
                    <TextStyle fontFamily="Times New Roman" fontSize="11.0"/>
                </Word>
                <Word id="w_w2aab1b9b2b1b1ad111" language="English" custom="readingOrder {index:12;}">
                    <Coords points="2459,1501 2514,1501 2514,1545 2459,1545"/>
                    <TextEquiv>
                        <Unicode>de</Unicode>
                    </TextEquiv>
                    <TextStyle fontFamily="Times New Roman" fontSize="11.0"/>
                </Word>
                <Word id="w_w2aab1b9b2b1b1ad117" language="English" custom="readingOrder {index:13;}">
                    <Coords points="2550,1500 2758,1500 2758,1559 2550,1559"/>
                    <TextEquiv>
                        <Unicode>Pologne</Unicode>
                    </TextEquiv>
                    <TextStyle fontFamily="Times New Roman" fontSize="11.0"/>
                </Word>
                <Word id="w_w2aab1b9b2b1b1ad133" language="English" custom="readingOrder {index:14;}">
                    <Coords points="2786,1498 3014,1498 3014,1546 2786,1546"/>
                    <TextEquiv>
                        <Unicode>Stanislas</Unicode>
                    </TextEquiv>
                    <TextStyle fontFamily="Times New Roman" fontSize="11.0"/>
                </Word>
                <TextEquiv>
                    <Unicode>★22★ MARIE LECZINSKA, n. 23 juin 1703, fille du roi de Pologne Stanislas</Unicode>
                </TextEquiv>
                <TextStyle fontFamily="Times New Roman" fontSize="11.0"/>
            </TextLine>
            <TextLine id="tl_16" primaryLanguage="English" custom="readingOrder {index:1;}">
                <Coords points="783,1565 2959,1565 2959,1630 783,1630"/>
                <Baseline points="783,1615 1047,1628 1249,1617 1332,1617 1503,1616 1613,1614 1682,1616 1973,1614 2155,1624 2248,1614 2298,1614 2591,1623 2678,1624 2797,1610 2959,1612"/>
                <Word id="w_w2aab1b9b2b1b3ab1" language="English" custom="readingOrder {index:0;}">
                    <Coords points="783,1571 1047,1571 1047,1628 783,1628"/>
                    <TextEquiv>
                        <Unicode>Leczinski,</Unicode>
                    </TextEquiv>
                    <TextStyle fontFamily="Times New Roman" fontSize="11.0"/>
                </Word>
                <Word id="w_w2aab1b9b2b1b3ac23" language="English" custom="readingOrder {index:1;}">
                    <Coords points="1075,1573 1249,1573 1249,1617 1075,1617"/>
                    <TextEquiv>
                        <Unicode>femme</Unicode>
                    </TextEquiv>
                    <TextStyle fontFamily="Times New Roman" fontSize="11.0"/>
                </Word>
                <Word id="w_w2aab1b9b2b1b3ac35" language="English" custom="readingOrder {index:2;}">
                    <Coords points="1275,1574 1332,1574 1332,1617 1275,1617"/>
                    <TextEquiv>
                        <Unicode>de</Unicode>
                    </TextEquiv>
                    <TextStyle fontFamily="Times New Roman" fontSize="11.0"/>
                </Word>
                <Word id="w_w2aab1b9b2b1b3ac41" language="English" custom="readingOrder {index:3;}">
                    <Coords points="1357,1572 1503,1572 1503,1617 1357,1617"/>
                    <TextEquiv>
                        <Unicode>Louis</Unicode>
                    </TextEquiv>
                    <TextStyle fontFamily="Times New Roman" fontSize="11.0"/>
                </Word>
                <Word id="w_w2aab1b9b2b1b3ac53" language="English" custom="readingOrder {index:4;}">
                    <Coords points="1524,1572 1613,1572 1613,1616 1524,1616"/>
                    <TextEquiv>
                        <Unicode>XV</Unicode>
                    </TextEquiv>
                    <TextStyle fontFamily="Times New Roman" fontSize="11.0"/>
                </Word>
                <Word id="w_w2aab1b9b2b1b3ac59" language="English" custom="readingOrder {index:5;}">
                    <Coords points="1638,1573 1682,1573 1682,1629 1638,1629"/>
                    <TextEquiv>
                        <Unicode>(5</Unicode>
                    </TextEquiv>
                    <TextStyle fontFamily="Times New Roman" fontSize="11.0"/>
                </Word>
                <Word id="w_w2aab1b9b2b1b3ac65" language="English" custom="readingOrder {index:6;}">
                    <Coords points="1709,1570 1973,1570 1973,1630 1709,1630"/>
                    <TextEquiv>
                        <Unicode>septembre</Unicode>
                    </TextEquiv>
                    <TextStyle fontFamily="Times New Roman" fontSize="11.0"/>
                </Word>
                <Word id="w_w2aab1b9b2b1b3ac85" language="English" custom="readingOrder {index:7;}">
                    <Coords points="2003,1572 2155,1572 2155,1629 2003,1629"/>
                    <TextEquiv>
                        <Unicode>1725),</Unicode>
                    </TextEquiv>
                    <TextStyle fontFamily="Times New Roman" fontSize="11.0"/>
                </Word>
                <Word id="w_w2aab1b9b2b1b3ac99" language="English" custom="readingOrder {index:8;}">
                    <Coords points="2186,1585 2248,1585 2248,1614 2186,1614"/>
                    <TextEquiv>
                        <Unicode>m.</Unicode>
                    </TextEquiv>
                    <TextStyle fontFamily="Times New Roman" fontSize="11.0"/>
                </Word>
                <Word id="w_w2aab1b9b2b1b3ad105" language="English" custom="readingOrder {index:9;}">
                    <Coords points="2273,1573 2298,1573 2298,1614 2273,1614"/>
                    <TextEquiv>
                        <Unicode>à</Unicode>
                    </TextEquiv>
                    <TextStyle fontFamily="Times New Roman" fontSize="11.0"/>
                </Word>
                <Word id="w_w2aab1b9b2b1b3ad109" language="English" custom="readingOrder {index:10;}">
                    <Coords points="2325,1567 2591,1567 2591,1623 2325,1623"/>
                    <TextEquiv>
                        <Unicode>Versailles,</Unicode>
                    </TextEquiv>
                    <TextStyle fontFamily="Times New Roman" fontSize="11.0"/>
                </Word>
                <Word id="w_w2aab1b9b2b1b3ad133" language="English" custom="readingOrder {index:11;}">
                    <Coords points="2618,1580 2678,1580 2678,1624 2618,1624"/>
                    <TextEquiv>
                        <Unicode>24</Unicode>
                    </TextEquiv>
                    <TextStyle fontFamily="Times New Roman" fontSize="11.0"/>
                </Word>
                <Word id="w_w2aab1b9b2b1b3ad139" language="English" custom="readingOrder {index:12;}">
                    <Coords points="2698,1565 2797,1565 2797,1624 2698,1624"/>
                    <TextEquiv>
                        <Unicode>juin</Unicode>
                    </TextEquiv>
                    <TextStyle fontFamily="Times New Roman" fontSize="11.0"/>
                </Word>
                <Word id="w_w2aab1b9b2b1b3ad149" language="English" custom="readingOrder {index:13;}">
                    <Coords points="2827,1567 2959,1567 2959,1626 2827,1626"/>
                    <TextEquiv>
                        <Unicode>1768.</Unicode>
                    </TextEquiv>
                    <TextStyle fontFamily="Times New Roman" fontSize="11.0"/>
                </Word>
                <TextEquiv>
                    <Unicode>Leczinski, femme de Louis XV (5 septembre 1725), m. à Versailles, 24 juin 1768.</Unicode>
                </TextEquiv>
                <TextStyle fontFamily="Times New Roman" fontSize="11.0"/>
            </TextLine>
            <TextEquiv>
                <Unicode>★22★ MARIE LECZINSKA, n. 23 juin 1703, fille du roi de Pologne Stanislas
Leczinski, femme de Louis XV (5 septembre 1725), m. à Versailles, 24 juin 1768.</Unicode>
            </TextEquiv>
        </TextRegion>
        <TextRegion type="paragraph" id="r_5_2" custom="readingOrder {index:5;}">
            <Coords points="778,1656 3013,1656 3013,1766 778,1766"/>
            <TextLine id="tl_17" primaryLanguage="English" custom="readingOrder {index:0;}">
                <Coords points="831,1657 3012,1657 3012,1710 831,1710"/>
                <Baseline points="831,1699 876,1701 946,1700 1010,1700 1083,1699 1307,1699 1382,1699 1544,1710 1922,1696 1997,1696 2162,1704 2228,1696 2269,1695 2300,1695 2369,1705 2585,1693 2656,1693 2789,1705 2857,1694 3012,1706"/>
                <Word id="w_w2aab1b9b2b3b1ab1" language="English" custom="readingOrder {index:0;}">
                    <Coords points="831,1664 876,1664 876,1701 831,1701"/>
                    <TextEquiv>
                        <Unicode>L.</Unicode>
                    </TextEquiv>
                    <TextStyle fontFamily="Times New Roman" fontSize="9.0"/>
                </Word>
                <Word id="w_w2aab1b9b2b3b1ab7" language="English" custom="readingOrder {index:1;}">
                    <Coords points="898,1664 946,1664 946,1700 898,1700"/>
                    <TextEquiv>
                        <Unicode>A.</Unicode>
                    </TextEquiv>
                    <TextStyle fontFamily="Times New Roman" fontSize="9.0"/>
                </Word>
                <Word id="w_w2aab1b9b2b3b1ac13" language="English" custom="readingOrder {index:2;}">
                    <Coords points="970,1664 1010,1664 1010,1700 970,1700"/>
                    <TextEquiv>
                        <Unicode>S.</Unicode>
                    </TextEquiv>
                    <TextStyle fontFamily="Times New Roman" fontSize="9.0"/>
                </Word>
                <Word id="w_w2aab1b9b2b3b1ac19" language="English" custom="readingOrder {index:3;}">
                    <Coords points="1033,1676 1083,1676 1083,1700 1033,1700"/>
                    <TextEquiv>
                        <Unicode>au</Unicode>
                    </TextEquiv>
                    <TextStyle fontFamily="Times New Roman" fontSize="9.0"/>
                </Word>
                <Word id="w_w2aab1b9b2b3b1ac25" language="English" custom="readingOrder {index:4;}">
                    <Coords points="1106,1663 1307,1663 1307,1700 1106,1700"/>
                    <TextEquiv>
                        <Unicode>maréchal</Unicode>
                    </TextEquiv>
                    <TextStyle fontFamily="Times New Roman" fontSize="9.0"/>
                </Word>
                <Word id="w_w2aab1b9b2b3b1ac43" language="English" custom="readingOrder {index:5;}">
                    <Coords points="1329,1663 1382,1663 1382,1699 1329,1699"/>
                    <TextEquiv>
                        <Unicode>du</Unicode>
                    </TextEquiv>
                    <TextStyle fontFamily="Times New Roman" fontSize="9.0"/>
                </Word>
                <Word id="w_w2aab1b9b2b3b1ac49" language="English" custom="readingOrder {index:6;}">
                    <Coords points="1408,1664 1544,1664 1544,1710 1408,1710"/>
                    <TextEquiv>
                        <Unicode>Bourg</Unicode>
                    </TextEquiv>
                    <TextStyle fontFamily="Times New Roman" fontSize="9.0"/>
                </Word>
                <Word id="w_w2aab1b9b2b3b1ac61" language="English" custom="readingOrder {index:7;}">
                    <Coords points="1564,1659 1922,1659 1922,1708 1564,1708"/>
                    <TextEquiv>
                        <Unicode>(Léonore-Marie</Unicode>
                    </TextEquiv>
                    <TextStyle fontFamily="Times New Roman" fontSize="9.0"/>
                </Word>
                <Word id="w_w2aab1b9b2b3b1ac91" language="English" custom="readingOrder {index:8;}">
                    <Coords points="1944,1660 1997,1660 1997,1696 1944,1696"/>
                    <TextEquiv>
                        <Unicode>du</Unicode>
                    </TextEquiv>
                    <TextStyle fontFamily="Times New Roman" fontSize="9.0"/>
                </Word>
                <Word id="w_w2aab1b9b2b3b1ac97" language="English" custom="readingOrder {index:9;}">
                    <Coords points="2014,1659 2162,1659 2162,1704 2014,1704"/>
                    <TextEquiv>
                        <Unicode>Maine,</Unicode>
                    </TextEquiv>
                    <TextStyle fontFamily="Times New Roman" fontSize="9.0"/>
                </Word>
                <Word id="w_w2aab1b9b2b3b1ad111" language="English" custom="readingOrder {index:10;}">
                    <Coords points="2189,1672 2228,1672 2228,1696 2189,1696"/>
                    <TextEquiv>
                        <Unicode>n.</Unicode>
                    </TextEquiv>
                    <TextStyle fontFamily="Times New Roman" fontSize="9.0"/>
                </Word>
                <Word id="w_w2aab1b9b2b3b1ad117" language="English" custom="readingOrder {index:11;}">
                    <Coords points="2259,1672 2269,1672 2269,1695 2259,1695"/>
                    <TextEquiv>
                        <Unicode>1</Unicode>
                    </TextEquiv>
                    <TextStyle fontFamily="Times New Roman" fontSize="9.0"/>
                </Word>
                <Word id="w_w2aab1b9b2b3b1b1b1" language="English" custom="readingOrder {index:12;}">
                    <Coords points="2278,1658 2351,1658 2351,1695 2278,1695"/>
                    <TextEquiv>
                        <Unicode>655</Unicode>
                    </TextEquiv>
                    <TextStyle fontFamily="Times New Roman" fontSize="9.0" bold="true"/>
                </Word>
                <Word id="w_w2aab1b9b2b3b1b2b1" language="English" custom="readingOrder {index:13;}">
                    <Coords points="2361,1689 2369,1689 2369,1705 2361,1705"/>
                    <TextEquiv>
                        <Unicode>,</Unicode>
                    </TextEquiv>
                    <TextStyle fontFamily="Times New Roman" fontSize="9.0"/>
                </Word>
                <Word id="w_w2aab1b9b2b3b1b2b5" language="English" custom="readingOrder {index:14;}">
                    <Coords points="2384,1657 2585,1657 2585,1694 2384,1694"/>
                    <TextEquiv>
                        <Unicode>maréchal</Unicode>
                    </TextEquiv>
                    <TextStyle fontFamily="Times New Roman" fontSize="9.0"/>
                </Word>
                <Word id="w_w2aab1b9b2b3b1b2c23" language="English" custom="readingOrder {index:15;}">
                    <Coords points="2607,1670 2656,1670 2656,1694 2607,1694"/>
                    <TextEquiv>
                        <Unicode>en</Unicode>
                    </TextEquiv>
                    <TextStyle fontFamily="Times New Roman" fontSize="9.0"/>
                </Word>
                <Word id="w_w2aab1b9b2b3b1b2c29" language="English" custom="readingOrder {index:16;}">
                    <Coords points="2678,1670 2789,1670 2789,1707 2678,1707"/>
                    <TextEquiv>
                        <Unicode>1724,</Unicode>
                    </TextEquiv>
                    <TextStyle fontFamily="Times New Roman" fontSize="9.0"/>
                </Word>
                <Word id="w_w2aab1b9b2b3b1b2c41" language="English" custom="readingOrder {index:17;}">
                    <Coords points="2804,1671 2857,1671 2857,1694 2804,1694"/>
                    <TextEquiv>
                        <Unicode>m.</Unicode>
                    </TextEquiv>
                    <TextStyle fontFamily="Times New Roman" fontSize="9.0"/>
                </Word>
                <Word id="w_w2aab1b9b2b3b1b2c47" language="English" custom="readingOrder {index:18;}">
                    <Coords points="2879,1657 3012,1657 3012,1707 2879,1707"/>
                    <TextEquiv>
                        <Unicode>17Z9);</Unicode>
                    </TextEquiv>
                    <TextStyle fontFamily="Times New Roman" fontSize="9.0"/>
                </Word>
                <TextEquiv>
                    <Unicode>L. A. S. au maréchal du Bourg (Léonore-Marie du Maine, n. 1655, maréchal en 1724, m. 1739);</Unicode>
                </TextEquiv>
            </TextLine>
            <TextLine id="tl_18" primaryLanguage="English" custom="readingOrder {index:1;}">
                <Coords points="779,1713 2764,1713 2764,1765 779,1765"/>
                <Baseline points="779,1762 1033,1765 1078,1753 1312,1753 1475,1760 1519,1751 1584,1752 1662,1752 1789,1761 1978,1749 2038,1749 2068,1749 2314,1749 2506,1748 2699,1739 2764,1749"/>
                <Word id="w_w2aab1b9b2b3b3ab1" language="English" custom="readingOrder {index:0;}">
                    <Coords points="779,1717 1033,1717 1033,1765 779,1765"/>
                    <TextEquiv>
                        <Unicode>(Versailles),</Unicode>
                    </TextEquiv>
                    <TextStyle fontFamily="Times New Roman" fontSize="9.0"/>
                </Word>
                <Word id="w_w2aab1b9b2b3b3ac29" language="English" custom="readingOrder {index:1;}">
                    <Coords points="1058,1730 1078,1730 1078,1753 1058,1753"/>
                    <TextEquiv>
                        <Unicode>2</Unicode>
                    </TextEquiv>
                    <TextStyle fontFamily="Times New Roman" fontSize="9.0"/>
                </Word>
                <Word id="w_w2aab1b9b2b3b3ac33" language="English" custom="readingOrder {index:2;}">
                    <Coords points="1101,1717 1312,1717 1312,1753 1101,1753"/>
                    <TextEquiv>
                        <Unicode>décembre</Unicode>
                    </TextEquiv>
                    <TextStyle fontFamily="Times New Roman" fontSize="9.0"/>
                </Word>
                <Word id="w_w2aab1b9b2b3b3ac51" language="English" custom="readingOrder {index:3;}">
                    <Coords points="1331,1717 1475,1717 1475,1765 1331,1765"/>
                    <TextEquiv>
                        <Unicode>(1729),</Unicode>
                    </TextEquiv>
                    <TextStyle fontFamily="Times New Roman" fontSize="9.0"/>
                </Word>
                <Word id="w_w2aab1b9b2b3b3ac67" language="English" custom="readingOrder {index:4;}">
                    <Coords points="1508,1729 1519,1729 1519,1751 1508,1751"/>
                    <TextEquiv>
                        <Unicode>1</Unicode>
                    </TextEquiv>
                    <TextStyle fontFamily="Times New Roman" fontSize="9.0"/>
                </Word>
                <Word id="w_w2aab1b9b2b3b3ac71" language="English" custom="readingOrder {index:5;}">
                    <Coords points="1547,1728 1584,1728 1584,1763 1547,1763"/>
                    <TextEquiv>
                        <Unicode>p.</Unicode>
                    </TextEquiv>
                    <TextStyle fontFamily="Times New Roman" fontSize="9.0"/>
                </Word>
                <Word id="w_w2aab1b9b2b3b3ac77" language="English" custom="readingOrder {index:6;}">
                    <Coords points="1610,1715 1662,1715 1662,1763 1610,1763"/>
                    <TextEquiv>
                        <Unicode>pl.</Unicode>
                    </TextEquiv>
                    <TextStyle fontFamily="Times New Roman" fontSize="9.0"/>
                </Word>
                <Word id="w_w2aab1b9b2b3b3ac85" language="English" custom="readingOrder {index:7;}">
                    <Coords points="1686,1714 1789,1714 1789,1761 1686,1761"/>
                    <TextEquiv>
                        <Unicode>in-4,</Unicode>
                    </TextEquiv>
                    <TextStyle fontFamily="Times New Roman" fontSize="9.0"/>
                </Word>
                <Word id="w_w2aab1b9b2b3b3ac97" language="English" custom="readingOrder {index:8;}">
                    <Coords points="1819,1714 1978,1714 1978,1750 1819,1750"/>
                    <TextEquiv>
                        <Unicode>cachets</Unicode>
                    </TextEquiv>
                    <TextStyle fontFamily="Times New Roman" fontSize="9.0"/>
                </Word>
                <Word id="w_w2aab1b9b2b3b3ad113" language="English" custom="readingOrder {index:9;}">
                    <Coords points="2000,1723 2038,1723 2038,1750 2000,1750"/>
                    <TextEquiv>
                        <Unicode>et</Unicode>
                    </TextEquiv>
                    <TextStyle fontFamily="Times New Roman" fontSize="9.0"/>
                </Word>
                <Word id="w_w2aab1b9b2b3b3ad119" language="English" custom="readingOrder {index:10;}">
                    <Coords points="2052,1713 2167,1713 2167,1762 2052,1762"/>
                    <TextEquiv>
                        <Unicode>soies.</Unicode>
                    </TextEquiv>
                    <TextStyle fontFamily="Times New Roman" fontSize="9.0"/>
                </Word>
                <Word id="w_w2aab1b9b2b3b3b1b1" language="English" custom="readingOrder {index:11;}">
                    <Coords points="2192,1713 2314,1713 2314,1762 2192,1762"/>
                    <TextEquiv>
                        <Unicode>(Coll.</Unicode>
                    </TextEquiv>
                    <TextStyle fontFamily="Times New Roman" fontSize="9.0" italic="true"/>
                </Word>
                <Word id="w_w2aab1b9b2b3b3b1c15" language="English" custom="readingOrder {index:12;}">
                    <Coords points="2334,1713 2630,1713 2630,1762 2334,1762"/>
                    <TextEquiv>
                        <Unicode>Dubrunfaut.)</Unicode>
                    </TextEquiv>
                    <TextStyle fontFamily="Times New Roman" fontSize="9.0" italic="true"/>
                </Word>
                <Word id="w_w2aab1b9b2b3b3b2b3" language="English" custom="readingOrder {index:13;}">
                    <Coords points="2651,1734 2699,1734 2699,1739 2651,1739"/>
                    <TextEquiv>
                        <Unicode>—</Unicode>
                    </TextEquiv>
                    <TextStyle fontFamily="Times New Roman" fontSize="9.0"/>
                </Word>
                <Word id="w_w2aab1b9b2b3b3b2b7" language="English" custom="readingOrder {index:14;}">
                    <Coords points="2722,1714 2764,1714 2764,1749 2722,1749"/>
                    <TextEquiv>
                        <Unicode>P.</Unicode>
                    </TextEquiv>
                    <TextStyle fontFamily="Times New Roman" fontSize="9.0"/>
                </Word>
                <TextEquiv>
                    <Unicode>(Versailles), 2 décembre (1729), 1 p. pl. in-4, cachets et soies. (Coll. Dubrunfaut.) — P.</Unicode>
                </TextEquiv>
            </TextLine>
            <TextEquiv>
                <Unicode>L. A. S. au maréchal du Bourg (Léonore-Marie du Maine, n. 1655, maréchal en 1724, m. 1739);
(Versailles), 2 décembre (1729), 1 p. pl. in-4, cachets et soies. (Coll. Dubrunfaut.) — P.</Unicode>
            </TextEquiv>
        </TextRegion>
        <TextRegion type="paragraph" id="r_5_3" custom="readingOrder {index:6;}">
            <Coords points="772,1788 3012,1788 3012,2036 772,2036"/>
            <TextLine id="tl_19" primaryLanguage="English" custom="readingOrder {index:0;}">
                <Coords points="814,1789 3011,1789 3011,1829 814,1829"/>
                <Baseline points="814,1820 958,1820 1067,1820 1132,1820 1210,1819 1256,1820 1426,1819 1482,1819 1551,1818 1794,1817 1828,1816 2018,1816 2078,1817 2125,1818 2307,1818 2372,1817 2449,1817 2520,1818 2669,1825 2727,1818 2762,1818 2956,1819 3011,1820"/>
                <Word id="w_w2aab1b9b2b5b1ab1" language="English" custom="readingOrder {index:0;}">
                    <Coords points="814,1792 958,1792 958,1829 814,1829"/>
                    <TextEquiv>
                        <Unicode>Superbe</Unicode>
                    </TextEquiv>
                    <TextStyle fontFamily="Times New Roman" fontSize="7.0"/>
                </Word>
                <Word id="w_w2aab1b9b2b5b1ac17" language="English" custom="readingOrder {index:1;}">
                    <Coords points="975,1794 1067,1794 1067,1821 975,1821"/>
                    <TextEquiv>
                        <Unicode>lettre</Unicode>
                    </TextEquiv>
                    <TextStyle fontFamily="Times New Roman" fontSize="7.0"/>
                </Word>
                <Word id="w_w2aab1b9b2b5b1ac31" language="English" custom="readingOrder {index:2;}">
                    <Coords points="1091,1791 1132,1791 1132,1820 1091,1820"/>
                    <TextEquiv>
                        <Unicode>où</Unicode>
                    </TextEquiv>
                    <TextStyle fontFamily="Times New Roman" fontSize="7.0"/>
                </Word>
                <Word id="w_w2aab1b9b2b5b1ac37" language="English" custom="readingOrder {index:3;}">
                    <Coords points="1151,1793 1210,1793 1210,1819 1151,1819"/>
                    <TextEquiv>
                        <Unicode>elle</Unicode>
                    </TextEquiv>
                    <TextStyle fontFamily="Times New Roman" fontSize="7.0"/>
                </Word>
                <Word id="w_w2aab1b9b2b5b1ac47" language="English" custom="readingOrder {index:4;}">
                    <Coords points="1228,1793 1256,1793 1256,1820 1228,1820"/>
                    <TextEquiv>
                        <Unicode>le</Unicode>
                    </TextEquiv>
                    <TextStyle fontFamily="Times New Roman" fontSize="7.0"/>
                </Word>
                <Word id="w_w2aab1b9b2b5b1ac53" language="English" custom="readingOrder {index:5;}">
                    <Coords points="1275,1791 1426,1791 1426,1819 1275,1819"/>
                    <TextEquiv>
                        <Unicode>remercie</Unicode>
                    </TextEquiv>
                    <TextStyle fontFamily="Times New Roman" fontSize="7.0"/>
                </Word>
                <Word id="w_w2aab1b9b2b5b1ac71" language="English" custom="readingOrder {index:6;}">
                    <Coords points="1444,1792 1482,1792 1482,1819 1444,1819"/>
                    <TextEquiv>
                        <Unicode>de</Unicode>
                    </TextEquiv>
                    <TextStyle fontFamily="Times New Roman" fontSize="7.0"/>
                </Word>
                <Word id="w_w2aab1b9b2b5b1ac77" language="English" custom="readingOrder {index:7;}">
                    <Coords points="1501,1799 1551,1799 1551,1818 1501,1818"/>
                    <TextEquiv>
                        <Unicode>ses</Unicode>
                    </TextEquiv>
                    <TextStyle fontFamily="Times New Roman" fontSize="7.0"/>
                </Word>
                <Word id="w_w2aab1b9b2b5b1ac85" language="English" custom="readingOrder {index:8;}">
                    <Coords points="1569,1789 1794,1789 1794,1826 1569,1826"/>
                    <TextEquiv>
                        <Unicode>compliments</Unicode>
                    </TextEquiv>
                    <TextStyle fontFamily="Times New Roman" fontSize="7.0"/>
                </Word>
                <Word id="w_w2aab1b9b2b5b1ad109" language="English" custom="readingOrder {index:9;}">
                    <Coords points="1812,1789 1828,1789 1828,1816 1812,1816"/>
                    <TextEquiv>
                        <Unicode>à</Unicode>
                    </TextEquiv>
                    <TextStyle fontFamily="Times New Roman" fontSize="7.0"/>
                </Word>
                <Word id="w_w2aab1b9b2b5b1ad113" language="English" custom="readingOrder {index:10;}">
                    <Coords points="1847,1789 2018,1789 2018,1817 1847,1817"/>
                    <TextEquiv>
                        <Unicode>l’occasion</Unicode>
                    </TextEquiv>
                    <TextStyle fontFamily="Times New Roman" fontSize="7.0"/>
                </Word>
                <Word id="w_w2aab1b9b2b5b1ad135" language="English" custom="readingOrder {index:11;}">
                    <Coords points="2039,1790 2078,1790 2078,1817 2039,1817"/>
                    <TextEquiv>
                        <Unicode>de</Unicode>
                    </TextEquiv>
                    <TextStyle fontFamily="Times New Roman" fontSize="7.0"/>
                </Word>
                <Word id="w_w2aab1b9b2b5b1ad141" language="English" custom="readingOrder {index:12;}">
                    <Coords points="2094,1790 2125,1790 2125,1818 2094,1818"/>
                    <TextEquiv>
                        <Unicode>la</Unicode>
                    </TextEquiv>
                    <TextStyle fontFamily="Times New Roman" fontSize="7.0"/>
                </Word>
                <Word id="w_w2aab1b9b2b5b1ad147" language="English" custom="readingOrder {index:13;}">
                    <Coords points="2141,1789 2307,1789 2307,1818 2141,1818"/>
                    <TextEquiv>
                        <Unicode>naissance</Unicode>
                    </TextEquiv>
                    <TextStyle fontFamily="Times New Roman" fontSize="7.0"/>
                </Word>
                <Word id="w_w2aab1b9b2b5b1ad167" language="English" custom="readingOrder {index:14;}">
                    <Coords points="2334,1790 2372,1790 2372,1818 2334,1818"/>
                    <TextEquiv>
                        <Unicode>de</Unicode>
                    </TextEquiv>
                    <TextStyle fontFamily="Times New Roman" fontSize="7.0"/>
                </Word>
                <Word id="w_w2aab1b9b2b5b1ad173" language="English" custom="readingOrder {index:15;}">
                    <Coords points="2391,1797 2449,1797 2449,1818 2391,1818"/>
                    <TextEquiv>
                        <Unicode>son</Unicode>
                    </TextEquiv>
                    <TextStyle fontFamily="Times New Roman" fontSize="7.0"/>
                </Word>
                <Word id="w_w2aab1b9b2b5b1ad181" language="English" custom="readingOrder {index:16;}">
                    <Coords points="2470,1789 2520,1789 2520,1818 2470,1818"/>
                    <TextEquiv>
                        <Unicode>fils</Unicode>
                    </TextEquiv>
                    <TextStyle fontFamily="Times New Roman" fontSize="7.0"/>
                </Word>
                <Word id="w_w2aab1b9b2b5b1ad191" language="English" custom="readingOrder {index:17;}">
                    <Coords points="2546,1790 2669,1790 2669,1826 2546,1826"/>
                    <TextEquiv>
                        <Unicode>(Louis,</Unicode>
                    </TextEquiv>
                    <TextStyle fontFamily="Times New Roman" fontSize="7.0"/>
                </Word>
                <Word id="w_w2aab1b9b2b5b1ad207" language="English" custom="readingOrder {index:18;}">
                    <Coords points="2689,1791 2727,1791 2727,1818 2689,1818"/>
                    <TextEquiv>
                        <Unicode>né</Unicode>
                    </TextEquiv>
                    <TextStyle fontFamily="Times New Roman" fontSize="7.0"/>
                </Word>
                <Word id="w_w2aab1b9b2b5b1ad213" language="English" custom="readingOrder {index:19;}">
                    <Coords points="2745,1790 2762,1790 2762,1818 2745,1818"/>
                    <TextEquiv>
                        <Unicode>à</Unicode>
                    </TextEquiv>
                    <TextStyle fontFamily="Times New Roman" fontSize="7.0"/>
                </Word>
                <Word id="w_w2aab1b9b2b5b1ad217" language="English" custom="readingOrder {index:20;}">
                    <Coords points="2779,1790 2956,1790 2956,1820 2779,1820"/>
                    <TextEquiv>
                        <Unicode>Versailles</Unicode>
                    </TextEquiv>
                    <TextStyle fontFamily="Times New Roman" fontSize="7.0"/>
                </Word>
                <Word id="w_w2aab1b9b2b5b1ad239" language="English" custom="readingOrder {index:21;}">
                    <Coords points="2984,1793 3011,1793 3011,1820 2984,1820"/>
                    <TextEquiv>
                        <Unicode>le</Unicode>
                    </TextEquiv>
                    <TextStyle fontFamily="Times New Roman" fontSize="7.0"/>
                </Word>
                <TextEquiv>
                    <Unicode>Superbe lettre où elle le remercie de ses compliments à l’occasion de la naissance de son fils (Louis, né à Versailles le</Unicode>
                </TextEquiv>
                <TextStyle fontFamily="Times New Roman" fontSize="7.0"/>
            </TextLine>
            <TextLine id="tl_20" primaryLanguage="English" custom="readingOrder {index:1;}">
                <Coords points="777,1830 3009,1830 3009,1872 777,1872"/>
                <Baseline points="777,1868 797,1868 991,1861 1102,1868 1160,1859 1278,1860 1311,1856 1480,1858 1579,1865 1667,1857 1758,1856 1942,1863 1995,1857 2091,1858 2163,1858 2256,1858 2370,1859 2427,1859 2559,1860 2640,1860 2686,1860 2840,1861 2880,1861 2923,1862 3009,1862"/>
                <Word id="w_w2aab1b9b2b5b3ab1" language="English" custom="readingOrder {index:0;}">
                    <Coords points="777,1842 797,1842 797,1868 777,1868"/>
                    <TextEquiv>
                        <Unicode>4</Unicode>
                    </TextEquiv>
                    <TextStyle fontFamily="Times New Roman" fontSize="7.0"/>
                </Word>
                <Word id="w_w2aab1b9b2b5b3ab5" language="English" custom="readingOrder {index:1;}">
                    <Coords points="811,1834 991,1834 991,1869 811,1869"/>
                    <TextEquiv>
                        <Unicode>septembre</Unicode>
                    </TextEquiv>
                    <TextStyle fontFamily="Times New Roman" fontSize="7.0"/>
                </Word>
                <Word id="w_w2aab1b9b2b5b3ac25" language="English" custom="readingOrder {index:2;}">
                    <Coords points="1011,1841 1102,1841 1102,1869 1011,1869"/>
                    <TextEquiv>
                        <Unicode>1729,</Unicode>
                    </TextEquiv>
                    <TextStyle fontFamily="Times New Roman" fontSize="7.0"/>
                </Word>
                <Word id="w_w2aab1b9b2b5b3ac37" language="English" custom="readingOrder {index:3;}">
                    <Coords points="1118,1841 1160,1841 1160,1859 1118,1859"/>
                    <TextEquiv>
                        <Unicode>m.</Unicode>
                    </TextEquiv>
                    <TextStyle fontFamily="Times New Roman" fontSize="7.0"/>
                </Word>
                <Word id="w_w2aab1b9b2b5b3ac43" language="English" custom="readingOrder {index:4;}">
                    <Coords points="1180,1832 1278,1832 1278,1868 1180,1868"/>
                    <TextEquiv>
                        <Unicode>1765).</Unicode>
                    </TextEquiv>
                    <TextStyle fontFamily="Times New Roman" fontSize="7.0"/>
                </Word>
                <Word id="w_w2aab1b9b2b5b3ac57" language="English" custom="readingOrder {index:5;}">
                    <Coords points="1298,1842 1311,1842 1311,1856 1298,1856"/>
                    <TextEquiv>
                        <Unicode>«</Unicode>
                    </TextEquiv>
                    <TextStyle fontFamily="Times New Roman" fontSize="7.0"/>
                </Word>
                <Word id="w_w2aab1b9b2b5b3ac61" language="English" custom="readingOrder {index:6;}">
                    <Coords points="1328,1831 1480,1831 1480,1868 1328,1868"/>
                    <TextEquiv>
                        <Unicode>Quoique</Unicode>
                    </TextEquiv>
                    <TextStyle fontFamily="Times New Roman" fontSize="7.0"/>
                </Word>
                <Word id="w_w2aab1b9b2b5b3ac77" language="English" custom="readingOrder {index:7;}">
                    <Coords points="1497,1830 1579,1830 1579,1865 1497,1865"/>
                    <TextEquiv>
                        <Unicode>tard,</Unicode>
                    </TextEquiv>
                    <TextStyle fontFamily="Times New Roman" fontSize="7.0"/>
                </Word>
                <Word id="w_w2aab1b9b2b5b3ac89" language="English" custom="readingOrder {index:8;}">
                    <Coords points="1595,1838 1667,1838 1667,1857 1595,1857"/>
                    <TextEquiv>
                        <Unicode>mon</Unicode>
                    </TextEquiv>
                    <TextStyle fontFamily="Times New Roman" fontSize="7.0"/>
                </Word>
                <Word id="w_w2aab1b9b2b5b3ac97" language="English" custom="readingOrder {index:9;}">
                    <Coords points="1684,1830 1758,1830 1758,1857 1684,1857"/>
                    <TextEquiv>
                        <Unicode>cher</Unicode>
                    </TextEquiv>
                    <TextStyle fontFamily="Times New Roman" fontSize="7.0"/>
                </Word>
                <Word id="w_w2aab1b9b2b5b3ad107" language="English" custom="readingOrder {index:10;}">
                    <Coords points="1772,1830 1942,1830 1942,1863 1772,1863"/>
                    <TextEquiv>
                        <Unicode>maréchal,</Unicode>
                    </TextEquiv>
                    <TextStyle fontFamily="Times New Roman" fontSize="7.0"/>
                </Word>
                <Word id="w_w2aab1b9b2b5b3ad127" language="English" custom="readingOrder {index:11;}">
                    <Coords points="1961,1838 1995,1838 1995,1857 1961,1857"/>
                    <TextEquiv>
                        <Unicode>ce</Unicode>
                    </TextEquiv>
                    <TextStyle fontFamily="Times New Roman" fontSize="7.0"/>
                </Word>
                <Word id="w_w2aab1b9b2b5b3ad133" language="English" custom="readingOrder {index:12;}">
                    <Coords points="2012,1830 2091,1830 2091,1858 2012,1858"/>
                    <TextEquiv>
                        <Unicode>n’est</Unicode>
                    </TextEquiv>
                    <TextStyle fontFamily="Times New Roman" fontSize="7.0"/>
                </Word>
                <Word id="w_w2aab1b9b2b5b3ad145" language="English" custom="readingOrder {index:13;}">
                    <Coords points="2108,1839 2163,1839 2163,1865 2108,1865"/>
                    <TextEquiv>
                        <Unicode>pas</Unicode>
                    </TextEquiv>
                    <TextStyle fontFamily="Times New Roman" fontSize="7.0"/>
                </Word>
                <Word id="w_w2aab1b9b2b5b3ad153" language="English" custom="readingOrder {index:14;}">
                    <Coords points="2181,1839 2256,1839 2256,1858 2181,1858"/>
                    <TextEquiv>
                        <Unicode>avec</Unicode>
                    </TextEquiv>
                    <TextStyle fontFamily="Times New Roman" fontSize="7.0"/>
                </Word>
                <Word id="w_w2aab1b9b2b5b3ad163" language="English" custom="readingOrder {index:15;}">
                    <Coords points="2270,1831 2370,1831 2370,1859 2270,1859"/>
                    <TextEquiv>
                        <Unicode>moins</Unicode>
                    </TextEquiv>
                    <TextStyle fontFamily="Times New Roman" fontSize="7.0"/>
                </Word>
                <Word id="w_w2aab1b9b2b5b3ad175" language="English" custom="readingOrder {index:16;}">
                    <Coords points="2390,1832 2427,1832 2427,1859 2390,1859"/>
                    <TextEquiv>
                        <Unicode>de</Unicode>
                    </TextEquiv>
                    <TextStyle fontFamily="Times New Roman" fontSize="7.0"/>
                </Word>
                <Word id="w_w2aab1b9b2b5b3ad181" language="English" custom="readingOrder {index:17;}">
                    <Coords points="2448,1831 2559,1831 2559,1868 2448,1868"/>
                    <TextEquiv>
                        <Unicode>plaisir</Unicode>
                    </TextEquiv>
                    <TextStyle fontFamily="Times New Roman" fontSize="7.0"/>
                </Word>
                <Word id="w_w2aab1b9b2b5b3ad197" language="English" custom="readingOrder {index:18;}">
                    <Coords points="2579,1840 2640,1840 2640,1868 2579,1868"/>
                    <TextEquiv>
                        <Unicode>que</Unicode>
                    </TextEquiv>
                    <TextStyle fontFamily="Times New Roman" fontSize="7.0"/>
                </Word>
                <Word id="w_w2aab1b9b2b5b3ad205" language="English" custom="readingOrder {index:19;}">
                    <Coords points="2657,1832 2686,1832 2686,1869 2657,1869"/>
                    <TextEquiv>
                        <Unicode>je</Unicode>
                    </TextEquiv>
                    <TextStyle fontFamily="Times New Roman" fontSize="7.0"/>
                </Word>
                <Word id="w_w2aab1b9b2b5b3ad211" language="English" custom="readingOrder {index:20;}">
                    <Coords points="2700,1833 2840,1833 2840,1870 2700,1870"/>
                    <TextEquiv>
                        <Unicode>respond</Unicode>
                    </TextEquiv>
                    <TextStyle fontFamily="Times New Roman" fontSize="7.0"/>
                </Word>
                <Word id="w_w2aab1b9b2b5b3ad227" language="English" custom="readingOrder {index:21;}">
                    <Coords points="2862,1833 2880,1833 2880,1861 2862,1861"/>
                    <TextEquiv>
                        <Unicode>à</Unicode>
                    </TextEquiv>
                    <TextStyle fontFamily="Times New Roman" fontSize="7.0"/>
                </Word>
                <Word id="w_w2aab1b9b2b5b3ad231" language="English" custom="readingOrder {index:22;}">
                    <Coords points="2894,1834 2923,1834 2923,1862 2894,1862"/>
                    <TextEquiv>
                        <Unicode>la</Unicode>
                    </TextEquiv>
                    <TextStyle fontFamily="Times New Roman" fontSize="7.0"/>
                </Word>
                <Word id="w_w2aab1b9b2b5b3ad237" language="English" custom="readingOrder {index:23;}">
                    <Coords points="2938,1833 3009,1833 3009,1872 2938,1872"/>
                    <TextEquiv>
                        <Unicode>joye</Unicode>
                    </TextEquiv>
                    <TextStyle fontFamily="Times New Roman" fontSize="7.0"/>
                </Word>
                <TextEquiv>
                    <Unicode>4 septembre 1729, m. 1765). « Quoique tard, mon cher maréchal, ce n’est pas avec moins de plaisir que je respond à la joye</Unicode>
                </TextEquiv>
                <TextStyle fontFamily="Times New Roman" fontSize="7.0"/>
            </TextLine>
            <TextLine id="tl_21" primaryLanguage="English" custom="readingOrder {index:2;}">
                <Coords points="778,1871 1640,1871 1640,1911 778,1911"/>
                <Baseline points="778,1911 839,1902 937,1902 1074,1901 1266,1900 1326,1901 1432,1900 1490,1900 1538,1900 1640,1892"/>
                <Word id="w_w2aab1b9b2b5b5ab1" language="English" custom="readingOrder {index:0;}">
                    <Coords points="778,1883 839,1883 839,1911 778,1911"/>
                    <TextEquiv>
                        <Unicode>que</Unicode>
                    </TextEquiv>
                    <TextStyle fontFamily="Times New Roman" fontSize="7.0"/>
                </Word>
                <Word id="w_w2aab1b9b2b5b5ab9" language="English" custom="readingOrder {index:1;}">
                    <Coords points="855,1883 937,1883 937,1902 855,1902"/>
                    <TextEquiv>
                        <Unicode>vous</Unicode>
                    </TextEquiv>
                    <TextStyle fontFamily="Times New Roman" fontSize="7.0"/>
                </Word>
                <Word id="w_w2aab1b9b2b5b5ac19" language="English" custom="readingOrder {index:2;}">
                    <Coords points="954,1875 1074,1875 1074,1902 954,1902"/>
                    <TextEquiv>
                        <Unicode>m’avez</Unicode>
                    </TextEquiv>
                    <TextStyle fontFamily="Times New Roman" fontSize="7.0"/>
                </Word>
                <Word id="w_w2aab1b9b2b5b5ac33" language="English" custom="readingOrder {index:3;}">
                    <Coords points="1087,1873 1266,1873 1266,1909 1087,1909"/>
                    <TextEquiv>
                        <Unicode>témoignée</Unicode>
                    </TextEquiv>
                    <TextStyle fontFamily="Times New Roman" fontSize="7.0"/>
                </Word>
                <Word id="w_w2aab1b9b2b5b5ac53" language="English" custom="readingOrder {index:4;}">
                    <Coords points="1286,1881 1326,1881 1326,1901 1286,1901"/>
                    <TextEquiv>
                        <Unicode>au</Unicode>
                    </TextEquiv>
                    <TextStyle fontFamily="Times New Roman" fontSize="7.0"/>
                </Word>
                <Word id="w_w2aab1b9b2b5b5ac59" language="English" custom="readingOrder {index:5;}">
                    <Coords points="1348,1872 1432,1872 1432,1908 1348,1908"/>
                    <TextEquiv>
                        <Unicode>sujet</Unicode>
                    </TextEquiv>
                    <TextStyle fontFamily="Times New Roman" fontSize="7.0"/>
                </Word>
                <Word id="w_w2aab1b9b2b5b5ac71" language="English" custom="readingOrder {index:6;}">
                    <Coords points="1451,1872 1490,1872 1490,1900 1451,1900"/>
                    <TextEquiv>
                        <Unicode>de</Unicode>
                    </TextEquiv>
                    <TextStyle fontFamily="Times New Roman" fontSize="7.0"/>
                </Word>
                <Word id="w_w2aab1b9b2b5b5ac77" language="English" custom="readingOrder {index:7;}">
                    <Coords points="1509,1873 1538,1873 1538,1900 1509,1900"/>
                    <TextEquiv>
                        <Unicode>la</Unicode>
                    </TextEquiv>
                    <TextStyle fontFamily="Times New Roman" fontSize="7.0"/>
                </Word>
                <Word id="w_w2aab1b9b2b5b5ac83" language="English" custom="readingOrder {index:8;}">
                    <Coords points="1557,1871 1640,1871 1640,1899 1557,1899"/>
                    <TextEquiv>
                        <Unicode>nais¬</Unicode>
                    </TextEquiv>
                    <TextStyle fontFamily="Times New Roman" fontSize="7.0"/>
                </Word>
                <TextEquiv>
                    <Unicode>que vous m’avez témoignée au sujet de la nais¬</Unicode>
                </TextEquiv>
                <TextStyle fontFamily="Times New Roman" fontSize="7.0"/>
            </TextLine>
            <TextLine id="tl_22" primaryLanguage="English" custom="readingOrder {index:3;}">
                <Coords points="776,1914 1641,1914 1641,1952 776,1952"/>
                <Baseline points="776,1945 868,1944 920,1944 1011,1944 1078,1943 1154,1942 1248,1942 1281,1942 1412,1942 1444,1942 1517,1942 1641,1949"/>
                <Word id="w_w2aab1b9b2b5b7ab1" language="English" custom="readingOrder {index:0;}">
                    <Coords points="776,1925 868,1925 868,1945 776,1945"/>
                    <TextEquiv>
                        <Unicode>sance</Unicode>
                    </TextEquiv>
                    <TextStyle fontFamily="Times New Roman" fontSize="7.0"/>
                </Word>
                <Word id="w_w2aab1b9b2b5b7ac13" language="English" custom="readingOrder {index:1;}">
                    <Coords points="881,1917 920,1917 920,1944 881,1944"/>
                    <TextEquiv>
                        <Unicode>de</Unicode>
                    </TextEquiv>
                    <TextStyle fontFamily="Times New Roman" fontSize="7.0"/>
                </Word>
                <Word id="w_w2aab1b9b2b5b7ac19" language="English" custom="readingOrder {index:2;}">
                    <Coords points="938,1925 1011,1925 1011,1944 938,1944"/>
                    <TextEquiv>
                        <Unicode>mon</Unicode>
                    </TextEquiv>
                    <TextStyle fontFamily="Times New Roman" fontSize="7.0"/>
                </Word>
                <Word id="w_w2aab1b9b2b5b7ac27" language="English" custom="readingOrder {index:3;}">
                    <Coords points="1028,1915 1078,1915 1078,1943 1028,1943"/>
                    <TextEquiv>
                        <Unicode>fils</Unicode>
                    </TextEquiv>
                    <TextStyle fontFamily="Times New Roman" fontSize="7.0"/>
                </Word>
                <Word id="w_w2aab1b9b2b5b7ac37" language="English" custom="readingOrder {index:4;}">
                    <Coords points="1092,1924 1154,1924 1154,1952 1092,1952"/>
                    <TextEquiv>
                        <Unicode>que</Unicode>
                    </TextEquiv>
                    <TextStyle fontFamily="Times New Roman" fontSize="7.0"/>
                </Word>
                <Word id="w_w2aab1b9b2b5b7ac45" language="English" custom="readingOrder {index:5;}">
                    <Coords points="1169,1915 1248,1915 1248,1942 1169,1942"/>
                    <TextEquiv>
                        <Unicode>Dieu</Unicode>
                    </TextEquiv>
                    <TextStyle fontFamily="Times New Roman" fontSize="7.0"/>
                </Word>
                <Word id="w_w2aab1b9b2b5b7ac55" language="English" custom="readingOrder {index:6;}">
                    <Coords points="1265,1924 1281,1924 1281,1942 1265,1942"/>
                    <TextEquiv>
                        <Unicode>a</Unicode>
                    </TextEquiv>
                    <TextStyle fontFamily="Times New Roman" fontSize="7.0"/>
                </Word>
                <Word id="w_w2aab1b9b2b5b7ac59" language="English" custom="readingOrder {index:7;}">
                    <Coords points="1298,1914 1412,1914 1412,1943 1298,1943"/>
                    <TextEquiv>
                        <Unicode>acordé</Unicode>
                    </TextEquiv>
                    <TextStyle fontFamily="Times New Roman" fontSize="7.0"/>
                </Word>
                <Word id="w_w2aab1b9b2b5b7ac73" language="English" custom="readingOrder {index:8;}">
                    <Coords points="1427,1914 1444,1914 1444,1942 1427,1942"/>
                    <TextEquiv>
                        <Unicode>à</Unicode>
                    </TextEquiv>
                    <TextStyle fontFamily="Times New Roman" fontSize="7.0"/>
                </Word>
                <Word id="w_w2aab1b9b2b5b7ac77" language="English" custom="readingOrder {index:9;}">
                    <Coords points="1458,1922 1517,1922 1517,1942 1458,1942"/>
                    <TextEquiv>
                        <Unicode>nos</Unicode>
                    </TextEquiv>
                    <TextStyle fontFamily="Times New Roman" fontSize="7.0"/>
                </Word>
                <Word id="w_w2aab1b9b2b5b7ac85" language="English" custom="readingOrder {index:10;}">
                    <Coords points="1533,1921 1641,1921 1641,1949 1533,1949"/>
                    <TextEquiv>
                        <Unicode>vœux,</Unicode>
                    </TextEquiv>
                    <TextStyle fontFamily="Times New Roman" fontSize="7.0"/>
                </Word>
                <TextEquiv>
                    <Unicode>sance de mon fils que Dieu a acordé à nos vœux,</Unicode>
                </TextEquiv>
                <TextStyle fontFamily="Times New Roman" fontSize="7.0"/>
            </TextLine>
            <TextLine id="tl_23" primaryLanguage="English" custom="readingOrder {index:4;}">
                <Coords points="774,1955 1643,1955 1643,1994 774,1994"/>
                <Baseline points="774,1986 805,1987 915,1986 1032,1985 1096,1985 1208,1984 1281,1984 1453,1992 1519,1984 1643,1983"/>
                <Word id="w_w2aab1b9b2b5b9ab1" language="English" custom="readingOrder {index:0;}">
                    <Coords points="774,1964 805,1964 805,1987 774,1987"/>
                    <TextEquiv>
                        <Unicode>et</Unicode>
                    </TextEquiv>
                    <TextStyle fontFamily="Times New Roman" fontSize="7.0"/>
                </Word>
                <Word id="w_w2aab1b9b2b5b9ab7" language="English" custom="readingOrder {index:1;}">
                    <Coords points="833,1963 915,1963 915,1986 833,1986"/>
                    <TextEquiv>
                        <Unicode>cette</Unicode>
                    </TextEquiv>
                    <TextStyle fontFamily="Times New Roman" fontSize="7.0"/>
                </Word>
                <Word id="w_w2aab1b9b2b5b9ac19" language="English" custom="readingOrder {index:2;}">
                    <Coords points="939,1958 1032,1958 1032,1994 939,1994"/>
                    <TextEquiv>
                        <Unicode>grâce</Unicode>
                    </TextEquiv>
                    <TextStyle fontFamily="Times New Roman" fontSize="7.0"/>
                </Word>
                <Word id="w_w2aab1b9b2b5b9ac31" language="English" custom="readingOrder {index:3;}">
                    <Coords points="1058,1957 1096,1957 1096,1985 1058,1985"/>
                    <TextEquiv>
                        <Unicode>de</Unicode>
                    </TextEquiv>
                    <TextStyle fontFamily="Times New Roman" fontSize="7.0"/>
                </Word>
                <Word id="w_w2aab1b9b2b5b9ac37" language="English" custom="readingOrder {index:4;}">
                    <Coords points="1126,1956 1208,1956 1208,1985 1126,1985"/>
                    <TextEquiv>
                        <Unicode>Dieu</Unicode>
                    </TextEquiv>
                    <TextStyle fontFamily="Times New Roman" fontSize="7.0"/>
                </Word>
                <Word id="w_w2aab1b9b2b5b9ac47" language="English" custom="readingOrder {index:5;}">
                    <Coords points="1234,1961 1281,1961 1281,1984 1234,1984"/>
                    <TextEquiv>
                        <Unicode>est</Unicode>
                    </TextEquiv>
                    <TextStyle fontFamily="Times New Roman" fontSize="7.0"/>
                </Word>
                <Word id="w_w2aab1b9b2b5b9ac55" language="English" custom="readingOrder {index:6;}">
                    <Coords points="1306,1955 1453,1955 1453,1992 1306,1992"/>
                    <TextEquiv>
                        <Unicode>parfaite,</Unicode>
                    </TextEquiv>
                    <TextStyle fontFamily="Times New Roman" fontSize="7.0"/>
                </Word>
                <Word id="w_w2aab1b9b2b5b9ac75" language="English" custom="readingOrder {index:7;}">
                    <Coords points="1474,1956 1519,1956 1519,1984 1474,1984"/>
                    <TextEquiv>
                        <Unicode>lui</Unicode>
                    </TextEquiv>
                    <TextStyle fontFamily="Times New Roman" fontSize="7.0"/>
                </Word>
                <Word id="w_w2aab1b9b2b5b9ac83" language="English" custom="readingOrder {index:8;}">
                    <Coords points="1546,1961 1643,1961 1643,1993 1546,1993"/>
                    <TextEquiv>
                        <Unicode>ayant</Unicode>
                    </TextEquiv>
                    <TextStyle fontFamily="Times New Roman" fontSize="7.0"/>
                </Word>
                <TextEquiv>
                    <Unicode>et cette grâce de Dieu est parfaite, lui ayant</Unicode>
                </TextEquiv>
                <TextStyle fontFamily="Times New Roman" fontSize="7.0"/>
            </TextLine>
            <TextLine id="tl_24" primaryLanguage="English" custom="readingOrder {index:5;}">
                <Coords points="773,1997 1640,1997 1640,2035 773,2035"/>
                <Baseline points="773,2028 877,2027 957,2026 1068,2026 1142,2026 1198,2026 1317,2025 1413,2025 1449,2026 1606,2026 1640,2022"/>
                <Word id="w_w2aab1b9b2b5c11ab1" language="English" custom="readingOrder {index:0;}">
                    <Coords points="773,2000 877,2000 877,2029 773,2029"/>
                    <TextEquiv>
                        <Unicode>donné</Unicode>
                    </TextEquiv>
                    <TextStyle fontFamily="Times New Roman" fontSize="7.0"/>
                </Word>
                <Word id="w_w2aab1b9b2b5c11ac13" language="English" custom="readingOrder {index:1;}">
                    <Coords points="895,2007 957,2007 957,2027 895,2027"/>
                    <TextEquiv>
                        <Unicode>une</Unicode>
                    </TextEquiv>
                    <TextStyle fontFamily="Times New Roman" fontSize="7.0"/>
                </Word>
                <Word id="w_w2aab1b9b2b5c11ac21" language="English" custom="readingOrder {index:2;}">
                    <Coords points="978,1999 1068,1999 1068,2027 978,2027"/>
                    <TextEquiv>
                        <Unicode>santé</Unicode>
                    </TextEquiv>
                    <TextStyle fontFamily="Times New Roman" fontSize="7.0"/>
                </Word>
                <Word id="w_w2aab1b9b2b5c11ac33" language="English" custom="readingOrder {index:3;}">
                    <Coords points="1087,1998 1142,1998 1142,2035 1087,2035"/>
                    <TextEquiv>
                        <Unicode>qui</Unicode>
                    </TextEquiv>
                    <TextStyle fontFamily="Times New Roman" fontSize="7.0"/>
                </Word>
                <Word id="w_w2aab1b9b2b5c11ac41" language="English" custom="readingOrder {index:4;}">
                    <Coords points="1160,2006 1198,2006 1198,2026 1160,2026"/>
                    <TextEquiv>
                        <Unicode>ne</Unicode>
                    </TextEquiv>
                    <TextStyle fontFamily="Times New Roman" fontSize="7.0"/>
                </Word>
                <Word id="w_w2aab1b9b2b5c11ac47" language="English" custom="readingOrder {index:5;}">
                    <Coords points="1222,1997 1317,1997 1317,2026 1222,2026"/>
                    <TextEquiv>
                        <Unicode>laisse</Unicode>
                    </TextEquiv>
                    <TextStyle fontFamily="Times New Roman" fontSize="7.0"/>
                </Word>
                <Word id="w_w2aab1b9b2b5c11ac61" language="English" custom="readingOrder {index:6;}">
                    <Coords points="1345,1997 1413,1997 1413,2026 1345,2026"/>
                    <TextEquiv>
                        <Unicode>rien</Unicode>
                    </TextEquiv>
                    <TextStyle fontFamily="Times New Roman" fontSize="7.0"/>
                </Word>
                <Word id="w_w2aab1b9b2b5c11ac71" language="English" custom="readingOrder {index:7;}">
                    <Coords points="1432,1998 1449,1998 1449,2026 1432,2026"/>
                    <TextEquiv>
                        <Unicode>à</Unicode>
                    </TextEquiv>
                    <TextStyle fontFamily="Times New Roman" fontSize="7.0"/>
                </Word>
                <Word id="w_w2aab1b9b2b5c11ac75" language="English" custom="readingOrder {index:8;}">
                    <Coords points="1472,1997 1606,1997 1606,2026 1472,2026"/>
                    <TextEquiv>
                        <Unicode>désirer.</Unicode>
                    </TextEquiv>
                    <TextStyle fontFamily="Times New Roman" fontSize="7.0"/>
                </Word>
                <Word id="w_w2aab1b9b2b5c11ac93" language="English" custom="readingOrder {index:9;}">
                    <Coords points="1628,2008 1640,2008 1640,2022 1628,2022"/>
                    <TextEquiv>
                        <Unicode>»</Unicode>
                    </TextEquiv>
                    <TextStyle fontFamily="Times New Roman" fontSize="7.0"/>
                </Word>
                <TextEquiv>
                    <Unicode>donné une santé qui ne laisse rien à désirer. »</Unicode>
                </TextEquiv>
                <TextStyle fontFamily="Times New Roman" fontSize="7.0"/>
            </TextLine>
            <TextEquiv>
                <Unicode>Superbe lettre où elle le remercie de ses compliments à l’occasion de la naissance de son fils (Louis, né à Versailles le
4 septembre 1729, m. 1765). « Quoique tard, mon cher maréchal, ce n’est pas avec moins de plaisir que je respond à la joye
que vous m’avez témoignée au sujet de la nais¬
sance de mon fils que Dieu a acordé à nos vœux,
et cette grâce de Dieu est parfaite, lui ayant
donné une santé qui ne laisse rien à désirer. »</Unicode>
            </TextEquiv>
        </TextRegion>
        <TextRegion type="paragraph" id="r_5_4" custom="readingOrder {index:7;}">
            <Coords points="775,2098 3010,2098 3010,2232 775,2232"/>
            <TextLine id="tl_25" primaryLanguage="English" custom="readingOrder {index:0;}">
                <Coords points="776,2099 3009,2099 3009,2161 776,2161"/>
                <Baseline points="776,2149 800,2149 855,2149 943,2146 1179,2148 1336,2157 1409,2147 1469,2146 1724,2147 1822,2146 2005,2145 2055,2145 2180,2156 2421,2144 2511,2144 2685,2144 2830,2157 2939,2144 3009,2146"/>
                <Word id="w_w2aab1b9b2b7b1ab1" language="English" custom="readingOrder {index:0;}">
                    <Coords points="776,2120 806,2120 806,2149 776,2149"/>
                    <TextEquiv>
                        <Unicode>4-</Unicode>
                    </TextEquiv>
                    <TextStyle fontFamily="Times New Roman" fontSize="11.0"/>
                </Word>
                <Word id="w_w2aab1b9b2b7b1b1b1" language="English" custom="readingOrder {index:1;}">
                    <Coords points="832,2104 886,2104 886,2149 832,2149"/>
                    <TextEquiv>
                        <Unicode>23</Unicode>
                    </TextEquiv>
                    <TextStyle fontFamily="Times New Roman" fontSize="10.0" bold="true"/>
                </Word>
                <Word id="w_w2aab1b9b2b7b1b2b3" language="English" custom="readingOrder {index:2;}">
                    <Coords points="911,2117 943,2117 943,2146 911,2146"/>
                    <TextEquiv>
                        <Unicode>4</Unicode>
                    </TextEquiv>
                    <TextStyle fontFamily="Times New Roman" fontSize="11.0"/>
                </Word>
                <Word id="w_w2aab1b9b2b7b1b2b7" language="English" custom="readingOrder {index:3;}">
                    <Coords points="980,2100 1179,2100 1179,2148 980,2148"/>
                    <TextEquiv>
                        <Unicode>LOUIS</Unicode>
                    </TextEquiv>
                    <TextStyle fontFamily="Times New Roman" fontSize="11.0"/>
                </Word>
                <Word id="w_w2aab1b9b2b7b1b2c19" language="English" custom="readingOrder {index:4;}">
                    <Coords points="1208,2102 1336,2102 1336,2157 1208,2157"/>
                    <TextEquiv>
                        <Unicode>XVI,</Unicode>
                    </TextEquiv>
                    <TextStyle fontFamily="Times New Roman" fontSize="11.0"/>
                </Word>
                <Word id="w_w2aab1b9b2b7b1b2c29" language="English" custom="readingOrder {index:5;}">
                    <Coords points="1364,2117 1409,2117 1409,2147 1364,2147"/>
                    <TextEquiv>
                        <Unicode>n.</Unicode>
                    </TextEquiv>
                    <TextStyle fontFamily="Times New Roman" fontSize="11.0"/>
                </Word>
                <Word id="w_w2aab1b9b2b7b1b2c35" language="English" custom="readingOrder {index:6;}">
                    <Coords points="1443,2102 1469,2102 1469,2146 1443,2146"/>
                    <TextEquiv>
                        <Unicode>à</Unicode>
                    </TextEquiv>
                    <TextStyle fontFamily="Times New Roman" fontSize="11.0"/>
                </Word>
                <Word id="w_w2aab1b9b2b7b1b2c39" language="English" custom="readingOrder {index:7;}">
                    <Coords points="1496,2101 1768,2101 1768,2157 1496,2157"/>
                    <TextEquiv>
                        <Unicode>Versailles,</Unicode>
                    </TextEquiv>
                    <TextStyle fontFamily="Times New Roman" fontSize="11.0"/>
                </Word>
                <Word id="w_w2aab1b9b2b7b1b3b1" language="English" custom="readingOrder {index:8;}">
                    <Coords points="1800,2101 1855,2101 1855,2146 1800,2146"/>
                    <TextEquiv>
                        <Unicode>23</Unicode>
                    </TextEquiv>
                    <TextStyle fontFamily="Times New Roman" fontSize="10.0" bold="true"/>
                </Word>
                <Word id="w_w2aab1b9b2b7b1b4b3" language="English" custom="readingOrder {index:9;}">
                    <Coords points="1893,2100 2005,2100 2005,2145 1893,2145"/>
                    <TextEquiv>
                        <Unicode>août</Unicode>
                    </TextEquiv>
                    <TextStyle fontFamily="Times New Roman" fontSize="11.0"/>
                </Word>
                <Word id="w_w2aab1b9b2b7b1b4c13" language="English" custom="readingOrder {index:10;}">
                    <Coords points="2046,2116 2055,2116 2055,2145 2046,2145"/>
                    <TextEquiv>
                        <Unicode>l</Unicode>
                    </TextEquiv>
                    <TextStyle fontFamily="Times New Roman" fontSize="11.0"/>
                </Word>
                <Word id="w_w2aab1b9b2b7b1b4c17" language="English" custom="readingOrder {index:11;}">
                    <Coords points="2072,2102 2180,2102 2180,2161 2072,2161"/>
                    <TextEquiv>
                        <Unicode>754,</Unicode>
                    </TextEquiv>
                    <TextStyle fontFamily="Times New Roman" fontSize="11.0"/>
                </Word>
                <Word id="w_w2aab1b9b2b7b1b4c27" language="English" custom="readingOrder {index:12;}">
                    <Coords points="2211,2099 2421,2099 2421,2160 2211,2160"/>
                    <TextEquiv>
                        <Unicode>petit-fils</Unicode>
                    </TextEquiv>
                    <TextStyle fontFamily="Times New Roman" fontSize="11.0"/>
                </Word>
                <Word id="w_w2aab1b9b2b7b1b4c49" language="English" custom="readingOrder {index:13;}">
                    <Coords points="2456,2101 2511,2101 2511,2144 2456,2144"/>
                    <TextEquiv>
                        <Unicode>de</Unicode>
                    </TextEquiv>
                    <TextStyle fontFamily="Times New Roman" fontSize="11.0"/>
                </Word>
                <Word id="w_w2aab1b9b2b7b1b4c55" language="English" custom="readingOrder {index:14;}">
                    <Coords points="2544,2100 2685,2100 2685,2145 2544,2145"/>
                    <TextEquiv>
                        <Unicode>Louis</Unicode>
                    </TextEquiv>
                    <TextStyle fontFamily="Times New Roman" fontSize="11.0"/>
                </Word>
                <Word id="w_w2aab1b9b2b7b1b4c67" language="English" custom="readingOrder {index:15;}">
                    <Coords points="2724,2101 2830,2101 2830,2157 2724,2157"/>
                    <TextEquiv>
                        <Unicode>XV,</Unicode>
                    </TextEquiv>
                    <TextStyle fontFamily="Times New Roman" fontSize="11.0"/>
                </Word>
                <Word id="w_w2aab1b9b2b7b1b4c75" language="English" custom="readingOrder {index:16;}">
                    <Coords points="2869,2101 2939,2101 2939,2145 2869,2145"/>
                    <TextEquiv>
                        <Unicode>roi</Unicode>
                    </TextEquiv>
                    <TextStyle fontFamily="Times New Roman" fontSize="11.0"/>
                </Word>
                <Word id="w_w2aab1b9b2b7b1b4c83" language="English" custom="readingOrder {index:17;}">
                    <Coords points="2971,2103 3009,2103 3009,2146 2971,2146"/>
                    <TextEquiv>
                        <Unicode>le</Unicode>
                    </TextEquiv>
                    <TextStyle fontFamily="Times New Roman" fontSize="11.0"/>
                </Word>
                <TextEquiv>
                    <Unicode>★23★ LOUIS XVI, n. à Versailles, 23 août 1754, petit-fils de Louis XV, roi le</Unicode>
                </TextEquiv>
            </TextLine>
            <TextLine id="tl_26" primaryLanguage="English" custom="readingOrder {index:1;}">
                <Coords points="782,2168 2090,2168 2090,2231 782,2231"/>
                <Baseline points="782,2217 835,2217 951,2214 1115,2227 1353,2214 1406,2214 1566,2214 1633,2214 1718,2214 1927,2213 2090,2212"/>
                <Word id="w_w2aab1b9b2b7b3ab1" language="English" custom="readingOrder {index:0;}">
                    <Coords points="782,2188 835,2188 835,2217 782,2217"/>
                    <TextEquiv>
                        <Unicode>10</Unicode>
                    </TextEquiv>
                    <TextStyle fontFamily="Times New Roman" fontSize="11.0"/>
                </Word>
                <Word id="w_w2aab1b9b2b7b3ab7" language="English" custom="readingOrder {index:1;}">
                    <Coords points="858,2170 951,2170 951,2215 858,2215"/>
                    <TextEquiv>
                        <Unicode>mai</Unicode>
                    </TextEquiv>
                    <TextStyle fontFamily="Times New Roman" fontSize="11.0"/>
                </Word>
                <Word id="w_w2aab1b9b2b7b3ac15" language="English" custom="readingOrder {index:2;}">
                    <Coords points="982,2184 1115,2184 1115,2231 982,2231"/>
                    <TextEquiv>
                        <Unicode>1774,</Unicode>
                    </TextEquiv>
                    <TextStyle fontFamily="Times New Roman" fontSize="11.0"/>
                </Word>
                <Word id="w_w2aab1b9b2b7b3ac27" language="English" custom="readingOrder {index:3;}">
                    <Coords points="1141,2169 1353,2169 1353,2229 1141,2229"/>
                    <TextEquiv>
                        <Unicode>décapité</Unicode>
                    </TextEquiv>
                    <TextStyle fontFamily="Times New Roman" fontSize="11.0"/>
                </Word>
                <Word id="w_w2aab1b9b2b7b3ac45" language="English" custom="readingOrder {index:4;}">
                    <Coords points="1382,2173 1406,2173 1406,2214 1382,2214"/>
                    <TextEquiv>
                        <Unicode>à</Unicode>
                    </TextEquiv>
                    <TextStyle fontFamily="Times New Roman" fontSize="11.0"/>
                </Word>
                <Word id="w_w2aab1b9b2b7b3ac49" language="English" custom="readingOrder {index:5;}">
                    <Coords points="1433,2169 1566,2169 1566,2215 1433,2215"/>
                    <TextEquiv>
                        <Unicode>Paris</Unicode>
                    </TextEquiv>
                    <TextStyle fontFamily="Times New Roman" fontSize="11.0"/>
                </Word>
                <Word id="w_w2aab1b9b2b7b3ac61" language="English" custom="readingOrder {index:6;}">
                    <Coords points="1594,2170 1633,2170 1633,2214 1594,2214"/>
                    <TextEquiv>
                        <Unicode>le</Unicode>
                    </TextEquiv>
                    <TextStyle fontFamily="Times New Roman" fontSize="11.0"/>
                </Word>
                <Word id="w_w2aab1b9b2b7b3ac67" language="English" custom="readingOrder {index:7;}">
                    <Coords points="1666,2185 1718,2185 1718,2215 1666,2215"/>
                    <TextEquiv>
                        <Unicode>21</Unicode>
                    </TextEquiv>
                    <TextStyle fontFamily="Times New Roman" fontSize="11.0"/>
                </Word>
                <Word id="w_w2aab1b9b2b7b3ac73" language="English" custom="readingOrder {index:8;}">
                    <Coords points="1749,2168 1927,2168 1927,2227 1749,2227"/>
                    <TextEquiv>
                        <Unicode>janvier</Unicode>
                    </TextEquiv>
                    <TextStyle fontFamily="Times New Roman" fontSize="11.0"/>
                </Word>
                <Word id="w_w2aab1b9b2b7b3ac89" language="English" custom="readingOrder {index:9;}">
                    <Coords points="1960,2169 2090,2169 2090,2230 1960,2230"/>
                    <TextEquiv>
                        <Unicode>1793.</Unicode>
                    </TextEquiv>
                    <TextStyle fontFamily="Times New Roman" fontSize="11.0"/>
                </Word>
                <TextEquiv>
                    <Unicode>10 mai 1774, décapité à Paris le 21 janvier 1793.</Unicode>
                </TextEquiv>
                <TextStyle fontFamily="Times New Roman" fontSize="11.0"/>
            </TextLine>
            <TextEquiv>
                <Unicode>★23★ LOUIS XVI, n. à Versailles, 23 août 1754, petit-fils de Louis XV, roi le
10 mai 1774, décapité à Paris le 21 janvier 1793.</Unicode>
            </TextEquiv>
        </TextRegion>
        <TextRegion type="paragraph" id="r_5_5" custom="readingOrder {index:8;}">
            <Coords points="825,2259 2228,2259 2228,2311 825,2311"/>
            <TextLine id="tl_27" primaryLanguage="English" custom="readingOrder {index:0;}">
                <Coords points="826,2260 2227,2260 2227,2310 826,2310"/>
                <Baseline points="826,2299 856,2299 939,2298 1009,2298 1081,2298 1286,2298 1512,2299 1580,2299 1638,2298 1813,2297 1885,2298 2000,2310 2027,2309 2227,2306"/>
                <Word id="w_w2aab1b9b2b9b1ab1" language="English" custom="readingOrder {index:0;}">
                    <Coords points="826,2262 869,2262 869,2299 826,2299"/>
                    <TextEquiv>
                        <Unicode>L.</Unicode>
                    </TextEquiv>
                    <TextStyle fontFamily="Times New Roman" fontSize="9.0"/>
                </Word>
                <Word id="w_w2aab1b9b2b9b1b1b1" language="English" custom="readingOrder {index:1;}">
                    <Coords points="905,2262 953,2262 953,2298 905,2298"/>
                    <TextEquiv>
                        <Unicode>A.</Unicode>
                    </TextEquiv>
                    <TextStyle fontFamily="Times New Roman" fontSize="9.0"/>
                </Word>
                <Word id="w_w2aab1b9b2b9b1b2b1" language="English" custom="readingOrder {index:2;}">
                    <Coords points="983,2261 1023,2261 1023,2299 983,2299"/>
                    <TextEquiv>
                        <Unicode>S.</Unicode>
                    </TextEquiv>
                    <TextStyle fontFamily="Times New Roman" fontSize="9.0"/>
                </Word>
                <Word id="w_w2aab1b9b2b9b1b3b1" language="English" custom="readingOrder {index:3;}">
                    <Coords points="1059,2261 1081,2261 1081,2298 1059,2298"/>
                    <TextEquiv>
                        <Unicode>à</Unicode>
                    </TextEquiv>
                    <TextStyle fontFamily="Times New Roman" fontSize="9.0"/>
                </Word>
                <Word id="w_w2aab1b9b2b9b1b4b1" language="English" custom="readingOrder {index:4;}">
                    <Coords points="1124,2261 1286,2261 1286,2299 1124,2299"/>
                    <TextEquiv>
                        <Unicode>Amelot</Unicode>
                    </TextEquiv>
                    <TextStyle fontFamily="Times New Roman" fontSize="9.0"/>
                </Word>
                <Word id="w_w2aab1b9b2b9b1b4c15" language="English" custom="readingOrder {index:5;}">
                    <Coords points="1313,2261 1512,2261 1512,2310 1313,2310"/>
                    <TextEquiv>
                        <Unicode>(ministre</Unicode>
                    </TextEquiv>
                    <TextStyle fontFamily="Times New Roman" fontSize="9.0"/>
                </Word>
                <Word id="w_w2aab1b9b2b9b1b4c35" language="English" custom="readingOrder {index:6;}">
                    <Coords points="1532,2262 1580,2262 1580,2299 1532,2299"/>
                    <TextEquiv>
                        <Unicode>de</Unicode>
                    </TextEquiv>
                    <TextStyle fontFamily="Times New Roman" fontSize="9.0"/>
                </Word>
                <Word id="w_w2aab1b9b2b9b1b4c41" language="English" custom="readingOrder {index:7;}">
                    <Coords points="1601,2261 1638,2261 1638,2298 1601,2298"/>
                    <TextEquiv>
                        <Unicode>la</Unicode>
                    </TextEquiv>
                    <TextStyle fontFamily="Times New Roman" fontSize="9.0"/>
                </Word>
                <Word id="w_w2aab1b9b2b9b1b4c47" language="English" custom="readingOrder {index:8;}">
                    <Coords points="1657,2261 1813,2261 1813,2298 1657,2298"/>
                    <TextEquiv>
                        <Unicode>maison</Unicode>
                    </TextEquiv>
                    <TextStyle fontFamily="Times New Roman" fontSize="9.0"/>
                </Word>
                <Word id="w_w2aab1b9b2b9b1b4c61" language="English" custom="readingOrder {index:9;}">
                    <Coords points="1832,2261 1885,2261 1885,2298 1832,2298"/>
                    <TextEquiv>
                        <Unicode>du</Unicode>
                    </TextEquiv>
                    <TextStyle fontFamily="Times New Roman" fontSize="9.0"/>
                </Word>
                <Word id="w_w2aab1b9b2b9b1b4c67" language="English" custom="readingOrder {index:10;}">
                    <Coords points="1911,2260 2000,2260 2000,2310 1911,2310"/>
                    <TextEquiv>
                        <Unicode>Roi)</Unicode>
                    </TextEquiv>
                    <TextStyle fontFamily="Times New Roman" fontSize="9.0"/>
                </Word>
                <Word id="w_w2aab1b9b2b9b1b4c77" language="English" custom="readingOrder {index:11;}">
                    <Coords points="2018,2274 2027,2274 2027,2309 2018,2309"/>
                    <TextEquiv>
                        <Unicode>;</Unicode>
                    </TextEquiv>
                    <TextStyle fontFamily="Times New Roman" fontSize="9.0"/>
                </Word>
                <Word id="w_w2aab1b9b2b9b1b4c81" language="English" custom="readingOrder {index:12;}">
                    <Coords points="2063,2260 2227,2260 2227,2310 2063,2310"/>
                    <TextEquiv>
                        <Unicode>Choisy,</Unicode>
                    </TextEquiv>
                    <TextStyle fontFamily="Times New Roman" fontSize="9.0"/>
                </Word>
                <TextEquiv>
                    <Unicode>L. A. S. à Amelot (ministre de la maison du Roi) ; Choisy,</Unicode>
                </TextEquiv>
            </TextLine>
            <TextEquiv>
                <Unicode>L. A. S. à Amelot (ministre de la maison du Roi) ; Choisy,</Unicode>
            </TextEquiv>
        </TextRegion>
        <TextRegion type="paragraph" id="r_5_6" custom="readingOrder {index:9;}">
            <Coords points="770,2315 1923,2315 1923,2367 770,2367"/>
            <TextLine id="tl_28" primaryLanguage="English" custom="readingOrder {index:0;}">
                <Coords points="771,2316 1922,2316 1922,2366 771,2366"/>
                <Baseline points="771,2354 813,2354 936,2353 1068,2366 1154,2353 1210,2354 1329,2364 1504,2354 1576,2344 1642,2357 1715,2354 1922,2354"/>
                <Word id="w_w2aab1b9b2c11b1ab1" language="English" custom="readingOrder {index:0;}">
                    <Coords points="771,2331 813,2331 813,2354 771,2354"/>
                    <TextEquiv>
                        <Unicode>21</Unicode>
                    </TextEquiv>
                    <TextStyle fontFamily="Times New Roman" fontSize="9.0"/>
                </Word>
                <Word id="w_w2aab1b9b2c11b1ab7" language="English" custom="readingOrder {index:1;}">
                    <Coords points="840,2316 936,2316 936,2354 840,2354"/>
                    <TextEquiv>
                        <Unicode>août</Unicode>
                    </TextEquiv>
                    <TextStyle fontFamily="Times New Roman" fontSize="9.0"/>
                </Word>
                <Word id="w_w2aab1b9b2c11b1ac17" language="English" custom="readingOrder {index:2;}">
                    <Coords points="957,2316 1068,2316 1068,2366 957,2366"/>
                    <TextEquiv>
                        <Unicode>1778,</Unicode>
                    </TextEquiv>
                    <TextStyle fontFamily="Times New Roman" fontSize="9.0"/>
                </Word>
                <Word id="w_w2aab1b9b2c11b1ac29" language="English" custom="readingOrder {index:3;}">
                    <Coords points="1092,2321 1154,2321 1154,2363 1092,2363"/>
                    <TextEquiv>
                        <Unicode>1/2</Unicode>
                    </TextEquiv>
                    <TextStyle fontFamily="Times New Roman" fontSize="9.0"/>
                </Word>
                <Word id="w_w2aab1b9b2c11b1ac37" language="English" custom="readingOrder {index:4;}">
                    <Coords points="1173,2329 1210,2329 1210,2365 1173,2365"/>
                    <TextEquiv>
                        <Unicode>p.</Unicode>
                    </TextEquiv>
                    <TextStyle fontFamily="Times New Roman" fontSize="9.0"/>
                </Word>
                <Word id="w_w2aab1b9b2c11b1ac43" language="English" custom="readingOrder {index:5;}">
                    <Coords points="1232,2316 1329,2316 1329,2364 1232,2364"/>
                    <TextEquiv>
                        <Unicode>in-8,</Unicode>
                    </TextEquiv>
                    <TextStyle fontFamily="Times New Roman" fontSize="9.0"/>
                </Word>
                <Word id="w_w2aab1b9b2c11b1ac55" language="English" custom="readingOrder {index:6;}">
                    <Coords points="1350,2317 1504,2317 1504,2354 1350,2354"/>
                    <TextEquiv>
                        <Unicode>cachet.</Unicode>
                    </TextEquiv>
                    <TextStyle fontFamily="Times New Roman" fontSize="9.0"/>
                </Word>
                <Word id="w_w2aab1b9b2c11b1ac71" language="English" custom="readingOrder {index:7;}">
                    <Coords points="1527,2339 1576,2339 1576,2344 1527,2344"/>
                    <TextEquiv>
                        <Unicode>—</Unicode>
                    </TextEquiv>
                    <TextStyle fontFamily="Times New Roman" fontSize="9.0"/>
                </Word>
                <Word id="w_w2aab1b9b2c11b1ac75" language="English" custom="readingOrder {index:8;}">
                    <Coords points="1599,2318 1642,2318 1642,2357 1599,2357"/>
                    <TextEquiv>
                        <Unicode>P.</Unicode>
                    </TextEquiv>
                    <TextStyle fontFamily="Times New Roman" fontSize="9.0"/>
                </Word>
                <Word id="w_w2aab1b9b2c11b1ac81" language="English" custom="readingOrder {index:9;}">
                    <Coords points="1666,2317 1715,2317 1715,2354 1666,2354"/>
                    <TextEquiv>
                        <Unicode>de</Unicode>
                    </TextEquiv>
                    <TextStyle fontFamily="Times New Roman" fontSize="9.0"/>
                </Word>
                <Word id="w_w2aab1b9b2c11b1ac87" language="English" custom="readingOrder {index:10;}">
                    <Coords points="1740,2318 1922,2318 1922,2354 1740,2354"/>
                    <TextEquiv>
                        <Unicode>Massart.</Unicode>
                    </TextEquiv>
                    <TextStyle fontFamily="Times New Roman" fontSize="9.0"/>
                </Word>
                <TextEquiv>
                    <Unicode>21 août 1778, 1/2 p. in-8, cachet. — P. de Massart.</Unicode>
                </TextEquiv>
                <TextStyle fontFamily="Times New Roman" fontSize="9.0"/>
            </TextLine>
            <TextEquiv>
                <Unicode>21 août 1778, 1/2 p. in-8, cachet. — P. de Massart.</Unicode>
            </TextEquiv>
        </TextRegion>
        <TextRegion type="paragraph" id="r_5_7" custom="readingOrder {index:10;}">
            <Coords points="766,2393 2229,2393 2229,2561 766,2561"/>
            <TextLine id="tl_29" primaryLanguage="English" custom="readingOrder {index:0;}">
                <Coords points="804,2394 2228,2394 2228,2434 804,2434"/>
                <Baseline points="804,2424 828,2424 876,2424 1010,2424 1157,2424 1192,2424 1428,2424 1479,2424 1588,2424 1818,2424 1872,2424 2075,2432 2131,2423 2228,2422"/>
                <Word id="w_w2aab1b9b2c13b1ab1" language="English" custom="readingOrder {index:0;}">
                    <Coords points="804,2397 828,2397 828,2424 804,2424"/>
                    <TextEquiv>
                        <Unicode>Il</Unicode>
                    </TextEquiv>
                    <TextStyle fontFamily="Times New Roman" fontSize="7.0"/>
                </Word>
                <Word id="w_w2aab1b9b2c13b1ab7" language="English" custom="readingOrder {index:1;}">
                    <Coords points="849,2397 876,2397 876,2424 849,2424"/>
                    <TextEquiv>
                        <Unicode>le</Unicode>
                    </TextEquiv>
                    <TextStyle fontFamily="Times New Roman" fontSize="7.0"/>
                </Word>
                <Word id="w_w2aab1b9b2c13b1ac13" language="English" custom="readingOrder {index:2;}">
                    <Coords points="897,2395 1010,2395 1010,2432 897,2432"/>
                    <TextEquiv>
                        <Unicode>charge</Unicode>
                    </TextEquiv>
                    <TextStyle fontFamily="Times New Roman" fontSize="7.0"/>
                </Word>
                <Word id="w_w2aab1b9b2c13b1ac27" language="English" custom="readingOrder {index:3;}">
                    <Coords points="1025,2395 1157,2395 1157,2424 1025,2424"/>
                    <TextEquiv>
                        <Unicode>d’écrire</Unicode>
                    </TextEquiv>
                    <TextStyle fontFamily="Times New Roman" fontSize="7.0"/>
                </Word>
                <Word id="w_w2aab1b9b2c13b1ac45" language="English" custom="readingOrder {index:4;}">
                    <Coords points="1175,2396 1192,2396 1192,2424 1175,2424"/>
                    <TextEquiv>
                        <Unicode>à</Unicode>
                    </TextEquiv>
                    <TextStyle fontFamily="Times New Roman" fontSize="7.0"/>
                </Word>
                <Word id="w_w2aab1b9b2c13b1ac49" language="English" custom="readingOrder {index:5;}">
                    <Coords points="1207,2395 1428,2395 1428,2434 1207,2434"/>
                    <TextEquiv>
                        <Unicode>l’archevêque</Unicode>
                    </TextEquiv>
                    <TextStyle fontFamily="Times New Roman" fontSize="7.0"/>
                </Word>
                <Word id="w_w2aab1b9b2c13b1ac75" language="English" custom="readingOrder {index:6;}">
                    <Coords points="1442,2396 1479,2396 1479,2425 1442,2425"/>
                    <TextEquiv>
                        <Unicode>de</Unicode>
                    </TextEquiv>
                    <TextStyle fontFamily="Times New Roman" fontSize="7.0"/>
                </Word>
                <Word id="w_w2aab1b9b2c13b1ac81" language="English" custom="readingOrder {index:7;}">
                    <Coords points="1497,2395 1588,2395 1588,2425 1497,2425"/>
                    <TextEquiv>
                        <Unicode>Paris</Unicode>
                    </TextEquiv>
                    <TextStyle fontFamily="Times New Roman" fontSize="7.0"/>
                </Word>
                <Word id="w_w2aab1b9b2c13b1ac93" language="English" custom="readingOrder {index:8;}">
                    <Coords points="1609,2395 1818,2395 1818,2433 1609,2433"/>
                    <TextEquiv>
                        <Unicode>(Christophe</Unicode>
                    </TextEquiv>
                    <TextStyle fontFamily="Times New Roman" fontSize="7.0"/>
                </Word>
                <Word id="w_w2aab1b9b2c13b1ad117" language="English" custom="readingOrder {index:9;}">
                    <Coords points="1834,2395 1872,2395 1872,2424 1834,2424"/>
                    <TextEquiv>
                        <Unicode>de</Unicode>
                    </TextEquiv>
                    <TextStyle fontFamily="Times New Roman" fontSize="7.0"/>
                </Word>
                <Word id="w_w2aab1b9b2c13b1ad123" language="English" custom="readingOrder {index:10;}">
                    <Coords points="1885,2395 2075,2395 2075,2432 1885,2432"/>
                    <TextEquiv>
                        <Unicode>Beaumont)</Unicode>
                    </TextEquiv>
                    <TextStyle fontFamily="Times New Roman" fontSize="7.0"/>
                </Word>
                <Word id="w_w2aab1b9b2c13b1ad143" language="English" custom="readingOrder {index:11;}">
                    <Coords points="2093,2395 2131,2395 2131,2423 2093,2423"/>
                    <TextEquiv>
                        <Unicode>de</Unicode>
                    </TextEquiv>
                    <TextStyle fontFamily="Times New Roman" fontSize="7.0"/>
                </Word>
                <Word id="w_w2aab1b9b2c13b1ad149" language="English" custom="readingOrder {index:12;}">
                    <Coords points="2148,2394 2228,2394 2228,2423 2148,2423"/>
                    <TextEquiv>
                        <Unicode>faire</Unicode>
                    </TextEquiv>
                    <TextStyle fontFamily="Times New Roman" fontSize="7.0"/>
                </Word>
                <TextEquiv>
                    <Unicode>Il le charge d’écrire à l’archevêque de Paris (Christophe de Beaumont) de faire</Unicode>
                </TextEquiv>
                <TextStyle fontFamily="Times New Roman" fontSize="7.0"/>
            </TextLine>
            <TextLine id="tl_30" primaryLanguage="English" custom="readingOrder {index:1;}">
                <Coords points="767,2437 2227,2437 2227,2475 767,2475"/>
                <Baseline points="767,2466 822,2467 963,2466 1066,2467 1116,2467 1297,2467 1347,2467 1392,2467 1532,2466 1587,2459 1929,2466 2122,2472 2171,2465 2227,2472"/>
                <Word id="w_w2aab1b9b2c13b3ab1" language="English" custom="readingOrder {index:0;}">
                    <Coords points="767,2438 822,2438 822,2467 767,2467"/>
                    <TextEquiv>
                        <Unicode>des</Unicode>
                    </TextEquiv>
                    <TextStyle fontFamily="Times New Roman" fontSize="7.0"/>
                </Word>
                <Word id="w_w2aab1b9b2c13b3ab9" language="English" custom="readingOrder {index:1;}">
                    <Coords points="841,2437 963,2437 963,2475 841,2475"/>
                    <TextEquiv>
                        <Unicode>prières</Unicode>
                    </TextEquiv>
                    <TextStyle fontFamily="Times New Roman" fontSize="7.0"/>
                </Word>
                <Word id="w_w2aab1b9b2c13b3ac25" language="English" custom="readingOrder {index:2;}">
                    <Coords points="984,2447 1066,2447 1066,2475 984,2475"/>
                    <TextEquiv>
                        <Unicode>pour</Unicode>
                    </TextEquiv>
                    <TextStyle fontFamily="Times New Roman" fontSize="7.0"/>
                </Word>
                <Word id="w_w2aab1b9b2c13b3ac35" language="English" custom="readingOrder {index:3;}">
                    <Coords points="1087,2439 1116,2439 1116,2467 1087,2467"/>
                    <TextEquiv>
                        <Unicode>la</Unicode>
                    </TextEquiv>
                    <TextStyle fontFamily="Times New Roman" fontSize="7.0"/>
                </Word>
                <Word id="w_w2aab1b9b2c13b3ac41" language="English" custom="readingOrder {index:4;}">
                    <Coords points="1133,2447 1297,2447 1297,2475 1133,2475"/>
                    <TextEquiv>
                        <Unicode>grossesse</Unicode>
                    </TextEquiv>
                    <TextStyle fontFamily="Times New Roman" fontSize="7.0"/>
                </Word>
                <Word id="w_w2aab1b9b2c13b3ac61" language="English" custom="readingOrder {index:5;}">
                    <Coords points="1310,2438 1347,2438 1347,2467 1310,2467"/>
                    <TextEquiv>
                        <Unicode>de</Unicode>
                    </TextEquiv>
                    <TextStyle fontFamily="Times New Roman" fontSize="7.0"/>
                </Word>
                <Word id="w_w2aab1b9b2c13b3ac67" language="English" custom="readingOrder {index:6;}">
                    <Coords points="1362,2440 1392,2440 1392,2467 1362,2467"/>
                    <TextEquiv>
                        <Unicode>la</Unicode>
                    </TextEquiv>
                    <TextStyle fontFamily="Times New Roman" fontSize="7.0"/>
                </Word>
                <Word id="w_w2aab1b9b2c13b3ac73" language="English" custom="readingOrder {index:7;}">
                    <Coords points="1418,2439 1532,2439 1532,2467 1418,2467"/>
                    <TextEquiv>
                        <Unicode>Reine.</Unicode>
                    </TextEquiv>
                    <TextStyle fontFamily="Times New Roman" fontSize="7.0"/>
                </Word>
                <Word id="w_w2aab1b9b2c13b3ac87" language="English" custom="readingOrder {index:8;}">
                    <Coords points="1551,2453 1587,2453 1587,2459 1551,2459"/>
                    <TextEquiv>
                        <Unicode>—</Unicode>
                    </TextEquiv>
                    <TextStyle fontFamily="Times New Roman" fontSize="7.0"/>
                </Word>
                <Word id="w_w2aab1b9b2c13b3ac91" language="English" custom="readingOrder {index:9;}">
                    <Coords points="1607,2437 1929,2437 1929,2475 1607,2475"/>
                    <TextEquiv>
                        <Unicode>(Marie-Antoinette</Unicode>
                    </TextEquiv>
                    <TextStyle fontFamily="Times New Roman" fontSize="7.0"/>
                </Word>
                <Word id="w_w2aab1b9b2c13b3ad127" language="English" custom="readingOrder {index:10;}">
                    <Coords points="1949,2438 2122,2438 2122,2472 1949,2472"/>
                    <TextEquiv>
                        <Unicode>accoucha,</Unicode>
                    </TextEquiv>
                    <TextStyle fontFamily="Times New Roman" fontSize="7.0"/>
                </Word>
                <Word id="w_w2aab1b9b2c13b3ad147" language="English" custom="readingOrder {index:11;}">
                    <Coords points="2143,2437 2171,2437 2171,2465 2143,2465"/>
                    <TextEquiv>
                        <Unicode>le</Unicode>
                    </TextEquiv>
                    <TextStyle fontFamily="Times New Roman" fontSize="7.0"/>
                </Word>
                <Word id="w_w2aab1b9b2c13b3ad153" language="English" custom="readingOrder {index:12;}">
                    <Coords points="2193,2443 2227,2443 2227,2472 2193,2472"/>
                    <TextEquiv>
                        <Unicode>19</Unicode>
                    </TextEquiv>
                    <TextStyle fontFamily="Times New Roman" fontSize="7.0"/>
                </Word>
                <TextEquiv>
                    <Unicode>des prières pour la grossesse de la Reine. — (Marie-Antoinette accoucha, le 19</Unicode>
                </TextEquiv>
                <TextStyle fontFamily="Times New Roman" fontSize="7.0"/>
            </TextLine>
            <TextLine id="tl_31" primaryLanguage="English" custom="readingOrder {index:2;}">
                <Coords points="769,2479 2224,2479 2224,2519 769,2519"/>
                <Baseline points="769,2510 933,2509 1045,2517 1155,2509 1247,2517 1733,2516 1810,2508 1936,2509 2109,2507 2224,2499"/>
                <Word id="w_w2aab1b9b2c13b5ab1" language="English" custom="readingOrder {index:0;}">
                    <Coords points="769,2481 933,2481 933,2510 769,2510"/>
                    <TextEquiv>
                        <Unicode>décembre</Unicode>
                    </TextEquiv>
                    <TextStyle fontFamily="Times New Roman" fontSize="7.0"/>
                </Word>
                <Word id="w_w2aab1b9b2c13b5ac19" language="English" custom="readingOrder {index:1;}">
                    <Coords points="958,2481 1045,2481 1045,2519 958,2519"/>
                    <TextEquiv>
                        <Unicode>1778,</Unicode>
                    </TextEquiv>
                    <TextStyle fontFamily="Times New Roman" fontSize="7.0"/>
                </Word>
                <Word id="w_w2aab1b9b2c13b5ac31" language="English" custom="readingOrder {index:2;}">
                    <Coords points="1063,2480 1155,2480 1155,2509 1063,2509"/>
                    <TextEquiv>
                        <Unicode>d’une</Unicode>
                    </TextEquiv>
                    <TextStyle fontFamily="Times New Roman" fontSize="7.0"/>
                </Word>
                <Word id="w_w2aab1b9b2c13b5ac43" language="English" custom="readingOrder {index:3;}">
                    <Coords points="1172,2480 1247,2480 1247,2517 1172,2517"/>
                    <TextEquiv>
                        <Unicode>fille,</Unicode>
                    </TextEquiv>
                    <TextStyle fontFamily="Times New Roman" fontSize="7.0"/>
                </Word>
                <Word id="w_w2aab1b9b2c13b5ac57" language="English" custom="readingOrder {index:4;}">
                    <Coords points="1267,2479 1733,2479 1733,2516 1267,2516"/>
                    <TextEquiv>
                        <Unicode>Marie-Thérèse-Charlotte,</Unicode>
                    </TextEquiv>
                    <TextStyle fontFamily="Times New Roman" fontSize="7.0"/>
                </Word>
                <Word id="w_w2aab1b9b2c13b5ad107" language="English" custom="readingOrder {index:5;}">
                    <Coords points="1756,2480 1810,2480 1810,2517 1756,2517"/>
                    <TextEquiv>
                        <Unicode>qui</Unicode>
                    </TextEquiv>
                    <TextStyle fontFamily="Times New Roman" fontSize="7.0"/>
                </Word>
                <Word id="w_w2aab1b9b2c13b5ad115" language="English" custom="readingOrder {index:6;}">
                    <Coords points="1829,2480 1936,2480 1936,2509 1829,2509"/>
                    <TextEquiv>
                        <Unicode>devint</Unicode>
                    </TextEquiv>
                    <TextStyle fontFamily="Times New Roman" fontSize="7.0"/>
                </Word>
                <Word id="w_w2aab1b9b2c13b5ad129" language="English" custom="readingOrder {index:7;}">
                    <Coords points="1953,2480 2109,2480 2109,2509 1953,2509"/>
                    <TextEquiv>
                        <Unicode>duchesse</Unicode>
                    </TextEquiv>
                    <TextStyle fontFamily="Times New Roman" fontSize="7.0"/>
                </Word>
                <Word id="w_w2aab1b9b2c13b5ad147" language="English" custom="readingOrder {index:8;}">
                    <Coords points="2128,2479 2224,2479 2224,2508 2128,2508"/>
                    <TextEquiv>
                        <Unicode>d’An-</Unicode>
                    </TextEquiv>
                    <TextStyle fontFamily="Times New Roman" fontSize="7.0"/>
                </Word>
                <TextEquiv>
                    <Unicode>décembre 1778, d’une fille, Marie-Thérèse-Charlotte, qui devint duchesse d’An¬</Unicode>
                </TextEquiv>
                <TextStyle fontFamily="Times New Roman" fontSize="7.0"/>
            </TextLine>
            <TextLine id="tl_32" primaryLanguage="English" custom="readingOrder {index:3;}">
                <Coords points="770,2523 948,2523 948,2560 770,2560"/>
                <Baseline points="770,2560 948,2560"/>
                <Word id="w_w2aab1b9b2c13b7ab1" language="English" custom="readingOrder {index:0;}">
                    <Coords points="770,2523 948,2523 948,2560 770,2560"/>
                    <TextEquiv>
                        <Unicode>goulême.)</Unicode>
                    </TextEquiv>
                    <TextStyle fontFamily="Times New Roman" fontSize="7.0"/>
                </Word>
                <TextEquiv>
                    <Unicode>goulême.)</Unicode>
                </TextEquiv>
                <TextStyle fontFamily="Times New Roman" fontSize="7.0"/>
            </TextLine>
            <TextEquiv>
                <Unicode>Il le charge d’écrire à l’archevêque de Paris (Christophe de Beaumont) de faire
des prières pour la grossesse de la Reine. — (Marie-Antoinette accoucha, le 19
décembre 1778, d’une fille, Marie-Thérèse-Charlotte, qui devint duchesse d’An¬
goulême.)</Unicode>
            </TextEquiv>
        </TextRegion>
        <TextRegion type="paragraph" id="r_5_8" custom="readingOrder {index:11;}">
            <Coords points="767,2625 3011,2625 3011,2821 767,2821"/>
            <TextLine id="tl_33" primaryLanguage="English" custom="readingOrder {index:0;}">
                <Coords points="771,2626 3010,2626 3010,2686 771,2686"/>
                <Baseline points="771,2672 796,2672 850,2673 940,2672 1193,2674 1682,2673 2161,2682 2236,2672 2296,2671 2509,2670 2833,2682 2889,2671 3010,2660"/>
                <Word id="w_w2aab1b9b2c15b1ab1" language="English" custom="readingOrder {index:0;}">
                    <Coords points="771,2643 796,2643 796,2673 771,2673"/>
                    <TextEquiv>
                        <Unicode>4</Unicode>
                    </TextEquiv>
                    <TextStyle fontFamily="Times New Roman" fontSize="9.0" bold="true"/>
                </Word>
                <Word id="w_w2aab1b9b2c15b1b1b1" language="English" custom="readingOrder {index:1;}">
                    <Coords points="827,2644 887,2644 887,2686 827,2686"/>
                    <TextEquiv>
                        <Unicode>24</Unicode>
                    </TextEquiv>
                    <TextStyle fontFamily="Times New Roman" fontSize="11.0"/>
                </Word>
                <Word id="w_w2aab1b9b2c15b1b2b1" language="English" custom="readingOrder {index:2;}">
                    <Coords points="913,2631 940,2631 940,2673 913,2673"/>
                    <TextEquiv>
                        <Unicode>4</Unicode>
                    </TextEquiv>
                    <TextStyle fontFamily="Times New Roman" fontSize="9.0" bold="true"/>
                </Word>
                <Word id="w_w2aab1b9b2c15b1b3b1" language="English" custom="readingOrder {index:3;}">
                    <Coords points="975,2631 1193,2631 1193,2674 975,2674"/>
                    <TextEquiv>
                        <Unicode>MARIE</Unicode>
                    </TextEquiv>
                    <TextStyle fontFamily="Times New Roman" fontSize="11.0"/>
                </Word>
                <Word id="w_w2aab1b9b2c15b1b3c13" language="English" custom="readingOrder {index:4;}">
                    <Coords points="1231,2630 1682,2630 1682,2676 1231,2676"/>
                    <TextEquiv>
                        <Unicode>ANTOINETTE</Unicode>
                    </TextEquiv>
                    <TextStyle fontFamily="Times New Roman" fontSize="11.0"/>
                </Word>
                <Word id="w_w2aab1b9b2c15b1b3c35" language="English" custom="readingOrder {index:5;}">
                    <Coords points="1728,2628 2161,2628 2161,2682 1728,2682"/>
                    <TextEquiv>
                        <Unicode>D’AUTRICHE,</Unicode>
                    </TextEquiv>
                    <TextStyle fontFamily="Times New Roman" fontSize="11.0"/>
                </Word>
                <Word id="w_w2aab1b9b2c15b1b3c59" language="English" custom="readingOrder {index:6;}">
                    <Coords points="2190,2643 2236,2643 2236,2672 2190,2672"/>
                    <TextEquiv>
                        <Unicode>n.</Unicode>
                    </TextEquiv>
                    <TextStyle fontFamily="Times New Roman" fontSize="11.0"/>
                </Word>
                <Word id="w_w2aab1b9b2c15b1b3c65" language="English" custom="readingOrder {index:7;}">
                    <Coords points="2271,2631 2296,2631 2296,2671 2271,2671"/>
                    <TextEquiv>
                        <Unicode>à</Unicode>
                    </TextEquiv>
                    <TextStyle fontFamily="Times New Roman" fontSize="11.0"/>
                </Word>
                <Word id="w_w2aab1b9b2c15b1b3c69" language="English" custom="readingOrder {index:8;}">
                    <Coords points="2327,2627 2509,2627 2509,2670 2327,2670"/>
                    <TextEquiv>
                        <Unicode>Vienne</Unicode>
                    </TextEquiv>
                    <TextStyle fontFamily="Times New Roman" fontSize="11.0"/>
                </Word>
                <Word id="w_w2aab1b9b2c15b1b3c83" language="English" custom="readingOrder {index:9;}">
                    <Coords points="2544,2626 2833,2626 2833,2683 2544,2683"/>
                    <TextEquiv>
                        <Unicode>(Autriche),</Unicode>
                    </TextEquiv>
                    <TextStyle fontFamily="Times New Roman" fontSize="11.0"/>
                </Word>
                <Word id="w_w2aab1b9b2c15b1b3d107" language="English" custom="readingOrder {index:10;}">
                    <Coords points="2867,2642 2889,2642 2889,2671 2867,2671"/>
                    <TextEquiv>
                        <Unicode>2</Unicode>
                    </TextEquiv>
                    <TextStyle fontFamily="Times New Roman" fontSize="11.0"/>
                </Word>
                <Word id="w_w2aab1b9b2c15b1b3d111" language="English" custom="readingOrder {index:11;}">
                    <Coords points="2927,2642 3010,2642 3010,2670 2927,2670"/>
                    <TextEquiv>
                        <Unicode>no¬</Unicode>
                    </TextEquiv>
                    <TextStyle fontFamily="Times New Roman" fontSize="11.0"/>
                </Word>
                <TextEquiv>
                    <Unicode>★24★ MARIE ANTOINETTE D’AUTRICHE, n. à Vienne (Autriche), 2 no¬</Unicode>
                </TextEquiv>
            </TextLine>
            <TextLine id="tl_34" primaryLanguage="English" custom="readingOrder {index:1;}">
                <Coords points="768,2691 3010,2691 3010,2754 768,2754"/>
                <Baseline points="768,2736 957,2737 1125,2749 1238,2739 1325,2739 1652,2738 1914,2736 1957,2737 2031,2735 2115,2737 2182,2737 2381,2736 2813,2746 3010,2734"/>
                <Word id="w_w2aab1b9b2c15b3ab1" language="English" custom="readingOrder {index:0;}">
                    <Coords points="768,2695 957,2695 957,2737 768,2737"/>
                    <TextEquiv>
                        <Unicode>vembre</Unicode>
                    </TextEquiv>
                    <TextStyle fontFamily="Times New Roman" fontSize="11.0"/>
                </Word>
                <Word id="w_w2aab1b9b2c15b3ac15" language="English" custom="readingOrder {index:1;}">
                    <Coords points="990,2696 1125,2696 1125,2752 990,2752"/>
                    <TextEquiv>
                        <Unicode>1755,</Unicode>
                    </TextEquiv>
                    <TextStyle fontFamily="Times New Roman" fontSize="11.0"/>
                </Word>
                <Word id="w_w2aab1b9b2c15b3ac27" language="English" custom="readingOrder {index:2;}">
                    <Coords points="1149,2696 1238,2696 1238,2739 1149,2739"/>
                    <TextEquiv>
                        <Unicode>fille</Unicode>
                    </TextEquiv>
                    <TextStyle fontFamily="Times New Roman" fontSize="11.0"/>
                </Word>
                <Word id="w_w2aab1b9b2c15b3ac39" language="English" custom="readingOrder {index:3;}">
                    <Coords points="1267,2695 1325,2695 1325,2739 1267,2739"/>
                    <TextEquiv>
                        <Unicode>de</Unicode>
                    </TextEquiv>
                    <TextStyle fontFamily="Times New Roman" fontSize="11.0"/>
                </Word>
                <Word id="w_w2aab1b9b2c15b3ac45" language="English" custom="readingOrder {index:4;}">
                    <Coords points="1362,2695 1652,2695 1652,2754 1362,2754"/>
                    <TextEquiv>
                        <Unicode>l’empereur</Unicode>
                    </TextEquiv>
                    <TextStyle fontFamily="Times New Roman" fontSize="11.0"/>
                </Word>
                <Word id="w_w2aab1b9b2c15b3ac67" language="English" custom="readingOrder {index:5;}">
                    <Coords points="1683,2694 1914,2694 1914,2751 1683,2751"/>
                    <TextEquiv>
                        <Unicode>François</Unicode>
                    </TextEquiv>
                    <TextStyle fontFamily="Times New Roman" fontSize="11.0"/>
                </Word>
                <Word id="w_w2aab1b9b2c15b3ac85" language="English" custom="readingOrder {index:6;}">
                    <Coords points="1939,2694 1957,2694 1957,2737 1939,2737"/>
                    <TextEquiv>
                        <Unicode>I</Unicode>
                    </TextEquiv>
                    <TextStyle fontFamily="Times New Roman" fontSize="11.0"/>
                </Word>
                <Word id="w_w2aab1b9b2c15b3ac89" language="English" custom="readingOrder {index:7;}">
                    <Coords points="1989,2704 2031,2704 2031,2736 1989,2736"/>
                    <TextEquiv>
                        <Unicode>et</Unicode>
                    </TextEquiv>
                    <TextStyle fontFamily="Times New Roman" fontSize="11.0"/>
                </Word>
                <Word id="w_w2aab1b9b2c15b3ac95" language="English" custom="readingOrder {index:8;}">
                    <Coords points="2059,2693 2115,2693 2115,2737 2059,2737"/>
                    <TextEquiv>
                        <Unicode>de</Unicode>
                    </TextEquiv>
                    <TextStyle fontFamily="Times New Roman" fontSize="11.0"/>
                </Word>
                <Word id="w_w2aab1b9b2c15b3ad101" language="English" custom="readingOrder {index:9;}">
                    <Coords points="2141,2693 2182,2693 2182,2737 2141,2737"/>
                    <TextEquiv>
                        <Unicode>la</Unicode>
                    </TextEquiv>
                    <TextStyle fontFamily="Times New Roman" fontSize="11.0"/>
                </Word>
                <Word id="w_w2aab1b9b2c15b3ad107" language="English" custom="readingOrder {index:10;}">
                    <Coords points="2204,2692 2381,2692 2381,2752 2204,2752"/>
                    <TextEquiv>
                        <Unicode>grande</Unicode>
                    </TextEquiv>
                    <TextStyle fontFamily="Times New Roman" fontSize="11.0"/>
                </Word>
                <Word id="w_w2aab1b9b2c15b3ad121" language="English" custom="readingOrder {index:11;}">
                    <Coords points="2408,2691 2813,2691 2813,2746 2408,2746"/>
                    <TextEquiv>
                        <Unicode>Marie-Thérèse,</Unicode>
                    </TextEquiv>
                    <TextStyle fontFamily="Times New Roman" fontSize="11.0"/>
                </Word>
                <Word id="w_w2aab1b9b2c15b3ad151" language="English" custom="readingOrder {index:12;}">
                    <Coords points="2838,2691 3010,2691 3010,2734 2838,2734"/>
                    <TextEquiv>
                        <Unicode>femme</Unicode>
                    </TextEquiv>
                    <TextStyle fontFamily="Times New Roman" fontSize="11.0"/>
                </Word>
                <TextEquiv>
                    <Unicode>vembre 1755, fille de l’empereur François I et de la grande Marie-Thérèse, femme</Unicode>
                </TextEquiv>
                <TextStyle fontFamily="Times New Roman" fontSize="11.0"/>
            </TextLine>
            <TextLine id="tl_35" primaryLanguage="English" custom="readingOrder {index:2;}">
                <Coords points="769,2758 2572,2758 2572,2820 769,2820"/>
                <Baseline points="769,2802 826,2802 999,2801 1140,2803 1242,2805 1373,2804 1565,2816 1833,2803 1882,2804 2044,2803 2112,2803 2193,2804 2405,2803 2448,2803 2572,2801"/>
                <Word id="w_w2aab1b9b2c15b5ab1" language="English" custom="readingOrder {index:0;}">
                    <Coords points="769,2759 826,2759 826,2802 769,2802"/>
                    <TextEquiv>
                        <Unicode>de</Unicode>
                    </TextEquiv>
                    <TextStyle fontFamily="Times New Roman" fontSize="11.0"/>
                </Word>
                <Word id="w_w2aab1b9b2c15b5ab7" language="English" custom="readingOrder {index:1;}">
                    <Coords points="854,2758 999,2758 999,2802 854,2802"/>
                    <TextEquiv>
                        <Unicode>Louis</Unicode>
                    </TextEquiv>
                    <TextStyle fontFamily="Times New Roman" fontSize="11.0"/>
                </Word>
                <Word id="w_w2aab1b9b2c15b5ac19" language="English" custom="readingOrder {index:2;}">
                    <Coords points="1028,2760 1140,2760 1140,2803 1028,2803"/>
                    <TextEquiv>
                        <Unicode>XVI</Unicode>
                    </TextEquiv>
                    <TextStyle fontFamily="Times New Roman" fontSize="11.0"/>
                </Word>
                <Word id="w_w2aab1b9b2c15b5ac27" language="English" custom="readingOrder {index:3;}">
                    <Coords points="1164,2762 1242,2762 1242,2817 1164,2817"/>
                    <TextEquiv>
                        <Unicode>(16</Unicode>
                    </TextEquiv>
                    <TextStyle fontFamily="Times New Roman" fontSize="11.0"/>
                </Word>
                <Word id="w_w2aab1b9b2c15b5ac35" language="English" custom="readingOrder {index:4;}">
                    <Coords points="1281,2760 1373,2760 1373,2804 1281,2804"/>
                    <TextEquiv>
                        <Unicode>mai</Unicode>
                    </TextEquiv>
                    <TextStyle fontFamily="Times New Roman" fontSize="11.0"/>
                </Word>
                <Word id="w_w2aab1b9b2c15b5ac43" language="English" custom="readingOrder {index:5;}">
                    <Coords points="1412,2764 1565,2764 1565,2820 1412,2820"/>
                    <TextEquiv>
                        <Unicode>1770),</Unicode>
                    </TextEquiv>
                    <TextStyle fontFamily="Times New Roman" fontSize="11.0"/>
                </Word>
                <Word id="w_w2aab1b9b2c15b5ac57" language="English" custom="readingOrder {index:6;}">
                    <Coords points="1595,2760 1833,2760 1833,2819 1595,2819"/>
                    <TextEquiv>
                        <Unicode>décapitée</Unicode>
                    </TextEquiv>
                    <TextStyle fontFamily="Times New Roman" fontSize="11.0"/>
                </Word>
                <Word id="w_w2aab1b9b2c15b5ac77" language="English" custom="readingOrder {index:7;}">
                    <Coords points="1857,2764 1882,2764 1882,2804 1857,2804"/>
                    <TextEquiv>
                        <Unicode>à</Unicode>
                    </TextEquiv>
                    <TextStyle fontFamily="Times New Roman" fontSize="11.0"/>
                </Word>
                <Word id="w_w2aab1b9b2c15b5ac81" language="English" custom="readingOrder {index:8;}">
                    <Coords points="1911,2759 2044,2759 2044,2803 1911,2803"/>
                    <TextEquiv>
                        <Unicode>Paris</Unicode>
                    </TextEquiv>
                    <TextStyle fontFamily="Times New Roman" fontSize="11.0"/>
                </Word>
                <Word id="w_w2aab1b9b2c15b5ac93" language="English" custom="readingOrder {index:9;}">
                    <Coords points="2072,2760 2112,2760 2112,2803 2072,2803"/>
                    <TextEquiv>
                        <Unicode>le</Unicode>
                    </TextEquiv>
                    <TextStyle fontFamily="Times New Roman" fontSize="11.0"/>
                </Word>
                <Word id="w_w2aab1b9b2c15b5ac99" language="English" custom="readingOrder {index:10;}">
                    <Coords points="2140,2760 2193,2760 2193,2804 2140,2804"/>
                    <TextEquiv>
                        <Unicode>16</Unicode>
                    </TextEquiv>
                    <TextStyle fontFamily="Times New Roman" fontSize="11.0"/>
                </Word>
                <Word id="w_w2aab1b9b2c15b5ad105" language="English" custom="readingOrder {index:11;}">
                    <Coords points="2215,2759 2405,2759 2405,2804 2215,2804"/>
                    <TextEquiv>
                        <Unicode>octobre</Unicode>
                    </TextEquiv>
                    <TextStyle fontFamily="Times New Roman" fontSize="11.0"/>
                </Word>
                <Word id="w_w2aab1b9b2c15b5ad121" language="English" custom="readingOrder {index:12;}">
                    <Coords points="2440,2775 2448,2775 2448,2803 2440,2803"/>
                    <TextEquiv>
                        <Unicode>1</Unicode>
                    </TextEquiv>
                    <TextStyle fontFamily="Times New Roman" fontSize="11.0"/>
                </Word>
                <Word id="w_w2aab1b9b2c15b5ad125" language="English" custom="readingOrder {index:13;}">
                    <Coords points="2465,2758 2572,2758 2572,2818 2465,2818"/>
                    <TextEquiv>
                        <Unicode>793.</Unicode>
                    </TextEquiv>
                    <TextStyle fontFamily="Times New Roman" fontSize="11.0"/>
                </Word>
                <TextEquiv>
                    <Unicode>de Louis XVI (16 mai 1770), décapitée à Paris le 16 octobre 1793.</Unicode>
                </TextEquiv>
                <TextStyle fontFamily="Times New Roman" fontSize="11.0"/>
            </TextLine>
            <TextEquiv>
                <Unicode>★24★ MARIE ANTOINETTE D’AUTRICHE, n. à Vienne (Autriche), 2 no¬
vembre 1755, fille de l’empereur François I et de la grande Marie-Thérèse, femme
de Louis XVI (16 mai 1770), décapitée à Paris le 16 octobre 1793.</Unicode>
            </TextEquiv>
        </TextRegion>
        <TextRegion type="paragraph" id="r_5_9" custom="readingOrder {index:12;}">
            <Coords points="819,2844 2865,2844 2865,2899 819,2899"/>
            <TextLine id="tl_36" primaryLanguage="English" custom="readingOrder {index:0;}">
                <Coords points="820,2845 2864,2845 2864,2898 820,2898"/>
                <Baseline points="820,2883 863,2884 937,2894 1054,2883 1105,2884 1210,2884 1249,2881 1402,2884 1432,2882 1719,2895 1971,2896 2021,2885 2219,2886 2358,2895 2452,2896 2521,2884 2584,2884 2739,2881 2864,2882"/>
                <Word id="w_w2aab1b9b2c17b1ab1" language="English" custom="readingOrder {index:0;}">
                    <Coords points="820,2848 863,2848 863,2884 820,2884"/>
                    <TextEquiv>
                        <Unicode>P.</Unicode>
                    </TextEquiv>
                    <TextStyle fontFamily="Times New Roman" fontSize="9.0"/>
                </Word>
                <Word id="w_w2aab1b9b2c17b1ab7" language="English" custom="readingOrder {index:1;}">
                    <Coords points="880,2848 937,2848 937,2894 880,2894"/>
                    <TextEquiv>
                        <Unicode>S.,</Unicode>
                    </TextEquiv>
                    <TextStyle fontFamily="Times New Roman" fontSize="9.0"/>
                </Word>
                <Word id="w_w2aab1b9b2c17b1ac15" language="English" custom="readingOrder {index:2;}">
                    <Coords points="959,2859 1054,2859 1054,2883 959,2883"/>
                    <TextEquiv>
                        <Unicode>avec</Unicode>
                    </TextEquiv>
                    <TextStyle fontFamily="Times New Roman" fontSize="9.0"/>
                </Word>
                <Word id="w_w2aab1b9b2c17b1ac25" language="English" custom="readingOrder {index:3;}">
                    <Coords points="1069,2847 1105,2847 1105,2884 1069,2884"/>
                    <TextEquiv>
                        <Unicode>le</Unicode>
                    </TextEquiv>
                    <TextStyle fontFamily="Times New Roman" fontSize="9.0"/>
                </Word>
                <Word id="w_w2aab1b9b2c17b1ac31" language="English" custom="readingOrder {index:4;}">
                    <Coords points="1126,2856 1210,2856 1210,2884 1126,2884"/>
                    <TextEquiv>
                        <Unicode>mot</Unicode>
                    </TextEquiv>
                    <TextStyle fontFamily="Times New Roman" fontSize="9.0"/>
                </Word>
                <Word id="w_w2aab1b9b2c17b1ac39" language="English" custom="readingOrder {index:5;}">
                    <Coords points="1234,2863 1249,2863 1249,2881 1234,2881"/>
                    <TextEquiv>
                        <Unicode>«</Unicode>
                    </TextEquiv>
                    <TextStyle fontFamily="Times New Roman" fontSize="9.0"/>
                </Word>
                <Word id="w_w2aab1b9b2c17b1ac43" language="English" custom="readingOrder {index:6;}">
                    <Coords points="1273,2849 1402,2849 1402,2897 1273,2897"/>
                    <TextEquiv>
                        <Unicode>Payez</Unicode>
                    </TextEquiv>
                    <TextStyle fontFamily="Times New Roman" fontSize="9.0"/>
                </Word>
                <Word id="w_w2aab1b9b2c17b1ac55" language="English" custom="readingOrder {index:7;}">
                    <Coords points="1417,2863 1432,2863 1432,2882 1417,2882"/>
                    <TextEquiv>
                        <Unicode>»</Unicode>
                    </TextEquiv>
                    <TextStyle fontFamily="Times New Roman" fontSize="9.0"/>
                </Word>
                <Word id="w_w2aab1b9b2c17b1ac59" language="English" custom="readingOrder {index:8;}">
                    <Coords points="1448,2849 1719,2849 1719,2897 1448,2897"/>
                    <TextEquiv>
                        <Unicode>autographe;</Unicode>
                    </TextEquiv>
                    <TextStyle fontFamily="Times New Roman" fontSize="9.0"/>
                </Word>
                <Word id="w_w2aab1b9b2c17b1ac83" language="English" custom="readingOrder {index:9;}">
                    <Coords points="1742,2848 1971,2848 1971,2896 1742,2896"/>
                    <TextEquiv>
                        <Unicode>Versailles,</Unicode>
                    </TextEquiv>
                    <TextStyle fontFamily="Times New Roman" fontSize="9.0"/>
                </Word>
                <Word id="w_w2aab1b9b2c17b1ad107" language="English" custom="readingOrder {index:10;}">
                    <Coords points="2011,2862 2021,2862 2021,2885 2011,2885"/>
                    <TextEquiv>
                        <Unicode>1</Unicode>
                    </TextEquiv>
                    <TextStyle fontFamily="Times New Roman" fontSize="9.0"/>
                </Word>
                <Word id="w_w2aab1b9b2c17b1ad111" language="English" custom="readingOrder {index:11;}">
                    <Coords points="2052,2850 2219,2850 2219,2886 2052,2886"/>
                    <TextEquiv>
                        <Unicode>octobre</Unicode>
                    </TextEquiv>
                    <TextStyle fontFamily="Times New Roman" fontSize="9.0"/>
                </Word>
                <Word id="w_w2aab1b9b2c17b1ad127" language="English" custom="readingOrder {index:12;}">
                    <Coords points="2247,2849 2358,2849 2358,2898 2247,2898"/>
                    <TextEquiv>
                        <Unicode>1783,</Unicode>
                    </TextEquiv>
                    <TextStyle fontFamily="Times New Roman" fontSize="9.0"/>
                </Word>
                <Word id="w_w2aab1b9b2c17b1ad139" language="English" custom="readingOrder {index:13;}">
                    <Coords points="2380,2849 2452,2849 2452,2897 2380,2897"/>
                    <TextEquiv>
                        <Unicode>3/4</Unicode>
                    </TextEquiv>
                    <TextStyle fontFamily="Times New Roman" fontSize="9.0"/>
                </Word>
                <Word id="w_w2aab1b9b2c17b1ad147" language="English" custom="readingOrder {index:14;}">
                    <Coords points="2473,2849 2521,2849 2521,2884 2473,2884"/>
                    <TextEquiv>
                        <Unicode>de</Unicode>
                    </TextEquiv>
                    <TextStyle fontFamily="Times New Roman" fontSize="9.0"/>
                </Word>
                <Word id="w_w2aab1b9b2c17b1ad153" language="English" custom="readingOrder {index:15;}">
                    <Coords points="2547,2860 2584,2860 2584,2895 2547,2895"/>
                    <TextEquiv>
                        <Unicode>p.</Unicode>
                    </TextEquiv>
                    <TextStyle fontFamily="Times New Roman" fontSize="9.0"/>
                </Word>
                <Word id="w_w2aab1b9b2c17b1ad159" language="English" custom="readingOrder {index:16;}">
                    <Coords points="2604,2845 2739,2845 2739,2882 2604,2882"/>
                    <TextEquiv>
                        <Unicode>in-fol.</Unicode>
                    </TextEquiv>
                    <TextStyle fontFamily="Times New Roman" fontSize="9.0"/>
                </Word>
                <Word id="w_w2aab1b9b2c17b1ad175" language="English" custom="readingOrder {index:17;}">
                    <Coords points="2759,2846 2864,2846 2864,2882 2759,2882"/>
                    <TextEquiv>
                        <Unicode>—P.</Unicode>
                    </TextEquiv>
                    <TextStyle fontFamily="Times New Roman" fontSize="9.0"/>
                </Word>
                <TextEquiv>
                    <Unicode>P. S., avec le mot « Payez » autographe; Versailles, 1 octobre 1783, 3/4 de p. in-fol. —P.</Unicode>
                </TextEquiv>
                <TextStyle fontFamily="Times New Roman" fontSize="9.0"/>
            </TextLine>
            <TextEquiv>
                <Unicode>P. S., avec le mot « Payez » autographe; Versailles, 1 octobre 1783, 3/4 de p. in-fol. —P.</Unicode>
            </TextEquiv>
        </TextRegion>
        <TextRegion type="paragraph" id="r_5_10" custom="readingOrder {index:13;}">
            <Coords points="765,2924 2006,2924 2006,3177 765,3177"/>
            <TextLine id="tl_37" primaryLanguage="English" custom="readingOrder {index:0;}">
                <Coords points="805,2925 2003,2925 2003,2965 805,2965"/>
                <Baseline points="805,2955 906,2954 966,2953 1092,2955 1135,2954 1292,2954 1435,2961 1576,2955 1611,2955 1747,2956 1803,2955 1873,2956 2003,2963"/>
                <Word id="w_w2aab1b9b2c19b1ab1" language="English" custom="readingOrder {index:0;}">
                    <Coords points="805,2925 906,2925 906,2955 805,2955"/>
                    <TextEquiv>
                        <Unicode>Ordre</Unicode>
                    </TextEquiv>
                    <TextStyle fontFamily="Times New Roman" fontSize="7.0"/>
                </Word>
                <Word id="w_w2aab1b9b2c19b1ac13" language="English" custom="readingOrder {index:1;}">
                    <Coords points="927,2925 966,2925 966,2954 927,2954"/>
                    <TextEquiv>
                        <Unicode>de</Unicode>
                    </TextEquiv>
                    <TextStyle fontFamily="Times New Roman" fontSize="7.0"/>
                </Word>
                <Word id="w_w2aab1b9b2c19b1ac19" language="English" custom="readingOrder {index:2;}">
                    <Coords points="994,2934 1092,2934 1092,2963 994,2963"/>
                    <TextEquiv>
                        <Unicode>payer</Unicode>
                    </TextEquiv>
                    <TextStyle fontFamily="Times New Roman" fontSize="7.0"/>
                </Word>
                <Word id="w_w2aab1b9b2c19b1ac31" language="English" custom="readingOrder {index:3;}">
                    <Coords points="1118,2925 1135,2925 1135,2954 1118,2954"/>
                    <TextEquiv>
                        <Unicode>à</Unicode>
                    </TextEquiv>
                    <TextStyle fontFamily="Times New Roman" fontSize="7.0"/>
                </Word>
                <Word id="w_w2aab1b9b2c19b1ac35" language="English" custom="readingOrder {index:4;}">
                    <Coords points="1155,2926 1292,2926 1292,2963 1155,2963"/>
                    <TextEquiv>
                        <Unicode>Jacques</Unicode>
                    </TextEquiv>
                    <TextStyle fontFamily="Times New Roman" fontSize="7.0"/>
                </Word>
                <Word id="w_w2aab1b9b2c19b1ac51" language="English" custom="readingOrder {index:5;}">
                    <Coords points="1315,2925 1435,2925 1435,2961 1315,2961"/>
                    <TextEquiv>
                        <Unicode>Briant,</Unicode>
                    </TextEquiv>
                    <TextStyle fontFamily="Times New Roman" fontSize="7.0"/>
                </Word>
                <Word id="w_w2aab1b9b2c19b1ac67" language="English" custom="readingOrder {index:6;}">
                    <Coords points="1462,2927 1576,2927 1576,2956 1462,2956"/>
                    <TextEquiv>
                        <Unicode>maître</Unicode>
                    </TextEquiv>
                    <TextStyle fontFamily="Times New Roman" fontSize="7.0"/>
                </Word>
                <Word id="w_w2aab1b9b2c19b1ac81" language="English" custom="readingOrder {index:7;}">
                    <Coords points="1594,2926 1611,2926 1611,2955 1594,2955"/>
                    <TextEquiv>
                        <Unicode>à</Unicode>
                    </TextEquiv>
                    <TextStyle fontFamily="Times New Roman" fontSize="7.0"/>
                </Word>
                <Word id="w_w2aab1b9b2c19b1ac85" language="English" custom="readingOrder {index:8;}">
                    <Coords points="1631,2926 1747,2926 1747,2956 1631,2956"/>
                    <TextEquiv>
                        <Unicode>danser</Unicode>
                    </TextEquiv>
                    <TextStyle fontFamily="Times New Roman" fontSize="7.0"/>
                </Word>
                <Word id="w_w2aab1b9b2c19b1ac99" language="English" custom="readingOrder {index:9;}">
                    <Coords points="1765,2926 1803,2926 1803,2955 1765,2955"/>
                    <TextEquiv>
                        <Unicode>de</Unicode>
                    </TextEquiv>
                    <TextStyle fontFamily="Times New Roman" fontSize="7.0"/>
                </Word>
                <Word id="w_w2aab1b9b2c19b1ad105" language="English" custom="readingOrder {index:10;}">
                    <Coords points="1822,2935 1873,2935 1873,2956 1822,2956"/>
                    <TextEquiv>
                        <Unicode>ses</Unicode>
                    </TextEquiv>
                    <TextStyle fontFamily="Times New Roman" fontSize="7.0"/>
                </Word>
                <Word id="w_w2aab1b9b2c19b1ad113" language="English" custom="readingOrder {index:11;}">
                    <Coords points="1894,2936 2003,2936 2003,2965 1894,2965"/>
                    <TextEquiv>
                        <Unicode>pages,</Unicode>
                    </TextEquiv>
                    <TextStyle fontFamily="Times New Roman" fontSize="7.0"/>
                </Word>
                <TextEquiv>
                    <Unicode>Ordre de payer à Jacques Briant, maître à danser de ses pages,</Unicode>
                </TextEquiv>
                <TextStyle fontFamily="Times New Roman" fontSize="7.0"/>
            </TextLine>
            <TextLine id="tl_38" primaryLanguage="English" custom="readingOrder {index:1;}">
                <Coords points="768,2967 2005,2967 2005,3007 768,3007"/>
                <Baseline points="768,2998 797,2998 939,2996 997,2996 1088,2996 1277,2996 1393,2997 1552,2998 1651,2997 1725,2998 1875,2998 1904,2996 2005,2999"/>
                <Word id="w_w2aab1b9b2c19b3ab1" language="English" custom="readingOrder {index:0;}">
                    <Coords points="768,2970 797,2970 797,2998 768,2998"/>
                    <TextEquiv>
                        <Unicode>la</Unicode>
                    </TextEquiv>
                    <TextStyle fontFamily="Times New Roman" fontSize="7.0"/>
                </Word>
                <Word id="w_w2aab1b9b2c19b3ab7" language="English" custom="readingOrder {index:1;}">
                    <Coords points="817,2976 939,2976 939,2997 817,2997"/>
                    <TextEquiv>
                        <Unicode>somme</Unicode>
                    </TextEquiv>
                    <TextStyle fontFamily="Times New Roman" fontSize="7.0"/>
                </Word>
                <Word id="w_w2aab1b9b2c19b3ac19" language="English" custom="readingOrder {index:2;}">
                    <Coords points="960,2968 997,2968 997,2996 960,2996"/>
                    <TextEquiv>
                        <Unicode>de</Unicode>
                    </TextEquiv>
                    <TextStyle fontFamily="Times New Roman" fontSize="7.0"/>
                </Word>
                <Word id="w_w2aab1b9b2c19b3ac25" language="English" custom="readingOrder {index:3;}">
                    <Coords points="1015,2972 1088,2972 1088,2996 1015,2996"/>
                    <TextEquiv>
                        <Unicode>cent</Unicode>
                    </TextEquiv>
                    <TextStyle fontFamily="Times New Roman" fontSize="7.0"/>
                </Word>
                <Word id="w_w2aab1b9b2c19b3ac35" language="English" custom="readingOrder {index:4;}">
                    <Coords points="1107,2968 1277,2968 1277,2997 1107,2997"/>
                    <TextEquiv>
                        <Unicode>trente-six</Unicode>
                    </TextEquiv>
                    <TextStyle fontFamily="Times New Roman" fontSize="7.0"/>
                </Word>
                <Word id="w_w2aab1b9b2c19b3ac57" language="English" custom="readingOrder {index:5;}">
                    <Coords points="1298,2967 1393,2967 1393,2997 1298,2997"/>
                    <TextEquiv>
                        <Unicode>livres</Unicode>
                    </TextEquiv>
                    <TextStyle fontFamily="Times New Roman" fontSize="7.0"/>
                </Word>
                <Word id="w_w2aab1b9b2c19b3ac71" language="English" custom="readingOrder {index:6;}">
                    <Coords points="1411,2968 1552,2968 1552,3006 1411,3006"/>
                    <TextEquiv>
                        <Unicode>dix-sept</Unicode>
                    </TextEquiv>
                    <TextStyle fontFamily="Times New Roman" fontSize="7.0"/>
                </Word>
                <Word id="w_w2aab1b9b2c19b3ac89" language="English" custom="readingOrder {index:7;}">
                    <Coords points="1574,2978 1651,2978 1651,2998 1574,2998"/>
                    <TextEquiv>
                        <Unicode>sous</Unicode>
                    </TextEquiv>
                    <TextStyle fontFamily="Times New Roman" fontSize="7.0"/>
                </Word>
                <Word id="w_w2aab1b9b2c19b3ac99" language="English" custom="readingOrder {index:8;}">
                    <Coords points="1676,2969 1725,2969 1725,2998 1676,2998"/>
                    <TextEquiv>
                        <Unicode>six</Unicode>
                    </TextEquiv>
                    <TextStyle fontFamily="Times New Roman" fontSize="7.0"/>
                </Word>
                <Word id="w_w2aab1b9b2c19b3ad107" language="English" custom="readingOrder {index:9;}">
                    <Coords points="1749,2968 1875,2968 1875,2998 1749,2998"/>
                    <TextEquiv>
                        <Unicode>deniers</Unicode>
                    </TextEquiv>
                    <TextStyle fontFamily="Times New Roman" fontSize="7.0"/>
                </Word>
                <Word id="w_w2aab1b9b2c19b3ad123" language="English" custom="readingOrder {index:10;}">
                    <Coords points="1892,2980 1904,2980 1904,2996 1892,2996"/>
                    <TextEquiv>
                        <Unicode>»</Unicode>
                    </TextEquiv>
                    <TextStyle fontFamily="Times New Roman" fontSize="7.0"/>
                </Word>
                <Word id="w_w2aab1b9b2c19b3ad127" language="English" custom="readingOrder {index:11;}">
                    <Coords points="1923,2979 2005,2979 2005,3007 1923,3007"/>
                    <TextEquiv>
                        <Unicode>pour</Unicode>
                    </TextEquiv>
                    <TextStyle fontFamily="Times New Roman" fontSize="7.0"/>
                </Word>
                <TextEquiv>
                    <Unicode>la somme de cent trente-six livres dix-sept sous six deniers « pour</Unicode>
                </TextEquiv>
                <TextStyle fontFamily="Times New Roman" fontSize="7.0"/>
            </TextLine>
            <TextLine id="tl_39" primaryLanguage="English" custom="readingOrder {index:2;}">
                <Coords points="767,3008 2004,3008 2004,3048 767,3048"/>
                <Baseline points="767,3039 802,3039 1027,3045 1088,3038 1349,3038 1415,3038 1477,3039 1581,3040 1626,3040 1772,3039 1816,3040 1961,3040 2004,3041"/>
                <Word id="w_w2aab1b9b2c19b5ab1" language="English" custom="readingOrder {index:0;}">
                    <Coords points="767,3020 802,3020 802,3039 767,3039"/>
                    <TextEquiv>
                        <Unicode>sa</Unicode>
                    </TextEquiv>
                    <TextStyle fontFamily="Times New Roman" fontSize="7.0"/>
                </Word>
                <Word id="w_w2aab1b9b2c19b5ab7" language="English" custom="readingOrder {index:1;}">
                    <Coords points="829,3010 1027,3010 1027,3045 829,3045"/>
                    <TextEquiv>
                        <Unicode>nourriture,</Unicode>
                    </TextEquiv>
                    <TextStyle fontFamily="Times New Roman" fontSize="7.0"/>
                </Word>
                <Word id="w_w2aab1b9b2c19b5ac31" language="English" custom="readingOrder {index:2;}">
                    <Coords points="1050,3018 1088,3018 1088,3038 1050,3038"/>
                    <TextEquiv>
                        <Unicode>en</Unicode>
                    </TextEquiv>
                    <TextStyle fontFamily="Times New Roman" fontSize="7.0"/>
                </Word>
                <Word id="w_w2aab1b9b2c19b5ac37" language="English" custom="readingOrder {index:3;}">
                    <Coords points="1109,3008 1349,3008 1349,3039 1109,3039"/>
                    <TextEquiv>
                        <Unicode>considération</Unicode>
                    </TextEquiv>
                    <TextStyle fontFamily="Times New Roman" fontSize="7.0"/>
                </Word>
                <Word id="w_w2aab1b9b2c19b5ac65" language="English" custom="readingOrder {index:4;}">
                    <Coords points="1377,3010 1415,3010 1415,3038 1377,3038"/>
                    <TextEquiv>
                        <Unicode>de</Unicode>
                    </TextEquiv>
                    <TextStyle fontFamily="Times New Roman" fontSize="7.0"/>
                </Word>
                <Word id="w_w2aab1b9b2c19b5ac71" language="English" custom="readingOrder {index:5;}">
                    <Coords points="1442,3019 1477,3019 1477,3039 1442,3039"/>
                    <TextEquiv>
                        <Unicode>ce</Unicode>
                    </TextEquiv>
                    <TextStyle fontFamily="Times New Roman" fontSize="7.0"/>
                </Word>
                <Word id="w_w2aab1b9b2c19b5ac77" language="English" custom="readingOrder {index:6;}">
                    <Coords points="1506,3011 1581,3011 1581,3048 1506,3048"/>
                    <TextEquiv>
                        <Unicode>qu’il</Unicode>
                    </TextEquiv>
                    <TextStyle fontFamily="Times New Roman" fontSize="7.0"/>
                </Word>
                <Word id="w_w2aab1b9b2c19b5ac89" language="English" custom="readingOrder {index:7;}">
                    <Coords points="1608,3020 1626,3020 1626,3040 1608,3040"/>
                    <TextEquiv>
                        <Unicode>a</Unicode>
                    </TextEquiv>
                    <TextStyle fontFamily="Times New Roman" fontSize="7.0"/>
                </Word>
                <Word id="w_w2aab1b9b2c19b5ac93" language="English" custom="readingOrder {index:8;}">
                    <Coords points="1647,3013 1772,3013 1772,3040 1647,3040"/>
                    <TextEquiv>
                        <Unicode>montré</Unicode>
                    </TextEquiv>
                    <TextStyle fontFamily="Times New Roman" fontSize="7.0"/>
                </Word>
                <Word id="w_w2aab1b9b2c19b5ad107" language="English" custom="readingOrder {index:9;}">
                    <Coords points="1799,3011 1816,3011 1816,3040 1799,3040"/>
                    <TextEquiv>
                        <Unicode>à</Unicode>
                    </TextEquiv>
                    <TextStyle fontFamily="Times New Roman" fontSize="7.0"/>
                </Word>
                <Word id="w_w2aab1b9b2c19b5ad111" language="English" custom="readingOrder {index:10;}">
                    <Coords points="1844,3012 1961,3012 1961,3040 1844,3040"/>
                    <TextEquiv>
                        <Unicode>danser</Unicode>
                    </TextEquiv>
                    <TextStyle fontFamily="Times New Roman" fontSize="7.0"/>
                </Word>
                <Word id="w_w2aab1b9b2c19b5ad125" language="English" custom="readingOrder {index:11;}">
                    <Coords points="1987,3012 2004,3012 2004,3041 1987,3041"/>
                    <TextEquiv>
                        <Unicode>à</Unicode>
                    </TextEquiv>
                    <TextStyle fontFamily="Times New Roman" fontSize="7.0"/>
                </Word>
                <TextEquiv>
                    <Unicode>sa nourriture, en considération de ce qu’il a montré à danser à</Unicode>
                </TextEquiv>
                <TextStyle fontFamily="Times New Roman" fontSize="7.0"/>
            </TextLine>
            <TextLine id="tl_40" primaryLanguage="English" custom="readingOrder {index:3;}">
                <Coords points="767,3051 2004,3051 2004,3091 767,3091"/>
                <Baseline points="767,3082 826,3081 919,3081 1043,3081 1203,3081 1256,3081 1423,3081 1487,3082 1622,3091 1743,3083 1795,3083 2004,3083"/>
                <Word id="w_w2aab1b9b2c19b7ab1" language="English" custom="readingOrder {index:0;}">
                    <Coords points="767,3061 826,3061 826,3082 767,3082"/>
                    <TextEquiv>
                        <Unicode>nos</Unicode>
                    </TextEquiv>
                    <TextStyle fontFamily="Times New Roman" fontSize="7.0"/>
                </Word>
                <Word id="w_w2aab1b9b2c19b7ab9" language="English" custom="readingOrder {index:1;}">
                    <Coords points="853,3051 919,3051 919,3081 853,3081"/>
                    <TextEquiv>
                        <Unicode>dits</Unicode>
                    </TextEquiv>
                    <TextStyle fontFamily="Times New Roman" fontSize="7.0"/>
                </Word>
                <Word id="w_w2aab1b9b2c19b7ac19" language="English" custom="readingOrder {index:2;}">
                    <Coords points="946,3060 1043,3060 1043,3090 946,3090"/>
                    <TextEquiv>
                        <Unicode>pages</Unicode>
                    </TextEquiv>
                    <TextStyle fontFamily="Times New Roman" fontSize="7.0"/>
                </Word>
                <Word id="w_w2aab1b9b2c19b7ac31" language="English" custom="readingOrder {index:3;}">
                    <Coords points="1064,3053 1203,3053 1203,3089 1064,3089"/>
                    <TextEquiv>
                        <Unicode>pendant</Unicode>
                    </TextEquiv>
                    <TextStyle fontFamily="Times New Roman" fontSize="7.0"/>
                </Word>
                <Word id="w_w2aab1b9b2c19b7ac47" language="English" custom="readingOrder {index:4;}">
                    <Coords points="1229,3053 1256,3053 1256,3081 1229,3081"/>
                    <TextEquiv>
                        <Unicode>le</Unicode>
                    </TextEquiv>
                    <TextStyle fontFamily="Times New Roman" fontSize="7.0"/>
                </Word>
                <Word id="w_w2aab1b9b2c19b7ac53" language="English" custom="readingOrder {index:5;}">
                    <Coords points="1279,3052 1423,3052 1423,3089 1279,3089"/>
                    <TextEquiv>
                        <Unicode>quartier</Unicode>
                    </TextEquiv>
                    <TextStyle fontFamily="Times New Roman" fontSize="7.0"/>
                </Word>
                <Word id="w_w2aab1b9b2c19b7ac71" language="English" custom="readingOrder {index:6;}">
                    <Coords points="1450,3054 1487,3054 1487,3082 1450,3082"/>
                    <TextEquiv>
                        <Unicode>de</Unicode>
                    </TextEquiv>
                    <TextStyle fontFamily="Times New Roman" fontSize="7.0"/>
                </Word>
                <Word id="w_w2aab1b9b2c19b7ac77" language="English" custom="readingOrder {index:7;}">
                    <Coords points="1507,3053 1622,3053 1622,3091 1507,3091"/>
                    <TextEquiv>
                        <Unicode>juillet,</Unicode>
                    </TextEquiv>
                    <TextStyle fontFamily="Times New Roman" fontSize="7.0"/>
                </Word>
                <Word id="w_w2aab1b9b2c19b7ac95" language="English" custom="readingOrder {index:8;}">
                    <Coords points="1649,3059 1743,3059 1743,3083 1649,3083"/>
                    <TextEquiv>
                        <Unicode>aoust</Unicode>
                    </TextEquiv>
                    <TextStyle fontFamily="Times New Roman" fontSize="7.0"/>
                </Word>
                <Word id="w_w2aab1b9b2c19b7ad107" language="English" custom="readingOrder {index:9;}">
                    <Coords points="1764,3060 1795,3060 1795,3083 1764,3083"/>
                    <TextEquiv>
                        <Unicode>et</Unicode>
                    </TextEquiv>
                    <TextStyle fontFamily="Times New Roman" fontSize="7.0"/>
                </Word>
                <Word id="w_w2aab1b9b2c19b7ad113" language="English" custom="readingOrder {index:10;}">
                    <Coords points="1823,3055 2004,3055 2004,3091 1823,3091"/>
                    <TextEquiv>
                        <Unicode>septembre</Unicode>
                    </TextEquiv>
                    <TextStyle fontFamily="Times New Roman" fontSize="7.0"/>
                </Word>
                <TextEquiv>
                    <Unicode>nos dits pages pendant le quartier de juillet, aoust et septembre</Unicode>
                </TextEquiv>
                <TextStyle fontFamily="Times New Roman" fontSize="7.0"/>
            </TextLine>
            <TextLine id="tl_41" primaryLanguage="English" custom="readingOrder {index:4;}">
                <Coords points="766,3095 2003,3095 2003,3134 766,3134"/>
                <Baseline points="766,3125 906,3123 937,3122 993,3116 1102,3124 1210,3124 1322,3124 1370,3125 1551,3126 1613,3126 1803,3126 1859,3126 1904,3127 2003,3126"/>
                <Word id="w_w2aab1b9b2c19b9ab1" language="English" custom="readingOrder {index:0;}">
                    <Coords points="766,3096 906,3096 906,3125 766,3125"/>
                    <TextEquiv>
                        <Unicode>dernier.</Unicode>
                    </TextEquiv>
                    <TextStyle fontFamily="Times New Roman" fontSize="7.0"/>
                </Word>
                <Word id="w_w2aab1b9b2c19b9ac19" language="English" custom="readingOrder {index:1;}">
                    <Coords points="924,3106 937,3106 937,3122 924,3122"/>
                    <TextEquiv>
                        <Unicode>»</Unicode>
                    </TextEquiv>
                    <TextStyle fontFamily="Times New Roman" fontSize="7.0"/>
                </Word>
                <Word id="w_w2aab1b9b2c19b9ac23" language="English" custom="readingOrder {index:2;}">
                    <Coords points="957,3111 993,3111 993,3116 957,3116"/>
                    <TextEquiv>
                        <Unicode>—</Unicode>
                    </TextEquiv>
                    <TextStyle fontFamily="Times New Roman" fontSize="7.0"/>
                </Word>
                <Word id="w_w2aab1b9b2c19b9ac27" language="English" custom="readingOrder {index:3;}">
                    <Coords points="1009,3095 1102,3095 1102,3125 1009,3125"/>
                    <TextEquiv>
                        <Unicode>Cette</Unicode>
                    </TextEquiv>
                    <TextStyle fontFamily="Times New Roman" fontSize="7.0"/>
                </Word>
                <Word id="w_w2aab1b9b2c19b9ac39" language="English" custom="readingOrder {index:4;}">
                    <Coords points="1123,3095 1210,3095 1210,3132 1123,3132"/>
                    <TextEquiv>
                        <Unicode>pièce</Unicode>
                    </TextEquiv>
                    <TextStyle fontFamily="Times New Roman" fontSize="7.0"/>
                </Word>
                <Word id="w_w2aab1b9b2c19b9ac51" language="English" custom="readingOrder {index:5;}">
                    <Coords points="1229,3101 1322,3101 1322,3133 1229,3133"/>
                    <TextEquiv>
                        <Unicode>porte</Unicode>
                    </TextEquiv>
                    <TextStyle fontFamily="Times New Roman" fontSize="7.0"/>
                </Word>
                <Word id="w_w2aab1b9b2c19b9ac63" language="English" custom="readingOrder {index:6;}">
                    <Coords points="1339,3097 1370,3097 1370,3125 1339,3125"/>
                    <TextEquiv>
                        <Unicode>la</Unicode>
                    </TextEquiv>
                    <TextStyle fontFamily="Times New Roman" fontSize="7.0"/>
                </Word>
                <Word id="w_w2aab1b9b2c19b9ac69" language="English" custom="readingOrder {index:7;}">
                    <Coords points="1386,3096 1551,3096 1551,3134 1386,3134"/>
                    <TextEquiv>
                        <Unicode>signature</Unicode>
                    </TextEquiv>
                    <TextStyle fontFamily="Times New Roman" fontSize="7.0"/>
                </Word>
                <Word id="w_w2aab1b9b2c19b9ac89" language="English" custom="readingOrder {index:8;}">
                    <Coords points="1571,3098 1613,3098 1613,3126 1571,3126"/>
                    <TextEquiv>
                        <Unicode>du</Unicode>
                    </TextEquiv>
                    <TextStyle fontFamily="Times New Roman" fontSize="7.0"/>
                </Word>
                <Word id="w_w2aab1b9b2c19b9ac95" language="English" custom="readingOrder {index:9;}">
                    <Coords points="1631,3097 1803,3097 1803,3127 1631,3127"/>
                    <TextEquiv>
                        <Unicode>secrétaire</Unicode>
                    </TextEquiv>
                    <TextStyle fontFamily="Times New Roman" fontSize="7.0"/>
                </Word>
                <Word id="w_w2aab1b9b2c19b9ad117" language="English" custom="readingOrder {index:10;}">
                    <Coords points="1823,3097 1859,3097 1859,3126 1823,3126"/>
                    <TextEquiv>
                        <Unicode>de</Unicode>
                    </TextEquiv>
                    <TextStyle fontFamily="Times New Roman" fontSize="7.0"/>
                </Word>
                <Word id="w_w2aab1b9b2c19b9ad123" language="English" custom="readingOrder {index:11;}">
                    <Coords points="1875,3099 1904,3099 1904,3127 1875,3127"/>
                    <TextEquiv>
                        <Unicode>la</Unicode>
                    </TextEquiv>
                    <TextStyle fontFamily="Times New Roman" fontSize="7.0"/>
                </Word>
                <Word id="w_w2aab1b9b2c19b9ad129" language="English" custom="readingOrder {index:12;}">
                    <Coords points="1919,3098 2003,3098 2003,3127 1919,3127"/>
                    <TextEquiv>
                        <Unicode>main</Unicode>
                    </TextEquiv>
                    <TextStyle fontFamily="Times New Roman" fontSize="7.0"/>
                </Word>
                <TextEquiv>
                    <Unicode>dernier. » — Cette pièce porte la signature du secrétaire de la main</Unicode>
                </TextEquiv>
                <TextStyle fontFamily="Times New Roman" fontSize="7.0"/>
            </TextLine>
            <TextLine id="tl_42" primaryLanguage="English" custom="readingOrder {index:5;}">
                <Coords points="770,3138 1494,3138 1494,3176 770,3176"/>
                <Baseline points="770,3168 798,3168 851,3168 1036,3167 1258,3167 1313,3167 1363,3168 1494,3171"/>
                <Word id="w_w2aab1b9b2c19c11ab1" language="English" custom="readingOrder {index:0;}">
                    <Coords points="770,3147 798,3147 798,3168 770,3168"/>
                    <TextEquiv>
                        <Unicode>et</Unicode>
                    </TextEquiv>
                    <TextStyle fontFamily="Times New Roman" fontSize="7.0"/>
                </Word>
                <Word id="w_w2aab1b9b2c19c11ab7" language="English" custom="readingOrder {index:1;}">
                    <Coords points="821,3140 851,3140 851,3168 821,3168"/>
                    <TextEquiv>
                        <Unicode>la</Unicode>
                    </TextEquiv>
                    <TextStyle fontFamily="Times New Roman" fontSize="7.0"/>
                </Word>
                <Word id="w_w2aab1b9b2c19c11ac13" language="English" custom="readingOrder {index:2;}">
                    <Coords points="872,3138 1036,3138 1036,3176 872,3176"/>
                    <TextEquiv>
                        <Unicode>signature</Unicode>
                    </TextEquiv>
                    <TextStyle fontFamily="Times New Roman" fontSize="7.0"/>
                </Word>
                <Word id="w_w2aab1b9b2c19c11ac33" language="English" custom="readingOrder {index:3;}">
                    <Coords points="1054,3139 1258,3139 1258,3176 1054,3176"/>
                    <TextEquiv>
                        <Unicode>autographe</Unicode>
                    </TextEquiv>
                    <TextStyle fontFamily="Times New Roman" fontSize="7.0"/>
                </Word>
                <Word id="w_w2aab1b9b2c19c11ac55" language="English" custom="readingOrder {index:4;}">
                    <Coords points="1276,3138 1313,3138 1313,3167 1276,3167"/>
                    <TextEquiv>
                        <Unicode>de</Unicode>
                    </TextEquiv>
                    <TextStyle fontFamily="Times New Roman" fontSize="7.0"/>
                </Word>
                <Word id="w_w2aab1b9b2c19c11ac61" language="English" custom="readingOrder {index:5;}">
                    <Coords points="1334,3140 1363,3140 1363,3168 1334,3168"/>
                    <TextEquiv>
                        <Unicode>la</Unicode>
                    </TextEquiv>
                    <TextStyle fontFamily="Times New Roman" fontSize="7.0"/>
                </Word>
                <Word id="w_w2aab1b9b2c19c11ac67" language="English" custom="readingOrder {index:6;}">
                    <Coords points="1383,3139 1494,3139 1494,3171 1383,3171"/>
                    <TextEquiv>
                        <Unicode>Reine.</Unicode>
                    </TextEquiv>
                    <TextStyle fontFamily="Times New Roman" fontSize="7.0"/>
                </Word>
                <TextEquiv>
                    <Unicode>et la signature autographe de la Reine.</Unicode>
                </TextEquiv>
                <TextStyle fontFamily="Times New Roman" fontSize="7.0"/>
            </TextLine>
            <TextEquiv>
                <Unicode>Ordre de payer à Jacques Briant, maître à danser de ses pages,
la somme de cent trente-six livres dix-sept sous six deniers « pour
sa nourriture, en considération de ce qu’il a montré à danser à
nos dits pages pendant le quartier de juillet, aoust et septembre
dernier. » — Cette pièce porte la signature du secrétaire de la main
et la signature autographe de la Reine.</Unicode>
            </TextEquiv>
        </TextRegion>
        <TextRegion type="paragraph" id="r_5_11" custom="readingOrder {index:14;}">
            <Coords points="768,3247 3012,3247 3012,3380 768,3380"/>
            <TextLine id="tl_43" primaryLanguage="English" custom="readingOrder {index:0;}">
                <Coords points="769,3248 3011,3248 3011,3310 769,3310"/>
                <Baseline points="769,3290 793,3290 848,3294 936,3294 1174,3297 1356,3295 1796,3295 1847,3295 1941,3295 2268,3296 2360,3296 2710,3309 2847,3309 2924,3296 3011,3296"/>
                <Word id="w_w2aab1b9b2c21b1ab1" language="English" custom="readingOrder {index:0;}">
                    <Coords points="769,3262 800,3262 800,3294 769,3294"/>
                    <TextEquiv>
                        <Unicode>4-</Unicode>
                    </TextEquiv>
                    <TextStyle fontFamily="Times New Roman" fontSize="9.0" bold="true"/>
                </Word>
                <Word id="w_w2aab1b9b2c21b1b1b1" language="English" custom="readingOrder {index:1;}">
                    <Coords points="824,3251 880,3251 880,3295 824,3295"/>
                    <TextEquiv>
                        <Unicode>25</Unicode>
                    </TextEquiv>
                    <TextStyle fontFamily="Times New Roman" fontSize="9.5" bold="true"/>
                </Word>
                <Word id="w_w2aab1b9b2c21b1b2b3" language="English" custom="readingOrder {index:2;}">
                    <Coords points="910,3251 936,3251 936,3296 910,3296"/>
                    <TextEquiv>
                        <Unicode>4</Unicode>
                    </TextEquiv>
                    <TextStyle fontFamily="Times New Roman" fontSize="9.0" bold="true"/>
                </Word>
                <Word id="w_w2aab1b9b2c21b1b3b1" language="English" custom="readingOrder {index:3;}">
                    <Coords points="975,3248 1174,3248 1174,3297 975,3297"/>
                    <TextEquiv>
                        <Unicode>LOUIS</Unicode>
                    </TextEquiv>
                    <TextStyle fontFamily="Times New Roman" fontSize="11.0"/>
                </Word>
                <Word id="w_w2aab1b9b2c21b1b3c13" language="English" custom="readingOrder {index:4;}">
                    <Coords points="1217,3250 1356,3250 1356,3295 1217,3295"/>
                    <TextEquiv>
                        <Unicode>XVII</Unicode>
                    </TextEquiv>
                    <TextStyle fontFamily="Times New Roman" fontSize="11.0"/>
                </Word>
                <Word id="w_w2aab1b9b2c21b1b3c23" language="English" custom="readingOrder {index:5;}">
                    <Coords points="1402,3251 1796,3251 1796,3309 1402,3309"/>
                    <TextEquiv>
                        <Unicode>(Louis-Charles</Unicode>
                    </TextEquiv>
                    <TextStyle fontFamily="Times New Roman" fontSize="11.0"/>
                </Word>
                <Word id="w_w2aab1b9b2c21b1b3c53" language="English" custom="readingOrder {index:6;}">
                    <Coords points="1819,3252 1875,3252 1875,3296 1819,3296"/>
                    <TextEquiv>
                        <Unicode>de</Unicode>
                    </TextEquiv>
                    <TextStyle fontFamily="Times New Roman" fontSize="11.0"/>
                </Word>
                <Word id="w_w2aab1b9b2c21b1b4b1" language="English" custom="readingOrder {index:7;}">
                    <Coords points="1906,3253 2146,3253 2146,3309 1906,3309"/>
                    <TextEquiv>
                        <Unicode>Bourbon,</Unicode>
                    </TextEquiv>
                    <TextStyle fontFamily="Times New Roman" fontSize="9.0" bold="true"/>
                </Word>
                <Word id="w_w2aab1b9b2c21b1b5b1" language="English" custom="readingOrder {index:8;}">
                    <Coords points="2176,3253 2268,3253 2268,3296 2176,3296"/>
                    <TextEquiv>
                        <Unicode>duc</Unicode>
                    </TextEquiv>
                    <TextStyle fontFamily="Times New Roman" fontSize="11.0"/>
                </Word>
                <Word id="w_w2aab1b9b2c21b1b5b9" language="English" custom="readingOrder {index:9;}">
                    <Coords points="2304,3253 2360,3253 2360,3296 2304,3296"/>
                    <TextEquiv>
                        <Unicode>de</Unicode>
                    </TextEquiv>
                    <TextStyle fontFamily="Times New Roman" fontSize="11.0"/>
                </Word>
                <Word id="w_w2aab1b9b2c21b1b5c15" language="English" custom="readingOrder {index:10;}">
                    <Coords points="2399,3250 2710,3250 2710,3309 2399,3309"/>
                    <TextEquiv>
                        <Unicode>Normandie,</Unicode>
                    </TextEquiv>
                    <TextStyle fontFamily="Times New Roman" fontSize="11.0"/>
                </Word>
                <Word id="w_w2aab1b9b2c21b1b5c37" language="English" custom="readingOrder {index:11;}">
                    <Coords points="2746,3252 2847,3252 2847,3310 2746,3310"/>
                    <TextEquiv>
                        <Unicode>dit),</Unicode>
                    </TextEquiv>
                    <TextStyle fontFamily="Times New Roman" fontSize="11.0"/>
                </Word>
                <Word id="w_w2aab1b9b2c21b1b5c49" language="English" custom="readingOrder {index:12;}">
                    <Coords points="2897,3256 2943,3256 2943,3296 2897,3296"/>
                    <TextEquiv>
                        <Unicode>n.</Unicode>
                    </TextEquiv>
                    <TextStyle fontFamily="Times New Roman" fontSize="11.0"/>
                </Word>
                <Word id="w_w2aab1b9b2c21b1b6b1" language="English" custom="readingOrder {index:13;}">
                    <Coords points="2987,3256 3011,3256 3011,3296 2987,3296"/>
                    <TextEquiv>
                        <Unicode>à</Unicode>
                    </TextEquiv>
                    <TextStyle fontFamily="Times New Roman" fontSize="9.0" bold="true"/>
                </Word>
                <TextEquiv>
                    <Unicode>★25★ LOUIS XVII (Louis-Charles de Bourbon, duc de Normandie, dit), n. à</Unicode>
                </TextEquiv>
            </TextLine>
            <TextLine id="tl_44" primaryLanguage="English" custom="readingOrder {index:1;}">
                <Coords points="769,3315 2948,3315 2948,3379 769,3379"/>
                <Baseline points="769,3354 1038,3374 1136,3378 1290,3362 1458,3374 1661,3361 1755,3361 1859,3361 2182,3375 2273,3362 2363,3362 2608,3373 2661,3362 2784,3364 2948,3361"/>
                <Word id="w_w2aab1b9b2c21b3ab1" language="English" custom="readingOrder {index:0;}">
                    <Coords points="769,3315 1038,3315 1038,3374 769,3374"/>
                    <TextEquiv>
                        <Unicode>Versailles,</Unicode>
                    </TextEquiv>
                    <TextStyle fontFamily="Times New Roman" fontSize="11.0"/>
                </Word>
                <Word id="w_w2aab1b9b2c21b3ac25" language="English" custom="readingOrder {index:1;}">
                    <Coords points="1080,3333 1136,3333 1136,3378 1080,3378"/>
                    <TextEquiv>
                        <Unicode>27</Unicode>
                    </TextEquiv>
                    <TextStyle fontFamily="Times New Roman" fontSize="11.0"/>
                </Word>
                <Word id="w_w2aab1b9b2c21b3ac31" language="English" custom="readingOrder {index:2;}">
                    <Coords points="1166,3333 1290,3333 1290,3362 1166,3362"/>
                    <TextEquiv>
                        <Unicode>mars</Unicode>
                    </TextEquiv>
                    <TextStyle fontFamily="Times New Roman" fontSize="11.0"/>
                </Word>
                <Word id="w_w2aab1b9b2c21b3ac41" language="English" custom="readingOrder {index:3;}">
                    <Coords points="1323,3317 1458,3317 1458,3379 1323,3379"/>
                    <TextEquiv>
                        <Unicode>1785,</Unicode>
                    </TextEquiv>
                    <TextStyle fontFamily="Times New Roman" fontSize="11.0"/>
                </Word>
                <Word id="w_w2aab1b9b2c21b3ac53" language="English" custom="readingOrder {index:4;}">
                    <Coords points="1490,3318 1661,3318 1661,3362 1490,3362"/>
                    <TextEquiv>
                        <Unicode>second</Unicode>
                    </TextEquiv>
                    <TextStyle fontFamily="Times New Roman" fontSize="11.0"/>
                </Word>
                <Word id="w_w2aab1b9b2c21b3ac67" language="English" custom="readingOrder {index:5;}">
                    <Coords points="1684,3317 1755,3317 1755,3362 1684,3362"/>
                    <TextEquiv>
                        <Unicode>fils</Unicode>
                    </TextEquiv>
                    <TextStyle fontFamily="Times New Roman" fontSize="11.0"/>
                </Word>
                <Word id="w_w2aab1b9b2c21b3ac77" language="English" custom="readingOrder {index:6;}">
                    <Coords points="1776,3317 1859,3317 1859,3362 1776,3362"/>
                    <TextEquiv>
                        <Unicode>des</Unicode>
                    </TextEquiv>
                    <TextStyle fontFamily="Times New Roman" fontSize="11.0"/>
                </Word>
                <Word id="w_w2aab1b9b2c21b3ac85" language="English" custom="readingOrder {index:7;}">
                    <Coords points="1882,3319 2182,3319 2182,3377 1882,3377"/>
                    <TextEquiv>
                        <Unicode>précédents,</Unicode>
                    </TextEquiv>
                    <TextStyle fontFamily="Times New Roman" fontSize="11.0"/>
                </Word>
                <Word id="w_w2aab1b9b2c21b3ad109" language="English" custom="readingOrder {index:8;}">
                    <Coords points="2210,3334 2273,3334 2273,3363 2210,3363"/>
                    <TextEquiv>
                        <Unicode>m.</Unicode>
                    </TextEquiv>
                    <TextStyle fontFamily="Times New Roman" fontSize="11.0"/>
                </Word>
                <Word id="w_w2aab1b9b2c21b3ad115" language="English" custom="readingOrder {index:9;}">
                    <Coords points="2303,3334 2363,3334 2363,3363 2303,3363"/>
                    <TextEquiv>
                        <Unicode>au</Unicode>
                    </TextEquiv>
                    <TextStyle fontFamily="Times New Roman" fontSize="11.0"/>
                </Word>
                <Word id="w_w2aab1b9b2c21b3ad121" language="English" custom="readingOrder {index:10;}">
                    <Coords points="2388,3317 2608,3317 2608,3375 2388,3375"/>
                    <TextEquiv>
                        <Unicode>Temple,</Unicode>
                    </TextEquiv>
                    <TextStyle fontFamily="Times New Roman" fontSize="11.0"/>
                </Word>
                <Word id="w_w2aab1b9b2c21b3ad137" language="English" custom="readingOrder {index:11;}">
                    <Coords points="2638,3319 2661,3319 2661,3362 2638,3362"/>
                    <TextEquiv>
                        <Unicode>5</Unicode>
                    </TextEquiv>
                    <TextStyle fontFamily="Times New Roman" fontSize="11.0"/>
                </Word>
                <Word id="w_w2aab1b9b2c21b3ad141" language="English" custom="readingOrder {index:12;}">
                    <Coords points="2682,3318 2784,3318 2784,3376 2682,3376"/>
                    <TextEquiv>
                        <Unicode>juin</Unicode>
                    </TextEquiv>
                    <TextStyle fontFamily="Times New Roman" fontSize="11.0"/>
                </Word>
                <Word id="w_w2aab1b9b2c21b3ad151" language="English" custom="readingOrder {index:13;}">
                    <Coords points="2815,3320 2948,3320 2948,3379 2815,3379"/>
                    <TextEquiv>
                        <Unicode>1795.</Unicode>
                    </TextEquiv>
                    <TextStyle fontFamily="Times New Roman" fontSize="11.0"/>
                </Word>
                <TextEquiv>
                    <Unicode>Versailles, 27 mars 1785, second fils des précédents, m. au Temple, 5 juin 1795.</Unicode>
                </TextEquiv>
                <TextStyle fontFamily="Times New Roman" fontSize="11.0"/>
            </TextLine>
            <TextEquiv>
                <Unicode>★25★ LOUIS XVII (Louis-Charles de Bourbon, duc de Normandie, dit), n. à
Versailles, 27 mars 1785, second fils des précédents, m. au Temple, 5 juin 1795.</Unicode>
            </TextEquiv>
        </TextRegion>
        <TextRegion type="paragraph" id="r_5_12" custom="readingOrder {index:15;}">
            <Coords points="808,3402 2980,3402 2980,3525 808,3525"/>
            <TextLine id="tl_45" primaryLanguage="English" custom="readingOrder {index:0;}">
                <Coords points="822,3403 2979,3403 2979,3458 822,3458"/>
                <Baseline points="822,3436 969,3441 1209,3444 1489,3445 1627,3444 1676,3442 1733,3444 1892,3445 2107,3458 2156,3446 2229,3446 2264,3446 2514,3444 2715,3445 2914,3433 2979,3442"/>
                <Word id="w_w2aab1b9b2c23b1ab1" language="English" custom="readingOrder {index:0;}">
                    <Coords points="822,3403 969,3403 969,3441 822,3441"/>
                    <TextEquiv>
                        <Unicode>Devoir</Unicode>
                    </TextEquiv>
                    <TextStyle fontFamily="Times New Roman" fontSize="9.0"/>
                </Word>
                <Word id="w_w2aab1b9b2c23b1ac15" language="English" custom="readingOrder {index:1;}">
                    <Coords points="998,3406 1209,3406 1209,3444 998,3444"/>
                    <TextEquiv>
                        <Unicode>d’écriture</Unicode>
                    </TextEquiv>
                    <TextStyle fontFamily="Times New Roman" fontSize="9.0"/>
                </Word>
                <Word id="w_w2aab1b9b2c23b1ac37" language="English" custom="readingOrder {index:2;}">
                    <Coords points="1242,3408 1489,3408 1489,3457 1242,3457"/>
                    <TextEquiv>
                        <Unicode>autographe</Unicode>
                    </TextEquiv>
                    <TextStyle fontFamily="Times New Roman" fontSize="9.0"/>
                </Word>
                <Word id="w_w2aab1b9b2c23b1ac59" language="English" custom="readingOrder {index:3;}">
                    <Coords points="1516,3408 1627,3408 1627,3457 1516,3457"/>
                    <TextEquiv>
                        <Unicode>signé</Unicode>
                    </TextEquiv>
                    <TextStyle fontFamily="Times New Roman" fontSize="9.0"/>
                </Word>
                <Word id="w_w2aab1b9b2c23b1ac71" language="English" custom="readingOrder {index:4;}">
                    <Coords points="1661,3423 1676,3423 1676,3442 1661,3442"/>
                    <TextEquiv>
                        <Unicode>«</Unicode>
                    </TextEquiv>
                    <TextStyle fontFamily="Times New Roman" fontSize="9.0"/>
                </Word>
                <Word id="w_w2aab1b9b2c23b1ac75" language="English" custom="readingOrder {index:5;}">
                    <Coords points="1703,3409 1827,3409 1827,3445 1703,3445"/>
                    <TextEquiv>
                        <Unicode>Louis</Unicode>
                    </TextEquiv>
                    <TextStyle fontFamily="Times New Roman" fontSize="9.0"/>
                </Word>
                <Word id="w_w2aab1b9b2c23b1b1b1" language="English" custom="readingOrder {index:6;}">
                    <Coords points="1859,3410 2047,3410 2047,3446 1859,3446"/>
                    <TextEquiv>
                        <Unicode>Dauphin</Unicode>
                    </TextEquiv>
                    <TextStyle fontFamily="Times New Roman" fontSize="7.5"/>
                </Word>
                <Word id="w_w2aab1b9b2c23b1b2b1" language="English" custom="readingOrder {index:7;}">
                    <Coords points="2074,3423 2107,3423 2107,3458 2074,3458"/>
                    <TextEquiv>
                        <Unicode>»,</Unicode>
                    </TextEquiv>
                    <TextStyle fontFamily="Times New Roman" fontSize="9.0"/>
                </Word>
                <Word id="w_w2aab1b9b2c23b1b2b7" language="English" custom="readingOrder {index:8;}">
                    <Coords points="2146,3423 2156,3423 2156,3446 2146,3446"/>
                    <TextEquiv>
                        <Unicode>1</Unicode>
                    </TextEquiv>
                    <TextStyle fontFamily="Times New Roman" fontSize="9.0"/>
                </Word>
                <Word id="w_w2aab1b9b2c23b1b2c11" language="English" custom="readingOrder {index:9;}">
                    <Coords points="2192,3422 2229,3422 2229,3458 2192,3458"/>
                    <TextEquiv>
                        <Unicode>p.</Unicode>
                    </TextEquiv>
                    <TextStyle fontFamily="Times New Roman" fontSize="9.0"/>
                </Word>
                <Word id="w_w2aab1b9b2c23b1b2c17" language="English" custom="readingOrder {index:10;}">
                    <Coords points="2253,3407 2357,3407 2357,3457 2253,3457"/>
                    <TextEquiv>
                        <Unicode>in-4.</Unicode>
                    </TextEquiv>
                    <TextStyle fontFamily="Times New Roman" fontSize="9.0"/>
                </Word>
                <Word id="w_w2aab1b9b2c23b1b3b1" language="English" custom="readingOrder {index:11;}">
                    <Coords points="2392,3407 2514,3407 2514,3457 2392,3457"/>
                    <TextEquiv>
                        <Unicode>(Coll.</Unicode>
                    </TextEquiv>
                    <TextStyle fontFamily="Times New Roman" fontSize="9.0" italic="true"/>
                </Word>
                <Word id="w_w2aab1b9b2c23b1b3c15" language="English" custom="readingOrder {index:12;}">
                    <Coords points="2544,3408 2839,3408 2839,3458 2544,3458"/>
                    <TextEquiv>
                        <Unicode>Dubrunfaut.)</Unicode>
                    </TextEquiv>
                    <TextStyle fontFamily="Times New Roman" fontSize="9.0" italic="true"/>
                </Word>
                <Word id="w_w2aab1b9b2c23b1b4b3" language="English" custom="readingOrder {index:13;}">
                    <Coords points="2866,3428 2914,3428 2914,3433 2866,3433"/>
                    <TextEquiv>
                        <Unicode>—</Unicode>
                    </TextEquiv>
                    <TextStyle fontFamily="Times New Roman" fontSize="9.0"/>
                </Word>
                <Word id="w_w2aab1b9b2c23b1b4b7" language="English" custom="readingOrder {index:14;}">
                    <Coords points="2938,3407 2979,3407 2979,3442 2938,3442"/>
                    <TextEquiv>
                        <Unicode>P.</Unicode>
                    </TextEquiv>
                    <TextStyle fontFamily="Times New Roman" fontSize="9.0"/>
                </Word>
                <TextEquiv>
                    <Unicode>Devoir d’écriture autographe signé « Louis Dauphin », 1 p. in-4. (Coll. Dubrunfaut.) — P.</Unicode>
                </TextEquiv>
            </TextLine>
            <TextLine id="tl_46" primaryLanguage="English" custom="readingOrder {index:1;}">
                <Coords points="809,3477 2600,3477 2600,3524 809,3524"/>
                <Baseline points="809,3504 961,3507 1171,3511 1368,3514 1426,3514 1488,3514 1652,3514 1856,3523 1930,3515 1999,3516 2048,3515 2180,3516 2369,3515 2427,3515 2600,3515"/>
                <Word id="w_w2aab1b9b2c23b3ab1" language="English" custom="readingOrder {index:0;}">
                    <Coords points="809,3477 961,3477 961,3507 809,3507"/>
                    <TextEquiv>
                        <Unicode>Précieux</Unicode>
                    </TextEquiv>
                    <TextStyle fontFamily="Times New Roman" fontSize="7.0"/>
                </Word>
                <Word id="w_w2aab1b9b2c23b3ac19" language="English" custom="readingOrder {index:1;}">
                    <Coords points="977,3484 1171,3484 1171,3518 977,3518"/>
                    <TextEquiv>
                        <Unicode>autographe</Unicode>
                    </TextEquiv>
                    <TextStyle fontFamily="Times New Roman" fontSize="7.0"/>
                </Word>
                <Word id="w_w2aab1b9b2c23b3ac41" language="English" custom="readingOrder {index:2;}">
                    <Coords points="1192,3491 1368,3491 1368,3520 1192,3520"/>
                    <TextEquiv>
                        <Unicode>provenant</Unicode>
                    </TextEquiv>
                    <TextStyle fontFamily="Times New Roman" fontSize="7.0"/>
                </Word>
                <Word id="w_w2aab1b9b2c23b3ac61" language="English" custom="readingOrder {index:3;}">
                    <Coords points="1388,3487 1426,3487 1426,3514 1388,3514"/>
                    <TextEquiv>
                        <Unicode>de</Unicode>
                    </TextEquiv>
                    <TextStyle fontFamily="Times New Roman" fontSize="7.0"/>
                </Word>
                <Word id="w_w2aab1b9b2c23b3ac67" language="English" custom="readingOrder {index:4;}">
                    <Coords points="1444,3486 1488,3486 1488,3514 1444,3514"/>
                    <TextEquiv>
                        <Unicode>M.</Unicode>
                    </TextEquiv>
                    <TextStyle fontFamily="Times New Roman" fontSize="7.0"/>
                </Word>
                <Word id="w_w2aab1b9b2c23b3ac73" language="English" custom="readingOrder {index:5;}">
                    <Coords points="1509,3486 1652,3486 1652,3515 1509,3515"/>
                    <TextEquiv>
                        <Unicode>Jourdan</Unicode>
                    </TextEquiv>
                    <TextStyle fontFamily="Times New Roman" fontSize="7.0"/>
                </Word>
                <Word id="w_w2aab1b9b2c23b3ac89" language="English" custom="readingOrder {index:6;}">
                    <Coords points="1674,3485 1856,3485 1856,3523 1674,3523"/>
                    <TextEquiv>
                        <Unicode>Dumesnil,</Unicode>
                    </TextEquiv>
                    <TextStyle fontFamily="Times New Roman" fontSize="7.0"/>
                </Word>
                <Word id="w_w2aab1b9b2c23b3ad109" language="English" custom="readingOrder {index:7;}">
                    <Coords points="1875,3486 1930,3486 1930,3524 1875,3524"/>
                    <TextEquiv>
                        <Unicode>qui</Unicode>
                    </TextEquiv>
                    <TextStyle fontFamily="Times New Roman" fontSize="7.0"/>
                </Word>
                <Word id="w_w2aab1b9b2c23b3ad117" language="English" custom="readingOrder {index:8;}">
                    <Coords points="1952,3486 1999,3486 1999,3516 1952,3516"/>
                    <TextEquiv>
                        <Unicode>fut</Unicode>
                    </TextEquiv>
                    <TextStyle fontFamily="Times New Roman" fontSize="7.0"/>
                </Word>
                <Word id="w_w2aab1b9b2c23b3ad125" language="English" custom="readingOrder {index:9;}">
                    <Coords points="2019,3487 2048,3487 2048,3515 2019,3515"/>
                    <TextEquiv>
                        <Unicode>le</Unicode>
                    </TextEquiv>
                    <TextStyle fontFamily="Times New Roman" fontSize="7.0"/>
                </Word>
                <Word id="w_w2aab1b9b2c23b3ad131" language="English" custom="readingOrder {index:10;}">
                    <Coords points="2069,3488 2180,3488 2180,3517 2069,3517"/>
                    <TextEquiv>
                        <Unicode>maître</Unicode>
                    </TextEquiv>
                    <TextStyle fontFamily="Times New Roman" fontSize="7.0"/>
                </Word>
                <Word id="w_w2aab1b9b2c23b3ad145" language="English" custom="readingOrder {index:11;}">
                    <Coords points="2200,3487 2369,3487 2369,3517 2200,3517"/>
                    <TextEquiv>
                        <Unicode>d’écriture</Unicode>
                    </TextEquiv>
                    <TextStyle fontFamily="Times New Roman" fontSize="7.0"/>
                </Word>
                <Word id="w_w2aab1b9b2c23b3ad167" language="English" custom="readingOrder {index:12;}">
                    <Coords points="2384,3487 2427,3487 2427,3516 2384,3516"/>
                    <TextEquiv>
                        <Unicode>du</Unicode>
                    </TextEquiv>
                    <TextStyle fontFamily="Times New Roman" fontSize="7.0"/>
                </Word>
                <Word id="w_w2aab1b9b2c23b3ad173" language="English" custom="readingOrder {index:13;}">
                    <Coords points="2448,3486 2600,3486 2600,3524 2448,3524"/>
                    <TextEquiv>
                        <Unicode>dauphin.</Unicode>
                    </TextEquiv>
                    <TextStyle fontFamily="Times New Roman" fontSize="7.0"/>
                </Word>
                <TextEquiv>
                    <Unicode>Précieux autographe provenant de M. Jourdan Dumesnil, qui fut le maître d’écriture du dauphin.</Unicode>
                </TextEquiv>
                <TextStyle fontFamily="Times New Roman" fontSize="7.0"/>
            </TextLine>
            <TextEquiv>
                <Unicode>Devoir d’écriture autographe signé « Louis Dauphin », 1 p. in-4. (Coll. Dubrunfaut.) — P.
Précieux autographe provenant de M. Jourdan Dumesnil, qui fut le maître d’écriture du dauphin.</Unicode>
            </TextEquiv>
        </TextRegion>
        <TextRegion type="paragraph" id="r_5_13" custom="readingOrder {index:16;}">
            <Coords points="771,3580 2825,3580 2825,3661 771,3661"/>
            <TextLine id="tl_47" primaryLanguage="English" custom="readingOrder {index:0;}">
                <Coords points="772,3581 2824,3581 2824,3660 772,3660"/>
                <Baseline points="772,3628 799,3628 885,3631 936,3629 1230,3634 1343,3637 1582,3639 1741,3641 1892,3654 2106,3642 2252,3645 2335,3643 2422,3644 2639,3640 2824,3638"/>
                <Word id="w_w2aab1b9b2c25b1ab1" language="English" custom="readingOrder {index:0;}">
                    <Coords points="772,3602 799,3602 799,3630 772,3630"/>
                    <TextEquiv>
                        <Unicode>4</Unicode>
                    </TextEquiv>
                    <TextStyle fontFamily="Times New Roman" fontSize="6.5"/>
                </Word>
                <Word id="w_w2aab1b9b2c25b1b1b1" language="English" custom="readingOrder {index:1;}">
                    <Coords points="827,3588 885,3588 885,3631 827,3631"/>
                    <TextEquiv>
                        <Unicode>26</Unicode>
                    </TextEquiv>
                    <TextStyle fontFamily="Times New Roman" fontSize="11.0"/>
                </Word>
                <Word id="w_w2aab1b9b2c25b1b1b7" language="English" custom="readingOrder {index:2;}">
                    <Coords points="907,3601 936,3601 936,3629 907,3629"/>
                    <TextEquiv>
                        <Unicode>4</Unicode>
                    </TextEquiv>
                    <TextStyle fontFamily="Times New Roman" fontSize="11.0"/>
                </Word>
                <Word id="w_w2aab1b9b2c25b1b1c11" language="English" custom="readingOrder {index:3;}">
                    <Coords points="970,3581 1230,3581 1230,3634 970,3634"/>
                    <TextEquiv>
                        <Unicode>COMITÉ</Unicode>
                    </TextEquiv>
                    <TextStyle fontFamily="Times New Roman" fontSize="11.0"/>
                </Word>
                <Word id="w_w2aab1b9b2c25b1b1c25" language="English" custom="readingOrder {index:4;}">
                    <Coords points="1258,3594 1343,3594 1343,3637 1258,3637"/>
                    <TextEquiv>
                        <Unicode>DE</Unicode>
                    </TextEquiv>
                    <TextStyle fontFamily="Times New Roman" fontSize="11.0"/>
                </Word>
                <Word id="w_w2aab1b9b2c25b1b1c31" language="English" custom="readingOrder {index:5;}">
                    <Coords points="1363,3594 1582,3594 1582,3641 1363,3641"/>
                    <TextEquiv>
                        <Unicode>SALUT</Unicode>
                    </TextEquiv>
                    <TextStyle fontFamily="Times New Roman" fontSize="11.0"/>
                </Word>
                <Word id="w_w2aab1b9b2c25b1b1c43" language="English" custom="readingOrder {index:6;}">
                    <Coords points="1608,3598 1854,3598 1854,3654 1608,3654"/>
                    <TextEquiv>
                        <Unicode>PUBLIC</Unicode>
                    </TextEquiv>
                    <TextStyle fontFamily="Times New Roman" fontSize="11.0"/>
                </Word>
                <Word id="w_w2aab1b9b2c25b1b2b1" language="English" custom="readingOrder {index:7;}">
                    <Coords points="1877,3600 1952,3600 1952,3654 1877,3654"/>
                    <TextEquiv>
                        <Unicode>(25</Unicode>
                    </TextEquiv>
                    <TextStyle fontFamily="Times New Roman" fontSize="10.0" bold="true"/>
                </Word>
                <Word id="w_w2aab1b9b2c25b1b3b3" language="English" custom="readingOrder {index:8;}">
                    <Coords points="1978,3614 2106,3614 2106,3643 1978,3643"/>
                    <TextEquiv>
                        <Unicode>mars</Unicode>
                    </TextEquiv>
                    <TextStyle fontFamily="Times New Roman" fontSize="11.0"/>
                </Word>
                <Word id="w_w2aab1b9b2c25b1b3c13" language="English" custom="readingOrder {index:9;}">
                    <Coords points="2138,3600 2252,3600 2252,3660 2138,3660"/>
                    <TextEquiv>
                        <Unicode>1793</Unicode>
                    </TextEquiv>
                    <TextStyle fontFamily="Times New Roman" fontSize="11.0"/>
                </Word>
                <Word id="w_w2aab1b9b2c25b1b3c23" language="English" custom="readingOrder {index:10;}">
                    <Coords points="2278,3616 2335,3616 2335,3644 2278,3644"/>
                    <TextEquiv>
                        <Unicode>au</Unicode>
                    </TextEquiv>
                    <TextStyle fontFamily="Times New Roman" fontSize="11.0"/>
                </Word>
                <Word id="w_w2aab1b9b2c25b1b3c29" language="English" custom="readingOrder {index:11;}">
                    <Coords points="2364,3600 2422,3600 2422,3644 2364,3644"/>
                    <TextEquiv>
                        <Unicode>26</Unicode>
                    </TextEquiv>
                    <TextStyle fontFamily="Times New Roman" fontSize="11.0"/>
                </Word>
                <Word id="w_w2aab1b9b2c25b1b3c35" language="English" custom="readingOrder {index:12;}">
                    <Coords points="2449,3600 2639,3600 2639,3643 2449,3643"/>
                    <TextEquiv>
                        <Unicode>octobre</Unicode>
                    </TextEquiv>
                    <TextStyle fontFamily="Times New Roman" fontSize="11.0"/>
                </Word>
                <Word id="w_w2aab1b9b2c25b1b3c51" language="English" custom="readingOrder {index:13;}">
                    <Coords points="2675,3597 2824,3597 2824,3655 2675,3655"/>
                    <TextEquiv>
                        <Unicode>179b).</Unicode>
                    </TextEquiv>
                    <TextStyle fontFamily="Times New Roman" fontSize="11.0"/>
                </Word>
                <TextEquiv>
                    <Unicode>★26★ COMITÉ DE SALUT PUBLIC (25 mars 1793 au 26 octobre 1795).</Unicode>
                </TextEquiv>
            </TextLine>
            <TextEquiv>
                <Unicode>★26★ COMITÉ DE SALUT PUBLIC (25 mars 1793 au 26 octobre 1795).</Unicode>
            </TextEquiv>
        </TextRegion>
        <TextRegion type="paragraph" id="r_5_14" custom="readingOrder {index:17;}">
            <Coords points="771,3675 3009,3675 3009,3788 771,3788"/>
            <TextLine id="tl_48" primaryLanguage="English" custom="readingOrder {index:0;}">
                <Coords points="824,3676 3008,3676 3008,3735 824,3735"/>
                <Baseline points="824,3711 859,3693 927,3712 990,3713 1039,3725 1269,3714 1520,3727 1651,3719 1777,3720 1984,3730 2183,3733 2387,3722 2446,3721 2668,3720 2736,3720 2794,3719 3008,3735"/>
                <Word id="w_w2aab1b9b2c27b1ab1" language="English" custom="readingOrder {index:0;}">
                    <Coords points="824,3676 859,3676 859,3711 824,3711"/>
                    <TextEquiv>
                        <Unicode>i°</Unicode>
                    </TextEquiv>
                    <TextStyle fontFamily="Times New Roman" fontSize="9.0"/>
                </Word>
                <Word id="w_w2aab1b9b2c27b1ab7" language="English" custom="readingOrder {index:1;}">
                    <Coords points="885,3677 927,3677 927,3712 885,3712"/>
                    <TextEquiv>
                        <Unicode>P.</Unicode>
                    </TextEquiv>
                    <TextStyle fontFamily="Times New Roman" fontSize="9.0"/>
                </Word>
                <Word id="w_w2aab1b9b2c27b1ac13" language="English" custom="readingOrder {index:2;}">
                    <Coords points="950,3677 990,3677 990,3713 950,3713"/>
                    <TextEquiv>
                        <Unicode>S.</Unicode>
                    </TextEquiv>
                    <TextStyle fontFamily="Times New Roman" fontSize="9.0"/>
                </Word>
                <Word id="w_w2aab1b9b2c27b1ac19" language="English" custom="readingOrder {index:3;}">
                    <Coords points="1015,3678 1084,3678 1084,3725 1015,3725"/>
                    <TextEquiv>
                        <Unicode>par</Unicode>
                    </TextEquiv>
                    <TextStyle fontFamily="Times New Roman" fontSize="9.0"/>
                </Word>
                <Word id="w_w2aab1b9b2c27b1b1b1" language="English" custom="readingOrder {index:4;}">
                    <Coords points="1106,3678 1269,3678 1269,3715 1106,3715"/>
                    <TextEquiv>
                        <Unicode>Collot</Unicode>
                    </TextEquiv>
                    <TextStyle fontFamily="Times New Roman" fontSize="7.5"/>
                </Word>
                <Word id="w_w2aab1b9b2c27b1b1c15" language="English" custom="readingOrder {index:5;}">
                    <Coords points="1288,3681 1520,3681 1520,3727 1288,3727"/>
                    <TextEquiv>
                        <Unicode>d’Herbois,</Unicode>
                    </TextEquiv>
                    <TextStyle fontFamily="Times New Roman" fontSize="7.5"/>
                </Word>
                <Word id="w_w2aab1b9b2c27b1b1c37" language="English" custom="readingOrder {index:6;}">
                    <Coords points="1539,3684 1720,3684 1720,3728 1539,3728"/>
                    <TextEquiv>
                        <Unicode>Carnot,</Unicode>
                    </TextEquiv>
                    <TextStyle fontFamily="Times New Roman" fontSize="7.5"/>
                </Word>
                <Word id="w_w2aab1b9b2c27b1b2b1" language="English" custom="readingOrder {index:7;}">
                    <Coords points="1744,3685 1791,3685 1791,3720 1744,3720"/>
                    <TextEquiv>
                        <Unicode>R.</Unicode>
                    </TextEquiv>
                    <TextStyle fontFamily="Times New Roman" fontSize="9.0"/>
                </Word>
                <Word id="w_w2aab1b9b2c27b1b3b1" language="English" custom="readingOrder {index:8;}">
                    <Coords points="1818,3685 1984,3685 1984,3730 1818,3730"/>
                    <TextEquiv>
                        <Unicode>Lindet,</Unicode>
                    </TextEquiv>
                    <TextStyle fontFamily="Times New Roman" fontSize="7.5"/>
                </Word>
                <Word id="w_w2aab1b9b2c27b1b3c17" language="English" custom="readingOrder {index:9;}">
                    <Coords points="2004,3686 2183,3686 2183,3733 2004,3733"/>
                    <TextEquiv>
                        <Unicode>Barère,</Unicode>
                    </TextEquiv>
                    <TextStyle fontFamily="Times New Roman" fontSize="7.5"/>
                </Word>
                <Word id="w_w2aab1b9b2c27b1b3c33" language="English" custom="readingOrder {index:10;}">
                    <Coords points="2207,3689 2387,3689 2387,3723 2207,3723"/>
                    <TextEquiv>
                        <Unicode>Billaud</Unicode>
                    </TextEquiv>
                    <TextStyle fontFamily="Times New Roman" fontSize="7.5"/>
                </Word>
                <Word id="w_w2aab1b9b2c27b1b3c49" language="English" custom="readingOrder {index:11;}">
                    <Coords points="2412,3688 2607,3688 2607,3721 2412,3721"/>
                    <TextEquiv>
                        <Unicode>Varenne</Unicode>
                    </TextEquiv>
                    <TextStyle fontFamily="Times New Roman" fontSize="7.5"/>
                </Word>
                <Word id="w_w2aab1b9b2c27b1b4b1" language="English" custom="readingOrder {index:12;}">
                    <Coords points="2630,3692 2668,3692 2668,3720 2630,3720"/>
                    <TextEquiv>
                        <Unicode>et</Unicode>
                    </TextEquiv>
                    <TextStyle fontFamily="Times New Roman" fontSize="9.0"/>
                </Word>
                <Word id="w_w2aab1b9b2c27b1b4b7" language="English" custom="readingOrder {index:13;}">
                    <Coords points="2691,3684 2736,3684 2736,3720 2691,3720"/>
                    <TextEquiv>
                        <Unicode>C.</Unicode>
                    </TextEquiv>
                    <TextStyle fontFamily="Times New Roman" fontSize="9.0"/>
                </Word>
                <Word id="w_w2aab1b9b2c27b1b4c13" language="English" custom="readingOrder {index:14;}">
                    <Coords points="2760,3684 2807,3684 2807,3720 2760,3720"/>
                    <TextEquiv>
                        <Unicode>A.</Unicode>
                    </TextEquiv>
                    <TextStyle fontFamily="Times New Roman" fontSize="9.0"/>
                </Word>
                <Word id="w_w2aab1b9b2c27b1b5b1" language="English" custom="readingOrder {index:15;}">
                    <Coords points="2831,3685 3008,3685 3008,3735 2831,3735"/>
                    <TextEquiv>
                        <Unicode>Prieur;</Unicode>
                    </TextEquiv>
                    <TextStyle fontFamily="Times New Roman" fontSize="7.5"/>
                </Word>
                <TextEquiv>
                    <Unicode>1° P. S. par COLLOT D’HERBOIS, Carnot, R. LINDET, BARÈRE, BILLAUD VARENNE et C. A. PRIEUR;</Unicode>
                </TextEquiv>
            </TextLine>
            <TextLine id="tl_49" primaryLanguage="English" custom="readingOrder {index:1;}">
                <Coords points="772,3729 2565,3729 2565,3787 772,3787"/>
                <Baseline points="772,3767 895,3775 940,3767 1100,3766 1172,3768 1229,3768 1314,3768 1441,3769 1580,3782 1635,3772 1698,3772 1791,3773 1964,3783 2165,3775 2225,3776 2323,3776 2565,3775"/>
                <Word id="w_w2aab1b9b2c27b3ab1" language="English" custom="readingOrder {index:0;}">
                    <Coords points="772,3729 895,3729 895,3775 772,3775"/>
                    <TextEquiv>
                        <Unicode>Paris,</Unicode>
                    </TextEquiv>
                    <TextStyle fontFamily="Times New Roman" fontSize="9.0"/>
                </Word>
                <Word id="w_w2aab1b9b2c27b3ac15" language="English" custom="readingOrder {index:1;}">
                    <Coords points="921,3743 940,3743 940,3767 921,3767"/>
                    <TextEquiv>
                        <Unicode>2</Unicode>
                    </TextEquiv>
                    <TextStyle fontFamily="Times New Roman" fontSize="9.0"/>
                </Word>
                <Word id="w_w2aab1b9b2c27b3ac19" language="English" custom="readingOrder {index:2;}">
                    <Coords points="961,3730 1100,3730 1100,3767 961,3767"/>
                    <TextEquiv>
                        <Unicode>floréal</Unicode>
                    </TextEquiv>
                    <TextStyle fontFamily="Times New Roman" fontSize="9.0"/>
                </Word>
                <Word id="w_w2aab1b9b2c27b3ac35" language="English" custom="readingOrder {index:3;}">
                    <Coords points="1121,3744 1172,3744 1172,3768 1121,3768"/>
                    <TextEquiv>
                        <Unicode>an</Unicode>
                    </TextEquiv>
                    <TextStyle fontFamily="Times New Roman" fontSize="9.0"/>
                </Word>
                <Word id="w_w2aab1b9b2c27b3ac41" language="English" custom="readingOrder {index:4;}">
                    <Coords points="1196,3733 1229,3733 1229,3768 1196,3768"/>
                    <TextEquiv>
                        <Unicode>II</Unicode>
                    </TextEquiv>
                    <TextStyle fontFamily="Times New Roman" fontSize="9.0"/>
                </Word>
                <Word id="w_w2aab1b9b2c27b3ac47" language="English" custom="readingOrder {index:5;}">
                    <Coords points="1256,3733 1314,3733 1314,3779 1256,3779"/>
                    <TextEquiv>
                        <Unicode>(21</Unicode>
                    </TextEquiv>
                    <TextStyle fontFamily="Times New Roman" fontSize="9.0"/>
                </Word>
                <Word id="w_w2aab1b9b2c27b3ac55" language="English" custom="readingOrder {index:6;}">
                    <Coords points="1341,3734 1441,3734 1441,3770 1341,3770"/>
                    <TextEquiv>
                        <Unicode>avril</Unicode>
                    </TextEquiv>
                    <TextStyle fontFamily="Times New Roman" fontSize="9.0"/>
                </Word>
                <Word id="w_w2aab1b9b2c27b3ac67" language="English" custom="readingOrder {index:7;}">
                    <Coords points="1469,3737 1596,3737 1596,3783 1469,3783"/>
                    <TextEquiv>
                        <Unicode>1794),</Unicode>
                    </TextEquiv>
                    <TextStyle fontFamily="Times New Roman" fontSize="9.0"/>
                </Word>
                <Word id="w_w2aab1b9b2c27b3b1b1" language="English" custom="readingOrder {index:8;}">
                    <Coords points="1619,3737 1635,3737 1635,3772 1619,3772"/>
                    <TextEquiv>
                        <Unicode>5</Unicode>
                    </TextEquiv>
                    <TextStyle fontFamily="Times New Roman" fontSize="9.0" bold="true"/>
                </Word>
                <Word id="w_w2aab1b9b2c27b3b2b3" language="English" custom="readingOrder {index:9;}">
                    <Coords points="1661,3750 1698,3750 1698,3784 1661,3784"/>
                    <TextEquiv>
                        <Unicode>p.</Unicode>
                    </TextEquiv>
                    <TextStyle fontFamily="Times New Roman" fontSize="9.0"/>
                </Word>
                <Word id="w_w2aab1b9b2c27b3b2b9" language="English" custom="readingOrder {index:10;}">
                    <Coords points="1728,3737 1791,3737 1791,3777 1728,3777"/>
                    <TextEquiv>
                        <Unicode>1/2</Unicode>
                    </TextEquiv>
                    <TextStyle fontFamily="Times New Roman" fontSize="9.0"/>
                </Word>
                <Word id="w_w2aab1b9b2c27b3b2c17" language="English" custom="readingOrder {index:11;}">
                    <Coords points="1818,3738 1964,3738 1964,3783 1818,3783"/>
                    <TextEquiv>
                        <Unicode>in-fol.,</Unicode>
                    </TextEquiv>
                    <TextStyle fontFamily="Times New Roman" fontSize="9.0"/>
                </Word>
                <Word id="w_w2aab1b9b2c27b3b2c35" language="English" custom="readingOrder {index:12;}">
                    <Coords points="1985,3739 2165,3739 2165,3786 1985,3786"/>
                    <TextEquiv>
                        <Unicode>vignette</Unicode>
                    </TextEquiv>
                    <TextStyle fontFamily="Times New Roman" fontSize="9.0"/>
                </Word>
                <Word id="w_w2aab1b9b2c27b3b2c53" language="English" custom="readingOrder {index:13;}">
                    <Coords points="2187,3749 2225,3749 2225,3776 2187,3776"/>
                    <TextEquiv>
                        <Unicode>et</Unicode>
                    </TextEquiv>
                    <TextStyle fontFamily="Times New Roman" fontSize="9.0"/>
                </Word>
                <Word id="w_w2aab1b9b2c27b3b2c59" language="English" custom="readingOrder {index:14;}">
                    <Coords points="2243,3740 2323,3740 2323,3776 2243,3776"/>
                    <TextEquiv>
                        <Unicode>tête</Unicode>
                    </TextEquiv>
                    <TextStyle fontFamily="Times New Roman" fontSize="9.0"/>
                </Word>
                <Word id="w_w2aab1b9b2c27b3b2c69" language="English" custom="readingOrder {index:15;}">
                    <Coords points="2339,3739 2565,3739 2565,3787 2339,3787"/>
                    <TextEquiv>
                        <Unicode>imprimée.</Unicode>
                    </TextEquiv>
                    <TextStyle fontFamily="Times New Roman" fontSize="9.0"/>
                </Word>
                <TextEquiv>
                    <Unicode>Paris, 2 floréal an II (21 avril 1794), 5 p. 1/2 in-fol., vignette et tête imprimée.</Unicode>
                </TextEquiv>
            </TextLine>
            <TextEquiv>
                <Unicode>1° P. S. par COLLOT D’HERBOIS, Carnot, R. LINDET, BARÈRE, BILLAUD VARENNE et C. A. PRIEUR;
Paris, 2 floréal an II (21 avril 1794), 5 p. 1/2 in-fol., vignette et tête imprimée.</Unicode>
            </TextEquiv>
        </TextRegion>
        <GraphicRegion id="r_6" custom="readingOrder {index:18;}">
            <Coords points="2126,2933 3000,2933 3000,3178 2126,3178"/>
        </GraphicRegion>
        <GraphicRegion id="r_7" custom="readingOrder {index:19;}">
            <Coords points="2336,2185 2952,2185 2952,2558 2336,2558"/>
        </GraphicRegion>
        <GraphicRegion id="r_8" custom="readingOrder {index:20;}">
            <Coords points="1714,1898 2996,1898 2996,2025 1714,2025"/>
        </GraphicRegion>
        <SeparatorRegion id="r_9" custom="readingOrder {index:21;}">
            <Coords points="186,59 1812,59 1812,64 186,64"/>
        </SeparatorRegion>
        <SeparatorRegion id="r_10" custom="readingOrder {index:22;}">
            <Coords points="476,463 3354,463 3354,475 476,475"/>
        </SeparatorRegion>
        <SeparatorRegion id="r_11" custom="readingOrder {index:23;}">
            <Coords points="669,772 3136,772 3136,787 669,787"/>
        </SeparatorRegion>
        <SeparatorRegion id="r_12" custom="readingOrder {index:24;}">
            <Coords points="446,3897 3347,3897 3347,3922 446,3922"/>
        </SeparatorRegion>
        <SeparatorRegion id="r_13" custom="readingOrder {index:25;}">
            <Coords points="107,4554 252,4554 252,4556 107,4556"/>
        </SeparatorRegion>
        <SeparatorRegion id="r_14" custom="readingOrder {index:26;}">
            <Coords points="741,4557 948,4557 948,4562 741,4562"/>
        </SeparatorRegion>
        <SeparatorRegion id="r_15" custom="readingOrder {index:27;}">
            <Coords points="0,3291 4,3291 4,3392 0,3392"/>
        </SeparatorRegion>
        <SeparatorRegion id="r_16" custom="readingOrder {index:28;}">
            <Coords points="1,3011 7,3011 7,3272 1,3272"/>
        </SeparatorRegion>
        <SeparatorRegion id="r_17" custom="readingOrder {index:29;}">
            <Coords points="6,2788 8,2788 8,2912 6,2912"/>
        </SeparatorRegion>
        <SeparatorRegion id="r_18" custom="readingOrder {index:30;}">
            <Coords points="24,4096 28,4096 28,4218 24,4218"/>
        </SeparatorRegion>
        <SeparatorRegion id="r_19" custom="readingOrder {index:31;}">
            <Coords points="29,2452 36,2452 36,2879 29,2879"/>
        </SeparatorRegion>
        <SeparatorRegion id="r_20" custom="readingOrder {index:32;}">
            <Coords points="33,2240 38,2240 38,2412 33,2412"/>
        </SeparatorRegion>
        <SeparatorRegion id="r_21" custom="readingOrder {index:33;}">
            <Coords points="38,3888 43,3888 43,4192 38,4192"/>
        </SeparatorRegion>
        <SeparatorRegion id="r_22" custom="readingOrder {index:34;}">
            <Coords points="41,3706 44,3706 44,3840 41,3840"/>
        </SeparatorRegion>
        <SeparatorRegion id="r_23" custom="readingOrder {index:35;}">
            <Coords points="45,1408 50,1408 50,1510 45,1510"/>
        </SeparatorRegion>
        <SeparatorRegion id="r_24" custom="readingOrder {index:36;}">
            <Coords points="49,1088 54,1088 54,1216 49,1216"/>
        </SeparatorRegion>
        <SeparatorRegion id="r_25" custom="readingOrder {index:37;}">
            <Coords points="69,3190 73,3190 73,3328 69,3328"/>
        </SeparatorRegion>
        <SeparatorRegion id="r_26" custom="readingOrder {index:38;}">
            <Coords points="74,2360 77,2360 77,2624 74,2624"/>
        </SeparatorRegion>
        <SeparatorRegion id="r_27" custom="readingOrder {index:39;}">
            <Coords points="652,253 682,253 682,4116 652,4116"/>
        </SeparatorRegion>
        <SeparatorRegion id="r_28" custom="readingOrder {index:40;}">
            <Coords points="3130,252 3148,252 3148,4131 3130,4131"/>
        </SeparatorRegion>
        <SeparatorRegion id="r_29" custom="readingOrder {index:41;}">
            <Coords points="3506,4212 3532,4212 3532,4541 3506,4541"/>
        </SeparatorRegion>
        <SeparatorRegion id="r_30" custom="readingOrder {index:42;}">
            <Coords points="3519,1600 3538,1600 3538,1857 3519,1857"/>
        </SeparatorRegion>
        <SeparatorRegion id="r_31" custom="readingOrder {index:43;}">
            <Coords points="3524,1678 3551,1678 3551,2304 3524,2304"/>
        </SeparatorRegion>
        <SeparatorRegion id="r_32" custom="readingOrder {index:44;}">
            <Coords points="3533,988 3543,988 3543,1592 3533,1592"/>
        </SeparatorRegion>
        <SeparatorRegion id="r_33" custom="readingOrder {index:45;}">
            <Coords points="3539,2048 3554,2048 3554,2244 3539,2244"/>
        </SeparatorRegion>
        <SeparatorRegion id="r_34" custom="readingOrder {index:46;}">
            <Coords points="3557,1435 3574,1435 3574,1876 3557,1876"/>
        </SeparatorRegion>
        <SeparatorRegion id="r_35" custom="readingOrder {index:47;}">
            <Coords points="64,1807 65,1807 65,1856 64,1856"/>
        </SeparatorRegion>
    </Page>
</PcGts>
