3711 4710
675 619 769 669 s.1
1269 627 1492 668 CHEFS
1554 627 1639 669 DE
1701 630 2302 675 GOUVERNEMENT
2396 653 2495 680 -5*»

709 910 878 939 Précieuse
894 910 984 938 lettre
1002 907 1098 936 écrite
1112 908 1129 936 à
1145 907 1244 935 Marie
1260 906 1380 940 Stuart,
1400 906 1482 934 alors
1501 906 1712 942 prisonnière.
1731 920 1743 935 «
1768 911 1913 939 Madame
1928 919 1977 939 ma
1993 911 2067 949 fille,
2082 911 2111 948 je
2125 913 2161 942 né
2178 915 2272 943 voleu
2290 916 2404 953 perdre
2415 923 2482 947 cete
2503 920 2652 949 aucasion
2667 921 2705 950 de
2720 930 2800 950 vous
2813 921 2897 957 fayre

672 954 701 982 la
719 955 864 990 présante
891 958 921 981 et
937 960 1018 981 vous
1047 951 1123 988 dyre
1154 952 1180 979 le
1195 949 1293 987 plesir
1310 957 1371 985 que
1390 948 1417 984 je
1445 957 1556 986 resoys
1575 956 1673 985 quant
1691 952 1719 988 jé
1734 953 1762 981 le
1784 954 1855 982 bien
1870 955 1998 991 d’avoyr
2018 954 2056 982 de
2081 964 2140 984 vos
2158 959 2295 987 novelles
2311 965 2341 988 et
2363 969 2478 999 savoyr
2495 970 2554 999 que
2571 970 2679 993 vostre
2698 966 2787 993 santé
2805 972 2897 998 souyt

672 994 786 1027 bonne.
807 995 842 1023 Je
863 1003 900 1022 ne
915 1001 996 1022 vous
1013 993 1137 1029 parleré
1161 992 1198 1020 de
1222 999 1280 1019 vos
1303 990 1427 1026 afayres
1444 994 1474 1017 et
1498 996 1624 1019 cornent
1639 992 1665 1019 le
1684 1001 1741 1031 roy
1761 1003 1836 1023 mon
1850 995 1900 1023 fils
1920 994 2023 1023 désire
2041 996 2078 1024 de
2101 1006 2182 1025 vous
2202 999 2273 1036 fayr
2293 1007 2438 1030 conestre
2452 1004 2600 1040 l’amytyé
2617 1006 2693 1040 qu’il
2712 1015 2793 1034 vous
2811 1013 2899 1039 porte

670 1041 700 1064 et
722 1037 748 1064 le
768 1036 864 1073 plesir
886 1034 962 1072 qu’il
975 1035 981 1063 1
987 1042 1064 1062 aura
1087 1039 1133 1062 cet
1153 1034 1180 1061 la
1200 1032 1379 1070 vysitatyon
1394 1030 1468 1066 qu’il
1491 1039 1570 1059 vous
1582 1031 1666 1069 fayst
1678 1033 1766 1071 fayre
1776 1044 1832 1072 par
1850 1045 1908 1065 son
1928 1036 2140 1066 embasadeur
2163 1041 2291 1075 présant
2305 1049 2437 1079 porteur
2456 1054 2537 1074 vous
2552 1048 2640 1082 peult
2655 1056 2765 1082 servyr
2784 1048 2801 1076 à
2820 1057 2898 1077 vous

671 1083 788 1106 mestre
810 1077 835 1105 si
857 1076 928 1105 bien
947 1084 1083 1112 aveques
1108 1076 1137 1104 la
1161 1082 1257 1112 royne
1274 1072 1474 1109 d’Engletere
1500 1080 1560 1108 que
1585 1081 1623 1100 en
1642 1076 1771 1112 puysiés
1792 1084 1938 1116 resantyr
1956 1079 1983 1107 le
2004 1084 2241 1110 contentement
2258 1084 2333 1120 qu’il
2351 1094 2432 1115 vous
2451 1087 2598 1122 saheyste
2619 1094 2649 1118 et
2667 1090 2704 1118 de
2722 1098 2771 1119 ma
2786 1095 2856 1121 part
2870 1090 2896 1121 je

670 1119 778 1148 voldré
792 1127 891 1156 avoyr
902 1119 930 1146 le
942 1125 1056 1155 moyen
1069 1118 1110 1146 tel
1123 1125 1184 1153 que
1192 1116 1221 1153 je
1232 1123 1311 1143 vous
1325 1122 1344 1151 y
1354 1121 1453 1150 puyse
1466 1121 1579 1149 servyr
1593 1122 1682 1142 corne

669 1160 698 1196 je
717 1169 755 1188 an
775 1162 812 1188 né
834 1161 863 1188 la
884 1161 1023 1196 volanté,
1047 1168 1100 1188 car
1122 1159 1149 1195 je
1167 1157 1307 1194 n'oblyré
1323 1154 1439 1192 jeamès
1455 1155 1602 1192 l’amytyé
1620 1164 1681 1192 que

670 1202 945 1240 m'avéparayfest
961 1203 1070 1239 portée
1084 1206 1113 1230 et
1126 1200 1268 1229 montrée
1277 1201 1400 1235 aystent
1409 1204 1444 1224 en
1454 1200 1502 1224 cet
1518 1204 1680 1233 royaume,

669 1244 724 1281 qui
744 1253 794 1272 me
823 1244 884 1272 fest
911 1243 1034 1273 désirer
1061 1251 1123 1280 que
1144 1244 1233 1280 Dyeu
1248 1250 1297 1269 me
1311 1240 1378 1268 fase
1395 1239 1425 1266 la
1442 1246 1534 1274 grase
1551 1238 1681 1276 d’avoyr

669 1295 782 1324 moyen
795 1287 961 1324 parayfest
974 1295 1054 1315 vous
1070 1293 1194 1322 povoyr
1208 1287 1368 1312 monstrer
1384 1288 1445 1317 que
1463 1280 1682 1317 n’ansuysyn-

669 1334 757 1365 grate
769 1334 799 1358 et
820 1330 878 1357 l’en
898 1330 1009 1367 suplye
1020 1328 1057 1356 de
1070 1328 1132 1356 bon
1144 1330 1278 1355 ceouret
1290 1325 1328 1352 de
1345 1332 1425 1351 vous
1443 1322 1565 1350 donner
1578 1322 1681 1350 bonne

668 1373 767 1401 santé.
787 1373 832 1400 De
852 1371 942 1401 Saint
963 1371 1125 1407 Germeyn
1146 1377 1182 1397 en
1206 1368 1269 1404 Lay
1287 1370 1335 1394 cet
1356 1374 1397 1393 xx
1403 1372 1438 1385 me
1458 1364 1495 1392 de
1516 1364 1681 1392 décembre

672 1423 681 1443 1
691 1414 745 1444 583
752 1437 758 1443 .
772 1414 891 1444 Vostre
913 1415 1016 1443 bonne
1036 1417 1066 1441 et
1083 1410 1248 1448 afactyoné
1268 1408 1366 1443 mère,
1388 1405 1548 1435 Caterine.
1572 1416 1584 1431 »

704 1457 819 1493 (Henri
833 1458 880 1485 III
894 1456 978 1485 avait
992 1455 1107 1491 chargé
1122 1452 1308 1485 Castelnau,
1318 1449 1403 1477 sieur
1413 1449 1450 1476 de
1461 1446 1682 1481 Mauvissière,

668 1500 899 1528 ambassadeur
906 1507 944 1527 en
955 1498 1156 1534 Angleterre,
1170 1490 1374 1522 d'intervenir
1384 1490 1501 1527 auprès
1512 1490 1548 1518 de
1561 1489 1588 1518 la
1597 1488 1683 1518 reine

669 1541 833 1569 Elisabeth
848 1549 930 1577 pour
940 1539 1019 1568 faire
1040 1545 1143 1565 cesser
1164 1536 1192 1563 la
1203 1533 1352 1570 captivité
1372 1533 1409 1560 de
1430 1532 1530 1560 Marie
1546 1531 1681 1567 Stuart.)

668 1651 695 1680 f
729 1651 834 1683 11+
873 1630 1209 1692 FRANÇOIS
1250 1631 1315 1687 II,
1358 1646 1404 1676 n.
1438 1633 1463 1675 à
1501 1627 1881 1679 Fontainebleau,
1913 1643 1965 1688 19
1996 1627 2172 1685 janvier
2202 1629 2337 1685 1544,
2368 1629 2439 1673 fils
2471 1631 2555 1675 des
2590 1634 2893 1690 précédents,

668 1703 738 1747 roi
755 1704 795 1748 le
816 1702 876 1759 io
898 1701 1045 1759 juillet
1074 1700 1207 1758 1559,
1224 1713 1287 1743 m.
1309 1701 1335 1742 à
1356 1696 1604 1753 Amboise,
1621 1697 1643 1740 5
1663 1694 1908 1740 décembre
1937 1710 1949 1739 i
1963 1695 2021 1740 56
2027 1711 2068 1740 o.

716 1793 762 1829 L.
781 1792 837 1839 S.,
853 1803 921 1827 sur
941 1789 1061 1835 vélin,
1082 1789 1104 1825 à
1128 1788 1318 1838 François
1332 1789 1380 1826 de
1397 1790 1594 1838 Raconys,
1607 1786 1796 1824 trésorier
1810 1787 1877 1823 des
1892 1798 2053 1835 guerres
2065 1798 2073 1834 ;

667 1844 1099 1882 Montiers-sur-Saulx
1115 1843 1220 1892 (près
1241 1844 1288 1881 de
1308 1843 1582 1892 Bar-le-Duc),
1604 1843 1621 1880 5
1642 1843 1806 1880 octobre
1830 1855 1840 1879 1
1853 1842 1896 1878 55
1904 1854 1941 1891 g,
1962 1841 2017 1891 1/2
2036 1854 2073 1890 p.

665 1899 791 1936 in-fol.
815 1898 977 1948 oblong.
1001 1898 1121 1947 (Coll.
1140 1899 1312 1937 Charles
1333 1900 1380 1937 de
1397 1900 1556 1949 Halm.)
1575 1920 1622 1926 —
1641 1900 1681 1936 P.
1702 1899 1750 1935 de
1772 1899 2028 1934 Moncornet.

700 1979 801 2008 Ordre
826 1979 863 2008 de
884 1987 981 2017 payer
996 1983 1066 2017 sept
1086 1984 1156 2008 cent
1171 1978 1416 2008 soixante-trois
1431 1978 1527 2008 livres
1549 1977 1566 2007 à
1587 1978 1643 2006 des
1668 1977 1814 2006 hommes
1838 1976 1974 2005 d’armes
2001 1979 2031 2003 et
2058 1974 2076 2002 à

663 2022 718 2051 des
740 2022 869 2051 archers
895 2031 976 2060 pour
990 2022 1075 2051 leurs
1095 2030 1199 2059 gages.

665 2131 689 2157 +
727 2128 833 2160 121-
868 2114 1087 2160 MARIE
1127 2112 1416 2169 STUART,
1447 2127 1492 2156 n.
1518 2115 1543 2156 à
1564 2109 1851 2169 Linlithgow
1873 2096 2105 2167 (Écosse),
2133 2107 2156 2150 5
2186 2106 2436 2153 décembre
2467 2111 2602 2167 1542,
2624 2111 2713 2156 fille
2739 2112 2801 2155 du
2824 2112 2891 2155 roi

665 2173 888 2227 d’Écosse
927 2182 1127 2240 Jacques
1154 2180 1214 2235 V,
1236 2178 1410 2224 femme
1438 2178 1494 2222 de
1520 2174 1747 2233 François
1781 2176 1826 2219 II
1857 2177 1937 2232 (24
1966 2172 2086 2217 avril

670 2265 684 2293 1
697 2250 786 2294 558
790 2253 824 2305 ),
853 2247 1094 2307 décapitée
1124 2250 1149 2291 à
1170 2244 1489 2303 Fotheringay
1511 2243 1552 2286 le
1584 2240 1636 2285 18
1661 2241 1834 2285 février
1865 2240 1998 2299 1587.

713 2334 756 2371 P.
786 2333 843 2380 S.,
869 2344 938 2368 sur
964 2330 1092 2376 vélin;
1124 2329 1292 2365 château
1313 2328 1361 2363 de
1398 2324 1601 2368 Sheffield,
1634 2323 1780 2360 février
1817 2337 1827 2360 i
1840 2324 1929 2371 582,
1966 2322 2023 2370 1/2
2057 2334 2095 2370 p.

665 2386 801 2423 in-fol.
822 2384 985 2433 oblong.
1011 2383 1131 2431 (Coll.
1155 2380 1448 2429 Dubrunfaut.)
1468 2399 1514 2406 —
1539 2378 1583 2415 P.
1612 2377 1659 2413 de
1679 2377 1859 2413 Thomas
1878 2378 1925 2413 de
1948 2378 2048 2412 Leu.

698 2456 791 2485 Pièce
808 2456 849 2485 où
867 2457 925 2484 elle
941 2454 1039 2491 prend
1060 2455 1087 2482 le
1105 2453 1179 2481 titre
1197 2453 1234 2480 de
1251 2451 1431 2480 douairière
1452 2450 1489 2478 de
1508 2450 1642 2479 France.
1664 2448 1731 2477 Elle
1751 2448 1872 2477 octroie
1893 2448 1909 2476 à
1923 2448 1999 2476 Jean
2022 2447 2098 2476 Botz

663 2499 693 2525 la
707 2497 864 2534 première
886 2496 1046 2532 prébende
1067 2494 1121 2530 qui
1142 2494 1275 2522 viendra
1295 2492 1312 2520 à
1329 2500 1459 2528 vaquer.

663 2602 693 2630 +-
724 2604 737 2632 i
751 2587 774 2631 3
799 2599 830 2626 i-
864 2581 1178 2631 CHARLES
1210 2583 1294 2638 IX,
1322 2597 1368 2627 n.
1405 2586 1430 2626 à
1464 2579 2107 2639 Saint-Germain-en-Laye,
2148 2596 2204 2641 27
2245 2582 2345 2640 juin
2389 2600 2400 2628 i
2415 2587 2469 2630 55
2478 2602 2524 2641 o,
2556 2585 2675 2631 frère
2705 2599 2750 2633 et
2782 2603 2878 2633 suc¬

662 2668 855 2700 cesseur
875 2653 931 2696 de
956 2649 1182 2707 François
1207 2650 1272 2704 II,
1294 2649 1364 2693 roi
1388 2649 1427 2693 le
1458 2651 1481 2693 5
1507 2649 1753 2694 décembre
1783 2664 1794 2692 i
1810 2648 1867 2693 56
1873 2662 1919 2703 o,
1944 2662 2007 2692 m.
2037 2648 2062 2691 à
2090 2648 2376 2708 Vincennes,
2408 2652 2431 2696 3
2439 2668 2466 2697 o
2489 2653 2583 2697 mai
2614 2656 2748 2714 1574.

711 2740 754 2777 L.
775 2739 833 2786 S.,
852 2748 947 2774 avec
965 2736 1000 2772 la
1015 2731 1284 2780 souscription
1304 2732 1563 2780 autographe,
1586 2733 1607 2768 à
1623 2744 1695 2768 son
1713 2731 1814 2768 frère
1834 2732 1870 2767 le
1888 2731 1965 2767 duc
1986 2730 2160 2778 d’Anjou
2180 2733 2336 2782 (depuis
2357 2736 2486 2772 Henri
2507 2738 2579 2784 III)
2593 2750 2601 2786 ;
2623 2739 2747 2787 Paris,
2774 2753 2811 2776 11
2835 2741 2879 2777 fé¬

661 2794 765 2832 vrier
789 2807 798 2831 i
811 2794 828 2830 5
835 2806 855 2842 y
863 2792 881 2829 3
890 2822 898 2840 ,
924 2804 943 2828 2
967 2802 1004 2839 p.
1023 2786 1174 2833 in-fol.,
1190 2794 1297 2822 trace
1315 2785 1363 2822 de
1384 2786 1536 2835 cachet.
1562 2785 1682 2835 (Coll.
1706 2785 1938 2834 Esterha^y
1951 2791 1987 2821 et
2008 2785 2225 2835 Rathery.)
2247 2810 2294 2816 —
2312 2790 2353 2825 P.
2371 2790 2419 2826 de
2442 2791 2697 2830 Moncornet.

695 2869 891 2905 Importante
912 2866 1016 2898 lettre,
1031 2860 1126 2890 écrite
1146 2866 1202 2895 par
1222 2858 1249 2885 le
1265 2857 1436 2885 secrétaire
1454 2858 1560 2887 d’Etat
1573 2857 1706 2887 Nicolas

660 2911 697 2939 de
726 2909 898 2944 Neufville,
925 2907 1010 2936 sieur
1030 2904 1067 2933 de
1093 2901 1249 2938 Villeroy,
1274 2908 1314 2927 au
1334 2899 1395 2927 duc
1417 2899 1556 2936 d’Anjou
1580 2900 1647 2936 qui,
1672 2909 1706 2928 ce

661 2953 763 2982 même
778 2952 861 2989 jour,
878 2949 954 2979 était
972 2947 1075 2977 arrivé
1092 2946 1206 2974 devant
1226 2943 1269 2970 La
1283 2941 1431 2969 Rochelle
1449 2947 1480 2970 et
1495 2941 1579 2970 avait
1597 2942 1662 2977 pris
1678 2943 1704 2970 le

660 2994 935 3024 commandement
950 2992 986 3021 de
1011 2989 1137 3019 l’armée
1158 2984 1211 3023 qui
1236 2982 1403 3019 assiégeait
1424 2988 1504 3011 cette
1526 2984 1608 3012 ville.
1630 2999 1665 3004 —
1680 2985 1702 3011 Il

662 3047 678 3065 a
695 3037 805 3075 appris
831 3045 892 3074 que
914 3037 941 3065 le
962 3034 1023 3064 duc
1044 3027 1204 3070 préparait
1222 3035 1282 3056 une
1301 3025 1420 3063 grande
1440 3030 1470 3053 et
1491 3026 1574 3054 forte
1598 3026 1703 3053 armée

660 3080 697 3107 de
722 3088 789 3108 mer
816 3088 899 3116 pour
921 3077 1097 3107 combattre
1118 3080 1198 3101 ceux
1224 3068 1276 3106 qui
1294 3066 1486 3096 voudraient
1501 3067 1646 3096 secourir
1658 3068 1703 3095 les

661 3120 838 3156 Rochelais,
852 3125 883 3149 et
895 3121 992 3157 qu’on
1010 3114 1177 3155 proposait
1191 3112 1228 3141 de
1244 3111 1366 3140 donner
1384 3109 1410 3137 le
1426 3108 1703 3137 commandement

659 3163 696 3191 de
723 3168 803 3191 cette
828 3163 934 3190 armée
958 3162 975 3190 à
994 3169 1051 3189 son
1069 3159 1152 3188 frère
1170 3157 1198 3184 le
1223 3154 1283 3182 duc
1304 3152 1478 3188 d’Alençon
1499 3155 1529 3179 et
1547 3158 1586 3178 au
1602 3150 1649 3177 roi
1665 3150 1702 3177 de

659 3206 804 3235 Navarre
824 3205 939 3240 (Henri
962 3205 1028 3240 IV).
1052 3203 1075 3231 Il
1097 3203 1245 3238 s’oppose
1266 3196 1465 3225 absolument
1492 3193 1508 3221 à
1533 3201 1566 3221 ce
1588 3192 1703 3228 projet,

661 3260 672 3275 «
689 3257 743 3278 car
760 3256 841 3277 vous
863 3256 973 3284 sçavez
988 3247 1060 3275 bien
1076 3253 1137 3282 que
1157 3245 1224 3272 leur
1244 3242 1434 3278 permettant
1455 3237 1532 3265 aller
1548 3243 1704 3271 avecques

659 3301 751 3328 vous,
765 3293 808 3320 c’a
824 3292 890 3319 esté
904 3291 921 3318 à
933 3292 962 3319 la
980 3290 1092 3325 charge
1110 3287 1203 3325 qu’ils
1224 3293 1262 3313 ne
1282 3291 1363 3311 vous
1381 3280 1703 3316 habandonneroyent

660 3338 879 3368 aucunement,
901 3333 971 3362 ains
998 3341 1031 3360 se
1057 3331 1260 3366 tiendroyent
1286 3324 1537 3354 ordinairement
1564 3329 1638 3359 prez
1666 3320 1703 3349 de

659 3387 740 3407 vous
756 3382 786 3406 et
807 3375 965 3414 n’iroyent
985 3383 1022 3403 en
1044 3381 1167 3402 aucune
1187 3369 1305 3400 faction
1320 3375 1394 3395 sans
1411 3374 1502 3394 vous.
1517 3365 1570 3393 Au
1590 3371 1703 3401 moyen

659 3421 696 3449 de
722 3429 820 3458 quoy,
842 3426 916 3448 mon
939 3417 1033 3452 frère,
1062 3416 1089 3453 je
1112 3423 1193 3444 vous
1221 3411 1288 3450 prie
1315 3409 1394 3438 faire
1415 3407 1566 3437 entendre
1587 3406 1604 3435 à
1630 3411 1704 3435 tous

659 3464 752 3492 ceulx
767 3463 820 3500 qui
839 3462 1019 3490 donneront
1036 3468 1069 3488 ce
1083 3456 1202 3487 conseil
1224 3460 1255 3484 et
1276 3454 1381 3482 feront
1395 3457 1480 3480 ceste
1500 3449 1702 3488 proposition

658 3514 719 3542 que
740 3514 803 3535 non
823 3505 1012 3533 seullement
1032 3501 1060 3539 je
1078 3509 1116 3529 ne
1138 3500 1196 3537 l’ay
1213 3496 1373 3535 agréable,
1395 3494 1476 3523 mais
1494 3494 1522 3531 je
1541 3495 1570 3523 la
1591 3499 1704 3522 trouve

658 3550 724 3578 très
745 3548 943 3578 mauvaise...
959 3558 971 3574 »
992 3561 1027 3567 —
1041 3544 1189 3582 (Charles
1206 3541 1249 3571 IX
1270 3549 1303 3568 se
1325 3538 1443 3568 méfiait
1462 3538 1499 3567 de
1524 3545 1581 3567 son
1606 3537 1702 3574 frère,

659 3592 686 3620 le
704 3592 764 3621 duc
783 3591 935 3628 d’Anjou,
956 3587 1133 3619 ambitieux
1152 3591 1182 3614 et
1201 3585 1319 3621 jaloux,
1341 3587 1371 3610 et
1394 3581 1431 3610 de
1456 3590 1513 3610 son
1537 3580 1648 3610 cousin
1675 3582 1703 3609 le

659 3635 704 3663 roi
732 3635 770 3664 de
796 3636 952 3669 Navarre,
970 3630 1113 3662 converti
1135 3637 1191 3667 par
1213 3627 1300 3656 force
1320 3626 1384 3654 lors
1405 3625 1442 3654 de
1462 3625 1492 3654 la
1513 3624 1705 3655 Saint-Bar¬

657 3677 805 3716 thélemy,
817 3684 846 3707 et
857 3678 877 3706 il
890 3676 1044 3714 craignait
1059 3673 1152 3711 qu'ils
1167 3680 1204 3700 ne
1219 3671 1330 3699 fissent
1342 3677 1436 3697 cause
1447 3676 1616 3698 commune
1630 3676 1704 3696 avec

659 3720 703 3748 les
725 3726 923 3756 protestants
947 3720 984 3748 de
1000 3719 1043 3747 La
1060 3716 1217 3746 Rochelle.
1240 3712 1379 3744 Ceux-ci
1402 3721 1435 3741 se
1458 3711 1657 3741 défendirent
1677 3711 1702 3740 si

659 3761 729 3790 bien
751 3772 812 3800 que
833 3765 861 3792 le
877 3764 923 3792 roi
942 3763 998 3792 dut
1013 3761 1091 3790 faire
1106 3760 1135 3788 la
1153 3758 1226 3796 paix
1249 3757 1276 3786 le
1295 3757 1313 3786 6
1331 3755 1433 3790 juillet
1451 3755 1602 3788 suivant.)
