3786 4647
640 592 734 640 8.1
1040 611 1139 639 ^
1236 588 1461 633 CHEFS
1522 588 1609 628 DE
1670 585 2269 629 GOUVERNEMENT
2366 600 2465 629 î-V
2810 570 2861 618 l5

691 885 732 920 2°
759 883 801 918 L.
820 884 868 919 A.
892 882 931 919 S.
956 878 1003 915 de
1025 878 1188 914 Merlin
1209 874 1257 910 de
1269 871 1399 914 Douai
1420 871 1500 917 (qui
1518 871 1578 907 fut
1595 872 1795 909 directeur
1810 873 1863 908 du
1884 883 1927 907 io
1943 871 2170 917 septembre
2193 885 2288 921 1797
2309 885 2360 909 au
2382 872 2425 909 18
2446 872 2533 921 juin
2555 873 2680 921 1799),
2699 871 2721 908 à
2743 870 2875 908 Milet-

645 938 838 982 Mureau;
862 932 985 978 Paris,
1009 943 1051 966 21
1078 926 1274 976 germinal
1294 935 1344 959 an
1355 923 1429 958 VII
1445 923 1509 968 (10
1530 924 1627 960 avril
1656 927 1784 973 1799),
1808 924 1871 971 3/4
1892 924 1939 959 de
1958 934 1996 969 p.
2019 921 2118 971 in-4,

644 991 821 1038 vignette
845 995 883 1023 et
909 986 987 1022 tête
1006 980 1233 1030 imprimée.
1255 976 1353 1014 Très
1371 974 1464 1023 jolie
1482 975 1607 1023 pièce.
1630 999 1677 1004 —
1701 980 1743 1014 P.
1767 979 1815 1014 de
1841 976 2026 1024 Déjabin.

680 1067 704 1094 U
723 1063 838 1101 appuie
855 1070 916 1090 une
934 1058 1089 1089 demande
1105 1057 1181 1086 faite
1202 1063 1259 1093 par
1276 1055 1304 1082 le
1329 1052 1421 1089 jeune
1443 1051 1576 1088 Lesage,
1593 1053 1647 1090 qui
1661 1059 1707 1083 est
1724 1055 1791 1083 très
1812 1055 1906 1083 brave
1924 1057 1954 1081 et
1971 1052 2024 1089 qui
2040 1052 2121 1082 aime

646 1108 672 1135 le
687 1107 797 1135 métier
816 1105 853 1132 de
871 1105 902 1131 la
918 1110 1041 1139 guerre.

649 1198 678 1225 l
702 1183 760 1226 28
784 1195 813 1223 +
850 1176 1261 1225 BONAPARTE
1301 1170 1608 1230 (Napoléon),
1662 1174 1828 1216 consul
1873 1173 1929 1216 de
1975 1172 2018 1215 la
2067 1172 2372 1235 République
2412 1179 2643 1235 française
2678 1179 2754 1237 (10
2799 1195 2882 1224 no¬

651 1248 844 1293 vembre
872 1245 1023 1306 1799),
1048 1242 1254 1304 premier
1278 1236 1446 1283 consul
1470 1247 1514 1279 et
1545 1239 1713 1281 consul
1741 1241 1767 1280 à
1794 1237 1869 1281 vie
1891 1238 1968 1294 (24
1996 1237 2244 1284 décembre
2280 1258 2397 1302 1799
2420 1259 2480 1287 au
2518 1244 2569 1288 18
2595 1245 2691 1289 mai
2728 1247 2880 1305 1804).

698 1339 742 1373 L.
771 1337 811 1373 S.
848 1348 898 1372 au
928 1334 1109 1371 ministre
1136 1332 1184 1366 de
1204 1329 1241 1364 la
1262 1336 1403 1375 guerre
1431 1323 1628 1369 (l’illustre
1652 1324 1799 1359 Lazare
1821 1324 1985 1368 Carnot,
2013 1325 2084 1371 qui
2114 1325 2211 1362 était
2240 1328 2423 1365 ministre
2450 1331 2593 1378 depuis
2620 1332 2712 1380 cinq
2738 1332 2884 1381 jours);

655 1391 778 1438 Paris,
810 1403 852 1438 17
881 1386 1076 1437 germinal
1102 1397 1152 1420 an
1174 1382 1269 1418 VIII
1297 1380 1334 1426 (7
1364 1377 1464 1413 avril
1500 1376 1627 1422 1800),
1660 1377 1715 1424 1/2
1739 1388 1776 1423 p.
1810 1375 1908 1422 in-4,

652 1446 829 1492 vignette
846 1451 884 1479 et
904 1442 984 1478 tête
1006 1436 1230 1486 imprimée.
1249 1453 1296 1460 —
1318 1433 1361 1467 P.
1385 1431 1433 1465 de
1456 1429 1710 1466 Bonneville.

691 1522 797 1549 Prière
807 1519 999 1548 d’ordonner
1009 1524 1048 1544 au
1060 1515 1182 1549 citoyen
1189 1511 1416 1543 Villesurarce,
1426 1506 1542 1535 officier
1554 1505 1736 1534 d’artillerie
1747 1504 1911 1540 cisalpine,

654 1561 707 1598 qui
724 1566 770 1590 est
786 1562 803 1589 à
817 1559 965 1593 Antibes,
983 1557 1020 1584 de
1040 1554 1130 1583 venir
1150 1553 1168 1580 à
1185 1551 1276 1580 Paris
1290 1558 1371 1587 pour
1388 1548 1501 1577 rendre
1517 1552 1640 1585 compte
1658 1548 1695 1576 de
1712 1548 1743 1575 la
1760 1545 1912 1575 situation

654 1604 730 1630 dans
747 1602 882 1637 laquelle
899 1604 947 1627 est
966 1602 1047 1625 cette
1064 1593 1229 1623 artillerie.

658 1699 688 1727 4-
714 1699 771 1742 29
860 1665 1230 1726 NAPOLÉON
1262 1677 1300 1733 I,
1331 1691 1580 1736 empereur
1608 1676 1686 1720 des
1722 1671 1962 1731 Français,
1996 1671 2056 1717 du
2089 1672 2141 1717 18
2167 1672 2261 1717 mai
2292 1672 2412 1730 1804
2445 1688 2502 1717 au
2536 1689 2591 1718 22
2621 1674 2719 1732 juin
2755 1692 2765 1720 i
2781 1677 2807 1721 8
2821 1692 2833 1721 i
2847 1680 2871 1722 5
2881 1713 2892 1733 ,

659 1749 763 1792 date
784 1747 840 1789 de
862 1760 947 1789 son
967 1742 1252 1800 abdication,
1274 1758 1319 1787 n.
1345 1746 1371 1788 à
1392 1742 1584 1801 Ajaccio
1603 1741 1810 1801 (Corse),
1835 1757 1848 1785 i
1862 1741 1884 1784 5
1911 1735 2019 1784 août
2048 1738 2185 1800 1768,
2208 1754 2270 1783 m.
2290 1737 2566 1798 prisonnier
2588 1740 2671 1785 des
2693 1742 2896 1801 Anglais

660 1815 778 1858 dans
813 1810 906 1856 File
936 1809 994 1854 de
1022 1808 1409 1867 Sainte-Hélène,
1443 1812 1465 1856 5
1504 1810 1598 1855 mai
1635 1810 1767 1856 1821.

711 1903 756 1938 L.
781 1902 821 1938 S.
843 1913 894 1937 au
925 1899 985 1936 roi
1016 1900 1063 1936 de
1097 1900 1197 1937 Saxe
1214 1899 1417 1948 (Frédéric
1442 1901 1637 1949 Auguste,
1660 1900 1757 1948 qu’il
1779 1900 1884 1936 avait

662 1956 749 1994 créé
770 1955 829 1994 roi
859 1955 895 1993 le
931 1968 968 1992 11
997 1955 1208 1992 décembre
1237 1955 1370 2005 1806);
1404 1955 1666 2004 Compiègne,
1705 1968 1751 1991 22
1783 1955 1884 1991 avril

668 2012 778 2059 1810,
808 2011 872 2061 3/4
892 2011 939 2047 de
960 2023 998 2059 p.
1019 2010 1124 2059 in-4,
1158 2011 1315 2047 cachets
1347 2018 1384 2047 et
1419 2010 1534 2047 soies.
1556 2031 1604 2036 —
1627 2011 1670 2047 P.

699 2091 842 2128 Superbe
859 2091 951 2120 lettre
966 2099 1023 2128 par
1039 2090 1173 2127 laquelle
1189 2088 1212 2117 il
1225 2090 1254 2117 le
1272 2088 1424 2117 remercie
1443 2088 1496 2116 des
1513 2087 1738 2124 compliments
1753 2088 1827 2124 qu’il
1842 2087 1887 2116 lui

665 2142 682 2161 a
701 2134 845 2162 adressés
868 2133 886 2161 à
904 2132 1073 2161 l’occasion
1091 2132 1128 2160 de
1153 2140 1210 2159 son
1224 2130 1363 2167 mariage
1381 2138 1456 2158 avec
1480 2128 1749 2157 l’archiduchesse
1769 2130 1886 2158 Marie-

665 2175 782 2204 Louise
796 2175 931 2212 (célébré
946 2176 975 2203 le
997 2183 1007 2202 1
1032 2174 1135 2211 avril).

668 2253 697 2296 ■l
722 2253 745 2296 3
753 2270 779 2297 o
802 2266 834 2295 "f
866 2239 1229 2296 NAPOLÉON
1259 2250 1299 2304 I,
1325 2263 1570 2305 empereur
1595 2248 1677 2291 des
1708 2249 1951 2308 Français.

720 2337 764 2370 L.
798 2336 837 2371 S.
863 2336 954 2379 Np.,
978 2344 1072 2368 avec
1093 2333 1159 2367 des
1180 2331 1425 2366 corrections
1445 2330 1728 2377 autographes,
1754 2332 1775 2367 à
1801 2344 1874 2368 son
1904 2332 2134 2369 beau-frère
2156 2332 2358 2376 (Joachim
2383 2334 2534 2379 Murat,
2557 2336 2616 2371 roi
2642 2338 2690 2373 de
2718 2340 2905 2388 Naples);

670 2389 814 2423 Düben
836 2388 939 2433 (près
960 2386 1007 2421 de
1031 2384 1224 2431 Leipzig),
1252 2384 1293 2419 i3
1316 2383 1479 2418 octobre
1504 2382 1566 2417 181
1578 2382 1595 2417 3
1605 2411 1613 2430 ,
1636 2383 1703 2419 dix
1724 2384 1867 2422 heures
1887 2387 1940 2422 du
1963 2385 2104 2430 matin,
2130 2385 2148 2432 3
2172 2397 2210 2432 p.
2240 2385 2301 2432 1/4
2321 2385 2426 2431 in-q.
2458 2387 2640 2434 Superbe
2660 2390 2844 2437 pièce.—
2860 2395 2904 2430 P.

706 2462 795 2490 Pièce
820 2460 997 2496 historique
1015 2468 1069 2487 sur
1093 2460 1139 2487 les
1157 2458 1391 2494 préliminaires
1415 2458 1453 2485 de
1470 2458 1500 2486 la
1523 2458 1651 2488 bataille
1679 2460 1717 2488 de
1739 2462 1880 2499 Leipzig.
1901 2462 2113 2491 Instructions
2141 2469 2224 2497 pour
2246 2461 2277 2489 la
2297 2461 2492 2497 disposition
2519 2463 2562 2491 du
2589 2472 2684 2501 corps
2711 2467 2754 2494 du
2784 2468 2845 2496 duc
2870 2472 2907 2498 de

671 2505 805 2539 Raguse,
822 2501 896 2538 qu’il
912 2500 981 2528 faut
1004 2501 1110 2536 placer
1130 2500 1147 2527 à
1165 2499 1366 2534 Breitenfeld,
1384 2505 1545 2536 appuyant
1561 2510 1596 2529 sa
1616 2503 1736 2538 gauche
1763 2503 1780 2531 à
1803 2504 1930 2532 l’Elster
1947 2508 1977 2531 et
1994 2512 2029 2531 sa
2052 2502 2155 2531 droite
2174 2502 2192 2529 à
2209 2503 2239 2530 la
2258 2503 2387 2531 Partha.
2408 2504 2707 2535 Recommandation
2726 2508 2764 2536 de
2788 2518 2825 2537 ne
2852 2520 2908 2547 pas

671 2543 809 2573 affaiblir
836 2551 870 2570 sa
895 2542 978 2578 ligne
996 2549 1004 2568 :
1028 2551 1040 2566 «
1062 2540 1148 2568 C’est
1173 2548 1207 2567 ce
1225 2545 1429 2568 mouvement
1452 2541 1506 2577 qui
1531 2541 1587 2570 fait
1611 2544 1725 2580 perdre
1747 2549 1852 2573 toutes
1867 2545 1912 2573 les
1929 2544 2087 2580 batailles,
2113 2552 2167 2572 car
2191 2544 2267 2571 elles
2287 2552 2326 2572 ne
2353 2552 2387 2572 se
2408 2550 2544 2582 gagnent
2563 2547 2654 2583 qu’en
2678 2550 2864 2581 renforçant
2880 2553 2910 2581 la

671 2587 754 2624 ligne
780 2586 859 2614 dans
877 2585 905 2613 le
923 2586 1064 2611 moment
1081 2580 1227 2617 critique.
1248 2591 1259 2607 »
1277 2581 1301 2608 Il
1320 2590 1337 2609 a
1352 2581 1419 2617 pris
1436 2583 1467 2610 la
1484 2583 1576 2612 veille
1593 2593 1635 2613 un
1649 2586 1744 2614 ordre
1762 2586 1802 2614 du
1818 2586 1889 2622 jour
1903 2594 1985 2622 pour
2002 2586 2165 2614 ordonner
2185 2593 2259 2622 que,
2275 2585 2463 2623 désormais,
2482 2596 2540 2617 son
2554 2587 2725 2619 infanterie
2739 2592 2788 2621 fût
2806 2593 2912 2630 placée

673 2638 728 2658 sur
745 2629 828 2657 deux
843 2635 937 2664 rangs
955 2625 1140 2659 seulement,
1157 2631 1210 2651 car
1226 2623 1254 2650 le
1271 2623 1324 2651 feu
1337 2627 1367 2650 et
1384 2624 1414 2652 la
1428 2624 1620 2662 bayonnette
1635 2628 1675 2656 du
1692 2628 1856 2657 troisième
1870 2636 1948 2664 rang
1962 2632 2033 2656 sont
2048 2627 2274 2665 insignifiants.
2291 2628 2341 2656 Un
2355 2629 2411 2657 des
2428 2635 2599 2668 avantages
2614 2632 2651 2661 de
2665 2638 2745 2663 cette
2764 2638 2912 2666 nouvelle

673 2671 864 2709 disposition
880 2678 947 2698 sera
962 2668 999 2697 de
1014 2666 1093 2695 faire
1106 2664 1209 2693 croire
1227 2664 1243 2692 à
1264 2665 1412 2693 l’ennemi
1428 2667 1555 2695 l’armée
1572 2669 1646 2697 d’un
1665 2669 1744 2698 tiers
1763 2670 1836 2707 plus
1855 2669 1938 2698 forte
1960 2670 2072 2706 qu'elle
2091 2670 2183 2700 n’est.
2202 2670 2297 2706 (Voir
2312 2670 2330 2698 à
2347 2680 2381 2699 ce
2397 2671 2480 2708 sujet
2493 2674 2499 2702 :
2523 2674 2674 2704 Histoire
2692 2676 2735 2705 du
2755 2678 2911 2709 Consulat

674 2719 705 2744 et
722 2715 760 2743 de
778 2713 934 2751 l’Empire
938 2734 945 2748 ,
962 2718 1019 2748 par
1030 2708 1157 2742 Thiers,
1171 2705 1195 2735 t.
1209 2705 1296 2741 XVI,
1314 2714 1343 2741 p.
1365 2706 1448 2744 532.)
1473 2719 1485 2734 «
1503 2710 1529 2737 Il
1544 2715 1592 2738 est
1605 2712 1760 2746 probable
1778 2721 1838 2749 que
1856 2711 1884 2748 je
1902 2711 2048 2740 viendrai
2062 2717 2143 2741 cette
2161 2712 2233 2741 nuit
2250 2713 2388 2750 prendre
2406 2714 2545 2751 position
2563 2717 2606 2745 du
2619 2717 2689 2747 côté
2703 2719 2740 2748 de
2756 2721 2913 2751 Hohleine

675 2766 748 2787 avec
761 2762 848 2786 toute
863 2764 914 2784 ma
927 2753 1021 2792 garde
1035 2755 1066 2780 et
1081 2751 1126 2779 les
1142 2746 1328 2777 cuirassiers
1344 2748 1381 2775 de
1399 2749 1729 2791 Latour-Maubourg.
1749 2765 1761 2781 »
1783 2770 1818 2776 —
1834 2754 1890 2790 (Le
1909 2754 1943 2783 16
1961 2754 2090 2783 octobre
2109 2763 2295 2794 commença
2308 2756 2338 2785 la
2355 2756 2497 2786 fameuse
2512 2758 2641 2788 bataille
2655 2761 2694 2790 de
2711 2762 2844 2801 Leipzig
2861 2764 2914 2801 qui

676 2809 715 2829 ne
737 2810 768 2830 se
783 2798 918 2830 termina
938 2804 998 2834 que
1016 2795 1044 2823 le
1065 2792 1123 2831 19.)

685 2881 713 2925 ^
738 2881 761 2925 3
777 2897 789 2925 i
821 2894 850 2923 +
882 2866 1253 2925 JOSÉPHINE
1274 2867 1814 2930 (Marie-Josèphe-Rose
1841 2876 2063 2920 Tascher
2093 2892 2148 2921 de
2178 2892 2236 2921 la
2268 2878 2508 2937 Pagerie),
2541 2896 2586 2926 n.
2626 2898 2716 2927 aux
2751 2884 2916 2928 Trois-

685 2947 794 2992 Ilets
818 2940 1161 3003 (Martinique),
1184 2935 1239 2981 23
1260 2933 1360 2994 juin
1390 2935 1525 2993 1763,
1551 2936 1724 2981 femme
1747 2940 1802 2982 de
1825 2941 2095 3000 Bonaparte
2114 2944 2161 3000 (9
2184 2958 2311 2986 mars
2335 2947 2489 3004 1796),
2511 2946 2810 3005 impératrice
2834 2951 2917 2994 des

685 3012 908 3070 Français
921 3012 961 3056 le
980 3008 1032 3054 18
1047 3005 1141 3052 mai
1162 3004 1296 3059 1804,
1313 2998 1532 3059 répudiée
1549 3001 1589 3044 le
1612 3003 1664 3046 16
1681 3003 1928 3048 décembre
1949 3006 2160 3064 1809,111.
2178 3010 2203 3050 à
2220 3007 2262 3050 la
2275 3009 2581 3067 Malmaison,
2595 3028 2653 3072 29
2666 3013 2759 3057 mai
2780 3015 2913 3069 1814.

732 3104 777 3139 L.
802 3103 848 3138 A.
874 3102 912 3137 S.
941 3110 991 3136 au
1018 3098 1177 3145 citoyen
1208 3088 1416 3136 Bessières,
1449 3088 1543 3124 chef
1564 3089 1611 3125 de
1639 3090 1801 3137 brigade
1825 3092 1981 3139 (depuis
2009 3093 2210 3130 maréchal
2240 3095 2288 3131 de
2317 3096 2526 3146 l’Empire,
2549 3100 2599 3135 né
2625 3100 2647 3136 à
2677 3100 2855 3136 Preissac
2884 3101 2918 3136 le

684 3159 706 3195 6
727 3157 821 3194 août
838 3154 944 3204 1768,
958 3154 1025 3190 tué
1046 3152 1136 3201 près
1154 3150 1200 3185 de
1215 3143 1393 3195 Rippach
1408 3143 1444 3179 le
1469 3154 1479 3178 1
1502 3142 1580 3178 mai
1604 3155 1615 3178 i
1625 3143 1647 3178 8
1657 3156 1667 3179 i
1680 3144 1729 3190 3),
1744 3144 1926 3189 àMilan;
1941 3145 2101 3191 (Turin,
2118 3149 2282 3184 octobre
2301 3153 2430 3198 1797),
2451 3164 2461 3186 1
2485 3152 2524 3198 p.
2541 3152 2644 3197 in-8,
2661 3153 2918 3189 cachet.—P.

721 3237 825 3265 Lettre
843 3233 935 3262 écrite
954 3233 1033 3260 alors
1049 3230 1161 3268 qu’elle
1177 3224 1314 3257 revenait
1332 3222 1368 3251 de
1387 3222 1485 3250 Rome
1503 3220 1520 3248 à
1537 3220 1637 3256 Paris,
1655 3221 1746 3257 après
1764 3222 1791 3249 le
1807 3221 1903 3250 traité
1926 3222 1964 3250 de
1988 3222 2278 3259 Campo-Formio.
2295 3225 2362 3254 Elle
2380 3232 2428 3256 est
2446 3227 2569 3256 arrivée
2587 3228 2603 3256 à
2620 3229 2722 3257 Turin
2743 3234 2825 3258 cette
2841 3231 2922 3267 nuit,

715 3279 795 3309 trois
812 3279 936 3310 heures,
955 3279 985 3302 et
998 3274 1056 3302 elle
1074 3272 1141 3301 doit
1156 3277 1267 3308 passer
1280 3268 1309 3296 le
1324 3263 1528 3295 Mont-Cenis
1546 3264 1683 3292 demain.
1702 3274 1714 3290 «
1733 3264 1774 3293 Le
1790 3269 1872 3293 tems
1887 3270 1934 3294 est
1950 3265 2086 3302 affreux,
2098 3266 2144 3294 les
2163 3266 2307 3295 chemins
2327 3268 2530 3297 détestables.
2544 3270 2601 3298 J’ai
2612 3271 2739 3299 acheter
2751 3272 2836 3300 deux
2852 3279 2925 3303 cent

687 3321 856 3352 bouteilles
876 3320 915 3347 de
931 3317 1074 3353 liqueurs
1092 3324 1153 3352 que
1168 3312 1219 3350 j’ai

688 3365 745 3394 fait
768 3367 883 3393 mettre
906 3361 923 3389 à
945 3358 1106 3395 l’auberge
1127 3357 1165 3385 de
1190 3356 1222 3384 la

692 3409 795 3437 bonne
841 3403 968 3434 femme.
1016 3401 1102 3430 Elles
1150 3401 1224 3427 sont

694 3451 803 3488 payés.
814 3443 1006 3478 Faites-moi
1021 3444 1048 3472 le
1064 3440 1176 3479 plaisir
1188 3439 1225 3467 de

693 3501 730 3521 ne
754 3491 845 3530 point
865 3491 911 3519 les
932 3486 1074 3517 oubliers
1095 3485 1227 3518 lorsque

694 3544 775 3564 vous
788 3532 941 3572 passerai.
953 3541 965 3558 »
981 3546 1016 3551 —
1030 3529 1110 3565 (Elle
1122 3529 1228 3555 rentra

696 3578 784 3606 alors
799 3577 878 3605 dans
897 3583 956 3604 son
970 3572 1055 3602 hôtel
1074 3571 1111 3599 de
1128 3570 1157 3598 la
1172 3575 1228 3596 rue

698 3619 921 3653 Chantereine,
939 3617 981 3646 où
1004 3616 1184 3651 Bonaparte
1201 3615 1231 3638 et

696 3662 756 3690 elle
778 3663 931 3690 vécurent
959 3658 1083 3696 jusqu'à
1110 3655 1228 3691 l’expé¬

700 3702 800 3731 dition
818 3703 997 3740 d’Egypte.)
