3598 4663
812 591 874 639 26
1204 621 1303 648 ^
1399 607 1624 649 CHEFS
1686 607 1772 648 DE
1832 606 2432 649 GOUVERNEMENT
2934 600 3031 648 8.1

806 901 838 930 +-
861 887 917 930 55
954 889 975 934 f
1009 888 1319 937 CHARLES
1352 891 1436 946 IV,
1460 894 1506 936 n.
1529 892 1555 936 à
1590 890 1786 949 Naples,
1818 903 1868 933 12
1901 890 2160 934 novembre
2200 889 2335 950 1748,
2365 890 2435 934 roi
2466 891 2734 953 d’Espagne
2767 892 3031 949 (décembre

814 958 965 1018 1788),
1008 958 1263 1019 dépossédé
1297 973 1382 1018 par
1427 957 1680 1018 Napoléon
1723 957 1741 1001 I
1786 970 1842 1000 en
1886 957 2020 1014 1808,

805 1030 869 1070 m.
896 1028 921 1071 à
948 1028 1116 1082 Rome,
1142 1026 1198 1071 28
1221 1024 1480 1069 novembre
1510 1025 1642 1085 1819.

854 1110 900 1146 L.
928 1112 981 1147 A.
1008 1111 1064 1155 S.,
1088 1122 1137 1146 en
1155 1107 1339 1159 français,
1355 1107 1376 1143 à
1397 1107 1520 1144 Louis
1548 1108 1681 1144 XVIII
1695 1118 1704 1154 ;
1723 1107 1864 1151 Rome,
1888 1120 1928 1145 12
1947 1108 2026 1145 mai

809 1164 922 1211 1814,
945 1165 1007 1213 3/4
1024 1165 1071 1202 de
1089 1178 1126 1214 p.
1151 1164 1255 1211 in-4,
1280 1162 1502 1212 enveloppe
1524 1171 1562 1199 et
1585 1162 1736 1199 cachet.
1759 1182 1803 1188 —
1831 1162 1872 1199 P.

839 1235 981 1272 Superbe
996 1237 1083 1266 lettre
1100 1238 1137 1266 de
1154 1235 1361 1266 félicitations
1383 1244 1439 1264 sur
1456 1236 1486 1264 la
1504 1233 1719 1264 restauration
1738 1234 1775 1262 de
1793 1235 1893 1264 Louis
1907 1236 2026 1267 XVIII.

804 1289 816 1306 «
838 1277 1003 1308 Monsieur
1016 1289 1088 1310 mon
1106 1281 1187 1310 frère
1201 1284 1231 1308 et
1249 1277 1374 1314 cousin,
1392 1278 1554 1307 cessèrent
1565 1277 1648 1307 enfin
1662 1277 1708 1305 les
1727 1277 1884 1307 malheurs
1902 1279 1956 1316 qui
1970 1285 2028 1309 ont

802 1320 830 1349 si
846 1321 1051 1352 cruellement
1069 1322 1232 1361 persécuté
1249 1326 1342 1350 notre
1360 1320 1489 1357 famille,
1506 1325 1537 1350 et
1553 1320 1583 1358 je
1605 1319 1672 1349 suis
1694 1319 1889 1350 maintenant
1907 1322 1936 1351 la
1954 1322 2024 1351 der¬

800 1363 888 1392 nière
907 1363 1048 1395 victime.
1072 1366 1108 1395 V.
1128 1366 1173 1395 M.
1195 1369 1245 1393 est
1261 1364 1386 1392 rentrée
1398 1373 1439 1393 au
1453 1364 1544 1393 trône
1565 1364 1603 1392 de
1621 1371 1671 1392 ses
1690 1361 1846 1393 ancêtres.
1863 1363 1909 1394 Ce
1930 1365 2024 1395 chan¬

800 1410 928 1443 gement
951 1406 1077 1437 fortuné
1095 1417 1134 1437 va
1150 1407 1230 1437 faire
1254 1406 1362 1435 couler
1380 1415 1435 1435 sur
1454 1407 1484 1435 la
1506 1407 1630 1435 France
1653 1405 1707 1434 des
1725 1405 1813 1440 jours
1827 1406 1979 1444 paisibles
1995 1414 2026 1438 et

800 1448 986 1484 tranquiles,
1008 1452 1180 1486 possédant
1198 1457 1277 1487 pour
1293 1457 1351 1477 son
1375 1449 1448 1477 chef
1463 1457 1503 1477 un
1520 1449 1595 1486 père
1616 1447 1641 1476 si
1663 1448 1773 1477 tendre
1793 1454 1822 1478 et
1840 1449 1866 1478 si
1884 1450 1977 1488 juste,
1995 1457 2025 1481 et

798 1496 889 1521 votre
910 1492 1004 1529 règne
1028 1502 1097 1523 sera
1115 1502 1198 1531 pour
1215 1493 1274 1522 elle
1294 1493 1323 1521 le
1351 1498 1462 1521 retour
1488 1492 1529 1521 du
1552 1492 1696 1521 bonheur
1716 1497 1746 1520 et
1766 1492 1804 1520 de
1823 1492 1853 1521 la
1876 1493 1950 1531 paix
1970 1494 2024 1532 qui

798 1533 884 1563 avoit
904 1533 1035 1571 disparu
1048 1535 1160 1572 depuis
1177 1536 1358 1573 longtemps
1374 1543 1429 1572 par
1450 1535 1495 1563 les
1510 1534 1714 1563 convoitions
1731 1535 1890 1565 soufertes
1909 1546 1984 1566 sous
1997 1538 2024 1566 le

796 1577 871 1614 joug
888 1577 930 1605 du
947 1577 1180 1614 despotisme...
1203 1588 1216 1604 »

798 1652 828 1695 ■f
852 1652 910 1696 56
1001 1651 1415 1698 BONAPARTE
1453 1649 1682 1709 (Joseph),
1714 1665 1759 1695 n.
1792 1654 1817 1694 à
1851 1651 1993 1697 Corte
2029 1653 2228 1711 (Corse),
2254 1671 2279 1714 7
2316 1655 2490 1712 janvier
2531 1655 2666 1716 1768,
2688 1656 2808 1701 frère
2835 1654 2940 1701 aîné
2974 1657 3029 1702 de

799 1717 1050 1776 Napoléon
1074 1718 1113 1773 I,
1138 1717 1206 1761 roi
1227 1717 1496 1776 d’Espagne
1518 1716 1564 1772 (6
1587 1716 1686 1773 juin
1717 1716 1870 1773 1808),
1894 1733 1959 1762 m.
1985 1722 2011 1764 à
2036 1720 2278 1777 Florence,
2304 1721 2361 1766 28
2382 1720 2533 1778 juillet
2561 1723 2693 1781 1844.

848 1800 891 1836 L.
912 1801 959 1837 A.
984 1800 1024 1836 S.
1046 1812 1097 1836 au
1116 1808 1247 1835 comte
1266 1798 1478 1844 (Lacuée);
1501 1798 1694 1843 Londres,
1715 1798 1762 1833 26
1784 1798 1995 1837 décembre
2016 1813 2027 1836 i
2037 1802 2128 1848 832,
2154 1816 2164 1839 1
2189 1817 2225 1851 p,
2255 1805 2314 1852 1/4
2335 1806 2431 1854 in-4.
2455 1806 2577 1854 (Coll.
2600 1809 2892 1859 Dubrunfaut.)
2914 1833 2960 1839 —
2984 1813 3023 1848 P.

830 1869 1043 1897 Intéressante
1059 1869 1153 1897 lettre
1170 1867 1212 1896 où
1227 1867 1248 1895 il
1265 1871 1394 1895 raconte
1408 1874 1469 1894 une
1480 1870 1591 1894 courte
1601 1870 1750 1894 entrevue

794 1920 870 1940 avec
888 1912 1050 1940 Mérimée.
1077 1921 1090 1937 «
1112 1912 1172 1939 Les
1192 1917 1349 1946 ouvrages
1365 1917 1426 1945 que
1446 1905 1496 1945 j'ai
1518 1909 1568 1936 lus
1591 1916 1629 1935 en
1651 1908 1751 1936 Amé¬

794 1955 883 1992 rique
910 1964 960 1983 me
986 1953 1194 1992 prévenoient
1214 1961 1303 1981 assez
1329 1960 1366 1980 en
1393 1960 1427 1980 sa
1454 1951 1565 1980 faveur
1595 1959 1676 1987 pour
1701 1959 1750 1979 me

793 1997 917 2025 donner
937 1997 965 2024 le
982 1996 1068 2024 désir
1084 1996 1123 2023 de
1144 1996 1172 2023 le
1191 1994 1262 2022 voir
1277 1995 1443 2030 longtems,
1464 1992 1545 2021 mais
1563 1997 1653 2021 notre
1670 2001 1750 2020 con¬

791 2037 954 2067 versation
974 2039 1025 2065 n’a
1052 2045 1107 2074 pas
1126 2037 1176 2065 été
1194 2036 1327 2072 longue;
1348 2043 1383 2063 sa
1399 2034 1490 2063 visite
1517 2043 1534 2064 a
1560 2035 1609 2063 été
1629 2039 1748 2069 courte,

792 2086 822 2109 et
842 2080 863 2108 il
881 2088 919 2108 ne
935 2079 995 2108 m’a
1018 2088 1074 2116 pas
1093 2078 1196 2108 donné
1223 2078 1250 2107 le
1270 2077 1374 2106 moien
1394 2077 1430 2106 de
1448 2078 1476 2106 le
1501 2077 1604 2106 revoir
1622 2085 1745 2106 encore.

791 2124 816 2152 Il
835 2122 908 2151 s'est
937 2121 1043 2150 refusé
1069 2130 1129 2150 aux
1149 2119 1335 2150 invitations
1356 2128 1415 2157 que
1435 2120 1462 2157 je
1485 2119 1529 2148 lui
1550 2119 1578 2149 ai
1596 2119 1688 2149 faites
1708 2119 1747 2148 de

790 2164 879 2194 venir
900 2164 989 2193 diner
1016 2173 1091 2193 avec
1119 2163 1182 2193 moi
1210 2168 1241 2192 et
1270 2163 1298 2200 je
1327 2172 1366 2192 ne
1396 2162 1467 2192 dois
1496 2163 1524 2192 le
1548 2163 1620 2192 voir
1649 2163 1745 2201 qu’un

790 2211 931 2236 moment
952 2205 1153 2242 aujourd’hui
1174 2215 1255 2243 pour
1282 2205 1326 2235 lui
1353 2211 1504 2235 remettre
1531 2211 1612 2235 cette
1641 2206 1744 2243 lettre,

789 2249 864 2287 qu’il
883 2254 959 2279 veut
976 2249 1180 2279 absolument
1200 2248 1288 2278 venir
1308 2248 1460 2277 chercher
1476 2247 1650 2278 lui-même.
1676 2260 1688 2276 »

790 2342 821 2372 •f
846 2327 903 2386 57
989 2323 1354 2371 ALPHONSE
1396 2325 1511 2381 XII,
1547 2339 1592 2370 n.
1632 2325 1691 2370 28
1725 2328 1983 2374 novembre
2015 2329 2150 2392 1857,
2174 2329 2246 2375 fils
2275 2329 2332 2376 de
2360 2330 2404 2375 la
2447 2330 2575 2377 reine
2616 2331 2813 2378 Isabelle
2849 2333 2915 2390 II,
2953 2334 3021 2379 roi

789 2394 1056 2455 d’Espagne
1074 2397 1152 2455 (29
1170 2393 1420 2438 décembre
1452 2393 1606 2452 1874.)

838 2479 883 2515 L.
925 2479 965 2516 S.
1005 2491 1055 2515 au
1094 2476 1272 2514 cardinal
1320 2477 1506 2525 Caverot,
1553 2477 1694 2514 arche¬

787 2533 914 2582 vêque
945 2533 993 2570 de
1024 2534 1163 2582 Lyon;
1194 2530 1368 2579 Madrid,
1404 2531 1444 2568 3i
1479 2532 1693 2570 décembre

793 2587 903 2635 1879,
932 2600 942 2623 1
976 2600 1013 2635 p.
1041 2587 1144 2634 in-4,
1169 2586 1308 2635 papier
1335 2585 1522 2623 armorié.
1546 2608 1594 2614 —
1617 2587 1660 2624 P.

823 2659 847 2686 Il
866 2659 893 2686 le
914 2658 1065 2687 remercie
1085 2659 1139 2687 des
1160 2657 1366 2688 félicitations
1387 2658 1463 2695 qu’il
1479 2658 1525 2687 lui
1543 2668 1561 2688 a
1581 2660 1690 2688 adres¬

787 2700 856 2728 sées
874 2700 891 2728 à
907 2700 1076 2730 l’occasion
1096 2701 1134 2730 de
1151 2702 1181 2730 la
1202 2701 1346 2730 nouvelle
1361 2701 1468 2729 année.

1503 3025 1555 3067 •w
1625 3007 2185 3067 ANGLETERRE
2253 3027 2305 3071 s*

786 3169 813 3212 ■f
841 3168 899 3213 58
921 3166 953 3212 -f
990 3165 1209 3212 HENRI
1233 3164 1374 3222 VIII,
1393 3181 1438 3212 n.
1459 3169 1484 3211 à
1504 3165 1813 3222 Greenwich,
1834 3166 1891 3211 28
1909 3166 2008 3224 juin
2031 3180 2168 3226 1491,
2185 3165 2254 3211 roi
2277 3163 2603 3224 d’Angleterre
2625 3163 2700 3219 (22
2725 3163 2842 3210 avril
2867 3167 3020 3227 1509),

786 3249 849 3278 m.
881 3238 906 3278 à
940 3234 1178 3289 Londres,
1209 3232 1267 3278 28
1296 3232 1476 3291 janvier
1514 3235 1646 3294 1547.

835 3317 879 3354 L.
909 3319 965 3365 S.,
989 3330 1039 3355 en
1063 3318 1176 3365 latin,
1206 3329 1300 3355 avec
1322 3317 1358 3353 la
1380 3318 1649 3367 souscription

785 3372 1045 3420 autographe,
1068 3386 1118 3409 au
1140 3373 1277 3421 prince
1292 3372 1511 3422 Wolfgang
1525 3373 1650 3410 d’An-

786 3421 868 3458 halt
885 3425 939 3468 (n.
962 3439 1072 3474 1492,
1089 3428 1227 3474 prince
1249 3440 1299 3464 en
1327 3428 1437 3475 1508,
1451 3428 1586 3464 chassé
1601 3428 1649 3465 de

786 3484 846 3508 ses
868 3476 978 3512 Etats
997 3490 1046 3514 en
1067 3481 1179 3527 1532,
1200 3481 1344 3517 rétabli
1359 3482 1458 3518 dans
1478 3494 1519 3518 sa
1542 3482 1649 3530 prin¬

786 3525 943 3573 cipauté
973 3541 1023 3566 en
1055 3532 1166 3576 1552,
1195 3545 1250 3570 m.
1286 3535 1397 3580 1566)
1410 3546 1419 3582 ;
1453 3537 1648 3582 Londres,

788 3592 837 3625 24
861 3578 1013 3627 janvier
1048 3585 1157 3631 1531,
1194 3586 1250 3633 1/2
1277 3600 1316 3634 p.
1340 3588 1469 3625 in-fol.
1495 3590 1651 3626 Taches

787 3633 901 3669 d’eau
923 3642 960 3670 et
977 3639 1341 3685 raccommodages.
1358 3661 1408 3666 —
1430 3642 1472 3677 P.

823 3698 931 3727 Lettre
953 3699 991 3726 de
1017 3700 1145 3728 créance
1166 3709 1248 3736 pour
1273 3702 1302 3729 le
1329 3702 1460 3731 docteur
1486 3704 1652 3742 Craymer,

786 3748 843 3770 son
861 3740 1087 3770 ambassadeur
1107 3741 1222 3777 auprès
1242 3742 1280 3770 de
1300 3742 1507 3779 l’Empereur.
