3735 4647
572 571 2823 668 S. 1 CHEFS DE GOUVERNEMENT 25
597 911 630 940 *-
653 897 709 942 53
732 896 764 939 ^
800 886 1122 939 PHILIPPE
1160 883 1227 938 II,
1258 895 1306 924 n.
1340 882 1366 922 à
1404 878 1690 937 Valladolid,
1729 897 1781 926 21
1819 880 1913 924 mai
1952 881 2089 940 1627,
2123 882 2197 927 fils
2229 884 2411 943 unique
2453 885 2510 929 de
2546 885 2827 944 l’empereur

601 955 994 1014 Charles-Quint,
1017 949 1084 994 roi
1117 945 1384 1004 d’Espagne
1412 944 1489 998 (25
1526 945 1716 990 octobre
1748 963 1761 990 1
1775 948 1862 991 555
1866 947 1901 1001 ),
1925 958 1989 988 m.
2022 959 2035 988 i
2049 945 2073 989 3
2098 949 2364 1006 septembre
2392 966 2406 994 i
2419 952 2442 995 5
2449 966 2478 1011 g
2482 950 2509 995 8
2518 986 2526 994 .

651 1057 696 1091 L.
718 1055 765 1089 A.
784 1053 823 1088 S.
840 1051 861 1085 à
877 1050 913 1084 la
932 1046 1057 1083 Reine
1072 1041 1303 1092 (Catherine
1322 1038 1368 1073 de
1389 1037 1569 1087 Médicis,
1585 1051 1627 1076 sa
1641 1040 1885 1088 belle-mère)
1897 1052 1907 1088 ;
1926 1040 2168 1088 (septembre
2189 1045 2314 1094 1570),
2344 1058 2353 1082 I
2378 1058 2417 1094 p.
2438 1046 2495 1094 1/2
2512 1046 2664 1092 in-fol.,
2678 1047 2828 1084 cachet.

602 1128 649 1136 —
664 1108 708 1142 P.
725 1106 774 1140 de
788 1104 917 1139 Gunst
936 1097 1088 1146 d’après
1103 1108 1181 1134 van
1198 1096 1268 1131 der
1287 1089 1428 1127 Werff.

642 1191 835 1224 Importante
853 1185 945 1213 lettre
959 1182 1148 1219 historique.
1166 1180 1191 1208 Il
1207 1174 1351 1215 pourrait
1372 1182 1404 1202 se
1422 1179 1565 1203 montrer
1581 1176 1699 1205 offensé
1716 1177 1753 1206 de
1770 1179 1923 1214 quelques
1941 1177 2068 1213 paroles
2086 1180 2125 1208 de
2142 1180 2172 1209 la
2192 1181 2339 1211 dernière
2356 1183 2450 1212 lettre
2470 1183 2508 1211 de
2531 1185 2562 1212 la
2584 1184 2692 1218 Reine,
2712 1192 2773 1221 que
2788 1183 2832 1212 lui

606 1240 624 1260 a
644 1227 759 1258 remise
779 1225 1030 1256 l’ambassadeur
1046 1224 1283 1260 Fourquevaux
1298 1214 1467 1251 (Raimond
1488 1215 1527 1243 de
1548 1216 1696 1245 Beccarie
1713 1218 1752 1246 de
1776 1219 1883 1255 Ravie,
1907 1219 2008 1247 baron
2029 1219 2068 1248 de
2088 1220 2340 1260 Fourquevaux,
2360 1231 2393 1253 n.
2421 1233 2431 1253 i
2440 1224 2454 1253 5
2459 1232 2510 1261 og,
2531 1234 2574 1254 m.
2597 1205 2698 1262 1574)’,
2717 1225 2798 1254 mais
2812 1224 2836 1253 il

607 1269 787 1300 n’insistera
801 1276 858 1305 pas
878 1276 935 1304 par
952 1265 1046 1304 égard
1064 1273 1144 1302 pour
1158 1271 1193 1290 sa
1210 1256 1406 1288 belle-mère.
1418 1256 1443 1283 Il
1465 1263 1589 1291 promet
1603 1257 1776 1295 d’appuyer
1793 1261 1821 1288 le
1840 1261 1946 1296 projet
1959 1261 1997 1288 de
2015 1261 2156 1299 mariage
2175 1264 2213 1291 de
2231 1264 2398 1293 Sébastien
2418 1267 2457 1294 de
2479 1267 2630 1303 Portugal
2652 1275 2727 1295 avec
2748 1268 2837 1295 Mar¬

607 1310 728 1350 guerite
741 1311 778 1339 de
800 1308 920 1339 Valois.
940 1308 966 1336 11
983 1313 1032 1336 est
1048 1306 1230 1335 mécontent
1246 1299 1284 1328 de
1303 1298 1333 1325 la
1350 1304 1424 1333 paix
1440 1304 1502 1333 que
1518 1298 1547 1325 le
1570 1296 1618 1326 roi
1632 1298 1670 1325 de
1687 1298 1809 1328 France
1825 1309 1842 1329 a
1865 1301 1995 1330 conclue
2011 1309 2087 1330 avec
2104 1304 2151 1331 les
2170 1305 2315 1340 rebelles,
2335 1314 2390 1334 car
2409 1308 2468 1335 elle
2482 1312 2543 1343 est,
2562 1307 2664 1343 dit-il,
2679 1307 2837 1336 contraire

610 1363 673 1384 aux
688 1351 818 1383 intérêts
838 1351 876 1379 de
896 1352 926 1379 la
941 1356 1113 1382 couronne,
1133 1349 1173 1379 et,
1200 1351 1234 1371 ce
1253 1338 1309 1378 qui
1334 1341 1383 1366 est
1410 1338 1485 1374 plus
1510 1345 1616 1373 grave,
1639 1346 1703 1366 aux
1720 1340 1832 1369 choses
1855 1342 1893 1370 de
1916 1343 1945 1370 la
1967 1341 2114 1378 religion.
2139 1360 2177 1366 —
2195 1346 2252 1381 (La
2274 1346 2347 1382 paix
2367 1348 2451 1376 avait
2468 1349 2518 1376 été
2540 1349 2672 1377 conclue
2697 1356 2773 1377 avec
2792 1348 2837 1376 les

611 1396 812 1432 Huguenots,
825 1393 854 1422 le
874 1392 892 1421 8
913 1391 988 1420 août
1008 1398 1018 1417 i
1027 1389 1095 1425 byo,
1113 1387 1130 1414 à
1147 1378 1577 1415 Saint-Germain-en-Laye.
1594 1379 1637 1406 Le
1658 1379 1761 1416 projet
1776 1382 1815 1409 de
1832 1383 1969 1418 mariage
1993 1384 2030 1411 de
2046 1383 2241 1422 Marguerite
2255 1387 2292 1415 de
2305 1387 2419 1416 Valois
2434 1397 2508 1417 avec
2524 1390 2553 1417 le
2568 1388 2618 1417 roi
2632 1389 2670 1417 de
2686 1388 2839 1425 Portugal

612 1436 697 1465 n'eut
713 1444 770 1473 pas
784 1436 823 1463 de
839 1434 938 1461 suites
955 1439 963 1459 :
984 1427 1177 1465 Marguerite
1190 1426 1320 1460 épousa,
1334 1421 1363 1449 le
1384 1421 1419 1449 xb
1437 1419 1514 1449 août
1538 1428 1548 1448 x
1645 1428 1703 1448 son
1724 1421 1836 1450 cousin
1856 1423 1884 1451 le
1899 1423 2008 1459 prince
2025 1424 2064 1453 de
2083 1427 2241 1463 Navarre,
2258 1427 2372 1463 depuis
2387 1428 2488 1458 Henri
2508 1430 2580 1466 IV.)

647 2852 678 2880 4,
702 2839 763 2895 54
783 2848 816 2878 4-
849 2830 1171 2880 PHILIPPE
1203 2829 1266 2886 V,
1283 2844 1330 2874 n.
1355 2832 1382 2875 à
1399 2831 1671 2891 Versailles,
1695 2849 1749 2895 19
1769 2835 2018 2881 décembre
2045 2853 2060 2881 1
2070 2836 2161 2883 683
2169 2872 2181 2894 ,
2204 2838 2298 2883 duc
2330 2839 2559 2897 d’Anjou,
2581 2839 2790 2898 petit-fils
2814 2839 2873 2884 de

651 2904 795 2950 Louis
814 2902 947 2957 XIV,
965 2899 1035 2944 roi
1057 2897 1326 2955 d’Espagne
1346 2898 1426 2953 (24
1445 2900 1705 2945 novembre
1733 2903 1887 2960 1700),
1910 2917 1973 2947 m.
1999 2906 2025 2947 à
2046 2903 2249 2957 Madrid,
2275 2921 2304 2964 g
2325 2904 2475 2963 juillet
2502 2907 2634 2965 1746.

702 3002 746 3038 L.
777 3001 825 3037 A.
867 2999 907 3036 S.
942 2998 964 3035 à
991 2997 1191 3033 l’électeur
1212 2992 1259 3028 de
1282 2990 1460 3036 Bavière,
1487 3003 1559 3029 son
1587 2995 1725 3042 oncle;

654 3053 824 3098 Madrid,
855 3053 897 3088 16
923 3051 1133 3089 décembre
1160 3045 1271 3096 1706,
1293 3058 1304 3081 1
1324 3057 1362 3093 p.
1382 3044 1486 3091 in-4,
1506 3046 1727 3095 enveloppe

654 3118 691 3145 et
714 3106 863 3154 cachet.
888 3106 1007 3154 (Coll.
1029 3099 1320 3147 Dubrunfaut.)
1338 3120 1385 3126 —
1405 3098 1447 3134 P.

690 3194 716 3222 Il
732 3191 776 3221 lui
793 3190 948 3219 demande
963 3189 1053 3227 vingt
1071 3189 1211 3217 hommes
1230 3182 1348 3213 choisis
1365 3190 1447 3220 pour
1466 3182 1579 3211 rendre
1595 3190 1630 3211 sa
1645 3190 1731 3211 com¬

659 3234 771 3274 pagnie
788 3233 843 3261 des
863 3232 977 3269 gardes
997 3232 1041 3260 du
1059 3240 1153 3268 corps
1172 3228 1347 3257 wallonnes
1367 3224 1532 3261 complète.
1552 3235 1563 3251 »
1579 3224 1668 3254 Vous
1682 3233 1732 3253 me

657 3280 740 3308 ferez
756 3274 866 3315 plaisir
879 3274 918 3302 de
938 3275 983 3303 les
1003 3274 1081 3303 tirer
1100 3274 1137 3303 de
1158 3274 1185 3301 la
1201 3268 1364 3299 cavallerie
1381 3267 1418 3296 de
1434 3267 1464 3294 la
1486 3274 1604 3296 mesme
1621 3267 1731 3296 nation

657 3322 712 3358 qui
728 3325 776 3350 est
797 3326 873 3347 sous
889 3324 947 3344 vos
964 3316 1087 3344 ordres.
1105 3316 1173 3352 J’ay
1189 3311 1302 3348 chargé
1327 3311 1354 3338 le
1377 3308 1464 3338 sieur
1484 3308 1660 3345 Duveland,
1678 3309 1734 3347 qui

658 3372 738 3394 vous
758 3361 872 3392 rendra
886 3363 966 3387 cette
979 3356 1084 3392 lettre,
1104 3357 1141 3385 de
1155 3357 1201 3385 les
1215 3351 1367 3382 conduire
1383 3350 1444 3388 icy,
1456 3355 1487 3379 et
1504 3350 1532 3386 je
1549 3350 1661 3388 profite
1677 3359 1732 3381 en¬

660 3415 734 3436 core
749 3413 826 3435 avec
840 3401 952 3440 plaisir
967 3400 1006 3428 de
1022 3404 1105 3428 cette
1119 3397 1267 3428 occasion
1279 3402 1362 3431 pour
1377 3401 1459 3422 vous
1473 3394 1674 3423 renouveller
1688 3396 1736 3424 les

661 3454 867 3479 asseurances
891 3444 929 3473 de
950 3441 1083 3471 l’estime
1100 3446 1131 3470 et
1148 3441 1186 3470 de
1203 3437 1330 3467 l’amitié
1347 3444 1407 3474 que
1427 3434 1489 3473 j’ay
1508 3444 1591 3473 pour
1605 3444 1698 3468 vous.
1721 3448 1734 3465 »

661 3510 695 3515 —
715 3484 1144 3530 (Maximilien-Emmanuel,
1162 3492 1192 3513 n.
1218 3481 1306 3516 1662,
1329 3480 1466 3508 électeur
1486 3479 1523 3508 de
1541 3480 1671 3509 Bavière
1697 3489 1736 3510 en

667 3537 755 3574 1679,
773 3534 849 3564 était
868 3530 961 3561 l’allié
985 3528 1022 3557 de
1039 3525 1139 3556 Louis
1158 3524 1245 3554 XIV.
1262 3523 1381 3560 Ayant,
1399 3521 1478 3550 dans
1506 3522 1536 3550 la
1562 3531 1676 3560 guerre
1700 3525 1739 3553 de

664 3580 694 3608 la
718 3575 902 3608 succession
920 3572 1107 3609 d’Espagne,
1127 3566 1194 3605 pris
1213 3564 1295 3604 parti
1318 3573 1400 3602 pour
1417 3564 1444 3592 le
1461 3565 1522 3594 duc
1545 3565 1693 3603 d’Anjou,
1716 3566 1737 3595 il

664 3621 750 3651 avait
766 3622 817 3650 été
834 3618 946 3649 chassé
962 3616 1002 3645 de
1022 3621 1072 3642 ses
1099 3611 1190 3641 Etats
1211 3618 1249 3638 en
1276 3616 1354 3645 1704
1376 3611 1407 3636 et
1428 3606 1532 3637 s’était
1558 3608 1681 3646 réfugié
1700 3617 1739 3638 en

664 3664 794 3693 France.
810 3664 835 3692 Il
852 3670 891 3690 ne
907 3664 1015 3690 rentra
1033 3657 1113 3686 dans
1127 3662 1186 3684 son
1207 3653 1361 3682 électorat
1376 3650 1470 3689 qu’en
1491 3659 1580 3688 1714,
1598 3652 1692 3689 après
1709 3653 1740 3682 la

666 3706 739 3742 paix
758 3704 933 3739 d’Utrecht,
953 3707 982 3731 et
999 3703 1129 3729 mourut
1149 3705 1187 3727 en
1207 3694 1309 3734 1726.)

2863 3979 2915 4029 7
