3610 4663
792 602 847 649 18
1374 611 1598 653 CHEFS
1659 611 1746 651 DE
1806 609 2407 653 GOUVERNEMENT
2503 624 2599 653 î-s
2912 601 3006 650 8.1

836 895 872 931 i°
909 895 954 930 L.
984 894 1033 930 A.
1064 892 1262 941 paraphée
1293 893 1315 929 à
1345 893 1642 930 mademoiselle
1675 893 1723 929 de
1760 892 1927 938 Broval;
1958 892 2168 941 Tuileries,
2197 906 2240 941 17
2258 893 2412 941 janvier
2438 892 2548 942 i83g,
2577 907 2588 930 1
2615 905 2653 941 p.
2684 893 2740 941 1/2
2768 890 2869 928 in-8.
2892 911 2939 920 —
2962 896 3006 933 P.

817 964 1613 1010 Belle lettre relative à la mort de sa fille
775 1002 1614 1053 Marie (duchesse de Würtemberg, décédée à
778 1044 1613 1092 Pise le 6 janvier). «Elle a fait la mort d'une
775 1085 1612 1138 sainte. C'est la consolation que Dieu nous a
776 1127 1607 1175 accordé en nous enlevant cette si chère enfant…»
818 1205 1608 1259 2° L.S. au cardinal Ostini; Paris,
779 1258 1606 1317 10 février 1847, 1/2 p. in-fol., enve¬
777 1310 1130 1368 loppe et cachet.
808 1390 1610 1436 Réponse aux témoignages d'attachement qu'il
772 1433 1564 1476 lui a donnés à l'occasion des fêtes de Noël.
773 1539 804 1568 ^
825 1538 887 1582 40
909 1538 942 1568 h-
975 1524 1543 1572 GOUVERNEMENT
1571 1523 1979 1572 PROVISOIRE
2012 1528 2092 1584 (24
2112 1525 2283 1572 février
2304 1543 2363 1572 au
2389 1543 2417 1587 9
2443 1525 2535 1571 mai
2569 1524 2722 1583 1848).

820 1610 865 1648 L.
889 1610 930 1648 S.
961 1611 1032 1660 par
1067 1611 1111 1649 F.
1140 1612 1296 1655 Arago,
1333 1611 1485 1658 Marie,
1519 1611 1644 1647 Louis
1678 1611 1830 1658 Blanc,
1861 1611 2034 1647 Armand
2062 1611 2274 1659 Marrast,
2302 1612 2528 1659 Crémieux,
2554 1611 2733 1658 Albert,
2760 1610 2925 1647 Dupont
2956 1623 3004 1647 de

769 1666 937 1714 l'Eure,
962 1666 1102 1703 Ledru
1122 1666 1290 1713 Rollin,
1314 1665 1497 1704 Garnier
1523 1664 1652 1702 Pagès
1673 1665 1712 1701 et
1733 1665 1986 1712 Lamartine,
2003 1665 2025 1701 à
2042 1665 2079 1701 la
2093 1664 2407 1704 Confédération
2426 1666 2571 1712 suisse;
2590 1664 2753 1713 Paris,4
2767 1676 2872 1701 mars
2893 1664 3001 1713 1848,

777 1732 787 1755 1
813 1733 852 1769 p.
879 1720 1026 1757 double
1047 1720 1183 1757 in-fol.
1206 1721 1370 1768 oblong.

804 1785 946 1823 Superbe
967 1786 1064 1823 pièce.
1085 1787 1192 1815 Lettre
1212 1786 1249 1814 de
1272 1787 1404 1815 créance
1433 1794 1471 1813 en
1496 1784 1608 1813 faveur
1626 1785 1668 1812 du
1692 1784 1818 1820 général
1838 1784 1876 1811 de
1898 1784 2031 1820 Thiard,
2060 1785 2288 1816 ambassadeur
2305 1788 2345 1816 de
2371 1788 2401 1817 la
2422 1787 2620 1825 République
2648 1786 2805 1824 française
2831 1787 2945 1824 auprès
2968 1788 3005 1816 de

767 1829 797 1856 la
824 1827 1074 1858 Confédération
1102 1827 1216 1855 suisse.
1243 1842 1278 1849 —
1293 1825 1792 1862 (Auxonne-Théodose-Marie,
1812 1830 1917 1853 comte
1937 1825 1975 1853 de
1991 1826 2112 1854 Thiard
2133 1827 2169 1856 de
2189 1828 2294 1866 Bissy,
2316 1831 2354 1859 né
2374 1831 2392 1859 à
2423 1829 2514 1859 Paris
2540 1838 2577 1858 en
2602 1837 2689 1867 1772,
2711 1828 2780 1857 aide
2800 1829 2838 1857 de
2858 1838 2949 1867 camp
2969 1830 3006 1859 de

767 1870 934 1906 Napoléon
952 1870 979 1905 I,
999 1868 1046 1897 fut
1065 1868 1179 1904 député
1196 1868 1234 1896 de
1258 1868 1335 1896 1820
1363 1867 1380 1894 à
1405 1866 1483 1902 1848
1503 1870 1534 1894 et
1554 1866 1659 1901 siégea
1679 1866 1696 1893 à
1718 1865 1880 1894 l’extrême
1904 1865 2035 1901 gauche.
2060 1867 2085 1894 Il
2106 1866 2155 1895 fut
2183 1870 2412 1900 ambassadeur
2432 1880 2470 1900 en
2491 1871 2600 1900 Suisse
2621 1870 2769 1907 jusqu’au
2790 1870 2873 1899 mois
2893 1870 3001 1900 d’avril

771 1912 847 1948 1849
862 1916 892 1940 et
909 1914 1040 1939 mourut
1059 1916 1098 1937 en
1122 1917 1133 1937 i
1139 1908 1223 1944 852.)
