3786 4647
654 596 747 643 8.1
1248 594 1470 640 CHEFS
1530 595 1617 635 DE
1678 595 2279 637 GOUVERNEMENT
2377 611 2476 641 îS
2820 599 2876 647 17

660 907 690 935 4.
715 893 773 937 36
796 905 827 932 ■+
864 882 1077 932 HENRI
1106 882 1148 937 V
1191 876 2374 937 (Henri-Charles-Ferdinand-Marie-Dieudonné
2418 880 2474 924 de
2505 878 2743 935 Bourbon,
2780 876 2884 933 dit),

663 959 733 1002 fils
766 957 826 999 du
860 955 950 997 duc
984 950 1041 992 de
1077 945 1208 990 Berri
1234 954 1279 988 et
1310 941 1367 984 de
1397 941 1801 989 Marie-Caroline
1828 945 1886 988 de
1911 943 2111 1001 Naples,
2143 945 2235 989 duc
2262 947 2319 990 de
2352 947 2619 1002 Bordeaux,
2646 956 2799 990 comte
2832 944 2887 988 de

663 1016 956 1070 Chambord,
980 1029 1023 1057 n.
1052 1016 1076 1056 à
1094 1009 1244 1063 Paris,
1265 1023 1322 1066 29
1346 1006 1611 1063 septembre
1642 1010 1779 1065 1820,
1804 1024 1867 1052 m.
1893 1012 1919 1052 à
1943 1006 2208 1054 Frohsdorf
2223 1012 2506 1070 (Autriche),
2532 1026 2591 1071 24
2616 1012 2726 1056 août
2753 1009 2885 1057 1883.

714 1099 758 1133 L.
785 1097 829 1131 A.
851 1095 907 1139 S.,
934 1102 982 1127 en
1005 1088 1189 1137 français,
1224 1097 1274 1122 au
1295 1082 1355 1119 roi
1376 1082 1424 1117 de
1448 1082 1613 1120 Bavière
1632 1085 1772 1131 (Louis
1800 1086 1852 1132 I);
1887 1083 2124 1132 Kirchberg,
2160 1086 2178 1122 5
2211 1090 2436 1136 septembre
2462 1089 2571 1136 1840,
2603 1102 2613 1125 1
2645 1102 2682 1137 p.
2713 1089 2769 1137 1/2
2794 1089 2890 1134 in-4,

665 1149 885 1195 enveloppe
906 1152 944 1182 et
965 1142 1117 1190 cachet.
1141 1140 1260 1190 (Coll,
1279 1148 1350 1174 von
1372 1135 1443 1170 der
1468 1135 1612 1185 Tann.)
1636 1159 1683 1164 —
1708 1140 1751 1176 P.

702 1218 844 1255 Superbe
870 1217 962 1245 lettre
985 1214 1027 1244 où
1046 1214 1068 1243 il
1082 1214 1112 1242 le
1128 1209 1278 1242 remercie
1304 1205 1424 1235 d’avoir
1452 1205 1556 1233 donné
1579 1215 1637 1235 son
1659 1210 1822 1244 agrément
1847 1218 1887 1238 au

668 1268 787 1298 voyage
805 1258 878 1295 qu’il
896 1265 934 1286 va
952 1256 1029 1285 faire
1045 1264 1084 1284 en
1098 1254 1239 1283 Bavière.
1254 1249 1325 1286 (Cet
1339 1247 1501 1283 agrément
1513 1246 1598 1275 avait
1613 1249 1662 1276 été
1679 1249 1834 1278 demandé
1847 1260 1887 1279 au

673 1302 731 1331 Roi
748 1310 805 1338 par
819 1303 847 1329 le
864 1301 925 1329 duc
943 1296 1171 1335 d’Angoulême
1187 1296 1215 1323 le
1230 1301 1241 1321 i
1255 1291 1333 1320 août
1350 1289 1450 1325 1840).
1471 1298 1483 1314 «
1502 1287 1548 1316 Ce
1570 1297 1641 1317 sera
1661 1289 1889 1321 certainement

669 1353 711 1373 un
733 1344 803 1372 bien
820 1342 918 1381 grand
939 1340 1050 1378 plaisir
1076 1346 1158 1376 pour
1183 1334 1248 1364 moi
1275 1331 1441 1360 d’admirer
1465 1329 1510 1357 les
1531 1331 1646 1365 grands
1668 1336 1805 1360 travaux
1829 1341 1890 1369 que

670 1386 770 1415 Votre
789 1385 923 1421 Majesté
948 1382 1005 1411 fait
1028 1382 1174 1409 exécuter
1198 1376 1274 1403 dans
1295 1381 1352 1401 son
1376 1378 1528 1408 royaume
1552 1375 1582 1399 et
1604 1376 1676 1399 tous
1702 1373 1748 1400 les
1774 1381 1890 1401 monu-

671 1435 759 1455 mens
786 1427 862 1455 dont
889 1425 947 1453 elle
967 1432 1006 1451 ne
1028 1429 1116 1450 cesse
1141 1414 1314 1447 d’embellir
1330 1421 1364 1440 sa
1382 1412 1531 1448 capitale;
1558 1412 1638 1440 mais
1662 1412 1691 1448 je
1716 1413 1799 1441 serai
1816 1413 1889 1442 bien

673 1469 745 1504 plus
765 1469 907 1496 heureux
924 1472 1035 1493 encore
1053 1463 1089 1490 de
1110 1469 1159 1488 me
1174 1455 1369 1493 rapprocher
1389 1454 1407 1481 d
1422 1463 1462 1482 un
1481 1452 1540 1481 Roi
1554 1458 1735 1489 protecteur
1750 1454 1806 1482 des
1822 1460 1890 1483 arts

673 1515 702 1537 et
719 1509 771 1545 qui
787 1509 846 1536 fait
864 1511 932 1535 tant
952 1513 1033 1541 pour
1050 1504 1079 1531 la
1097 1500 1207 1538 gloire,
1223 1505 1285 1525 non
1308 1496 1479 1524 seulement
1493 1488 1532 1522 ùe
1546 1495 1576 1523 la
1597 1495 1740 1531 Bavière,
1758 1496 1839 1523 mais
1852 1496 1891 1524 de

672 1550 880 1585 l’Allemagne
899 1550 971 1576 tout
990 1544 1141 1572 entière...
1164 1551 1176 1566 »

677 1647 708 1674 4-
733 1633 786 1689 37
814 1645 841 1673 -5-
876 1625 1075 1674 LOUIS
1104 1622 1426 1668 PHILIPPE
1471 1622 1509 1675 I,
1540 1637 1585 1666 n.
1626 1623 1652 1667 à
1689 1621 1848 1679 Paris,
1887 1623 1915 1668 6
1948 1622 2138 1668 octobre
2180 1624 2316 1683 1773,
2348 1626 2439 1669 duc
2467 1627 2736 1684 d’Orléans,
2765 1630 2836 1673 roi
2864 1631 2905 1674 le

680 1698 702 1738 5
734 1694 845 1737 août
874 1692 1006 1746 i83o,
1034 1688 1226 1733 détrôné
1254 1688 1294 1731 le
1319 1702 1378 1745 24
1398 1687 1567 1733 février
1597 1689 1729 1746 1848,
1760 1704 1822 1733 m.
1849 1692 1874 1734 à
1896 1689 2167 1735 Claremont
2183 1689 2512 1750 (Angleterre),
2537 1693 2595 1738 26
2623 1692 2736 1737 août
2766 1695 2902 1740 i85o.

729 1777 775 1812 L.
811 1776 867 1820 S.,
905 1784 1062 1810 comme
1101 1772 1178 1809 duc

682 1830 728 1866 de
771 1828 957 1865 Chartres
976 1840 985 1872 ;
1035 1828 1176 1876 Passy,

684 1896 703 1919 2
724 1884 888 1920 octobre
921 1881 1031 1930 1789,
1060 1882 1116 1930 1/2
1139 1894 1178 1930 p.

683 1938 785 1985 in-4.
797 1960 843 1964 —
855 1938 896 1974 P-
910 1937 956 1974 de
968 1936 1179 1974 Chevillet.

718 2016 742 2044 Il
769 2015 914 2052 exprime
933 2022 967 2042 sa
978 2012 1052 2050 joie
1074 2023 1136 2051 que
1154 2014 1183 2043 le

686 2057 732 2086 roi
759 2057 803 2087 ait
829 2056 962 2086 accordé
984 2057 1014 2085 la
1030 2057 1121 2094 grâce
1143 2057 1184 2085 du

685 2101 809 2129 nommé
821 2102 897 2129 Boni
903 2099 973 2135 and,
986 2108 1068 2136 pour
1081 2100 1184 2136 lequel

686 2142 705 2170 il
721 2143 805 2172 avait
821 2143 953 2178 imploré
968 2150 1001 2171 sa
1017 2141 1185 2170 clémence.

688 2248 717 2275 *
743 2235 799 2278 38
827 2247 854 2275 4-
890 2231 1090 2278 LOUIS
1121 2232 1440 2276 PHILIPPE
1468 2231 1506 2285 I,
1536 2230 1606 2273 roi
1631 2231 1711 2273 des
1737 2230 1959 2287 Français

739 2311 785 2346 L.
808 2311 856 2346 A.
880 2311 921 2345 S.
941 2310 964 2344 à
985 2308 1150 2344 Charles
1167 2307 1223 2352 X;
1247 2307 1426 2354 Neuilly,
1452 2318 1497 2342 io
1511 2304 1598 2353 juin
1625 2306 1736 2353 1829,
1759 2305 1782 2340 8
1797 2318 1836 2353 p.
1856 2306 1993 2343 in-fol.
2012 2326 2058 2332 —
2081 2306 2125 2342 P.
2145 2308 2264 2352 gravé
2281 2319 2333 2344 au
2352 2309 2472 2344 burin
2491 2322 2562 2356 par
2581 2311 2809 2358 Hopwood.

726 2375 834 2402 Lettre
850 2374 905 2401 des
923 2372 995 2408 plus
1009 2371 1172 2399 curieuses
1193 2370 1234 2399 où
1252 2370 1273 2398 il
1295 2370 1370 2398 rend
1390 2373 1516 2406 compte
1537 2370 1579 2397 du
1599 2379 1720 2408 voyage
1737 2370 1813 2407 qu’il
1830 2370 1917 2399 vient
1933 2371 1970 2399 de
1987 2370 2065 2398 faire
2082 2377 2120 2396 en
2136 2369 2327 2406 Angleterre
2344 2380 2419 2400 avec
2442 2381 2501 2401 son
2517 2373 2568 2401 fils
2581 2373 2662 2403 aîné.
2680 2375 2705 2403 Il
2728 2384 2745 2403 a
2758 2376 2831 2403 dîné
2848 2385 2921 2404 sans

691 2414 867 2443 cérémonie
883 2414 958 2442 chez
980 2413 1008 2440 le
1029 2412 1076 2440 roi
1093 2413 1247 2449 (Georges
1268 2412 1336 2448 IV),
1352 2412 1379 2439 le
1399 2411 1566 2440 dimanche
1589 2420 1623 2447 17
1647 2412 1709 2441 mai
1727 2421 1733 2441 :
1757 2412 1785 2440 le
1808 2412 1915 2448 prince
1936 2412 2122 2447 Esterhazy,
2139 2411 2368 2441 ambassadeur
2384 2413 2577 2450 d’Autriche,
2597 2414 2643 2451 s’y
2662 2416 2812 2444 trouvait.
2837 2428 2850 2443 «
2868 2418 2920 2446 Au

692 2460 830 2483 moment
846 2456 884 2482 de
902 2461 1013 2490 passer
1027 2453 1104 2480 dans
1128 2454 1158 2481 la
1173 2453 1249 2481 salle
1264 2453 1281 2479 à
1304 2460 1443 2488 manger,
1466 2454 1495 2480 le
1516 2452 1562 2481 roi
1581 2454 1749 2491 m’appella
1765 2458 1795 2482 et
1811 2462 1861 2482 me
1882 2454 1927 2481 dit
1947 2454 1985 2481 de
2005 2451 2050 2481 lui
2067 2452 2189 2479 donner
2204 2453 2233 2479 le
2256 2453 2337 2481 bras.
2356 2454 2400 2482 Le
2423 2454 2483 2482 duc
2499 2455 2538 2482 de
2557 2455 2780 2492 Cumberland,
2802 2458 2831 2486 le
2854 2459 2920 2486 seul

691 2497 746 2524 des
763 2496 886 2531 princes
908 2493 1029 2529 anglais
1049 2493 1104 2528 qui
1122 2502 1154 2520 se
1178 2493 1309 2521 trouvât
1325 2493 1343 2519 à
1359 2501 1393 2520 ce
1416 2494 1507 2521 dîner
1529 2495 1571 2522 où
1587 2494 1608 2522 il
1634 2496 1685 2532 n’y
1701 2494 1787 2523 avait
1803 2494 1891 2531 point
1911 2496 1949 2522 de
1973 2495 2093 2528 dames,
2115 2493 2150 2520 fit
2173 2501 2284 2528 passer
2299 2502 2376 2522 mon
2388 2495 2449 2530 fils,
2466 2501 2497 2523 et
2519 2497 2548 2523 le
2565 2495 2674 2532 prince
2691 2497 2866 2535 Esterhazy
2883 2507 2922 2526 ne

694 2544 785 2573 passa
798 2534 941 2572 qu’après
965 2542 1036 2561 eux.
1055 2544 1067 2559 »
1087 2533 1133 2561 Ce
1156 2534 1210 2561 fait
1234 2533 1271 2561 de
1294 2534 1463 2569 préséance
1479 2534 1557 2564 était
1570 2535 1758 2572 important,
1775 2544 1839 2571 car,
1860 2544 1900 2564 au
1920 2534 2053 2572 congrès
2076 2534 2113 2562 de
2134 2534 2296 2571 Laybach,
2316 2534 2338 2563 il
2357 2536 2441 2564 avait
2457 2537 2506 2564 été
2522 2536 2629 2565 décidé
2648 2546 2709 2574 que
2729 2538 2775 2566 les
2796 2541 2923 2568 ambas¬

693 2578 823 2608 sadeurs
841 2585 879 2605 ne
898 2574 1076 2604 céderaient
1095 2575 1122 2602 le
1143 2582 1200 2610 pas
1221 2574 1337 2609 qu’aux
1358 2575 1480 2610 princes
1499 2576 1550 2605 fils
1570 2586 1614 2606 ou
1631 2577 1734 2607 frères
1751 2577 1789 2606 de
1808 2576 1887 2605 rois.
1907 2578 1953 2605 Le
1970 2576 2019 2605 roi
2037 2575 2084 2603 lui
2104 2584 2122 2603 a
2142 2576 2230 2612 parlé
2249 2577 2288 2604 de
2307 2585 2361 2605 ces
2383 2577 2553 2607 difficultés
2575 2584 2607 2607 et
2629 2588 2647 2607 a
2667 2579 2792 2608 déclaré
2814 2590 2876 2618 que
2894 2582 2924 2610 le

695 2622 831 2661 système
841 2618 956 2656 adopté
967 2615 1043 2645 était
1053 2615 1070 2643 à
1081 2615 1111 2643 la
1119 2615 1182 2643 fois
1198 2613 1409 2644 inconvenant
1424 2622 1453 2645 et
1462 2617 1673 2656 impolitique.
1691 2620 1837 2655 Longues
1856 2617 2108 2647 considérations
2125 2617 2143 2644 à
2159 2626 2193 2645 ce
2214 2617 2308 2655 sujet.
2323 2619 2366 2647 Le
2379 2620 2441 2648 duc
2461 2621 2499 2649 de
2512 2621 2713 2659 Wellington
2728 2631 2745 2651 a
2759 2624 2808 2651 été
2825 2623 2924 2652 d’avis

696 2664 771 2703 qu’il
798 2661 899 2692 fallait
927 2659 1061 2695 abroger
1090 2665 1123 2685 ce
1149 2656 1324 2694 règlement
1349 2657 1487 2687 absurde
1508 2664 1538 2688 et
1558 2669 1576 2689 a
1598 2661 1720 2690 déclaré
1740 2669 1800 2698 que
1820 2668 1877 2688 son
1898 2660 2011 2688 maître
2031 2659 2160 2688 écrirait
2179 2659 2196 2687 à
2216 2668 2250 2688 ce
2270 2660 2354 2698 sujet
2382 2661 2400 2689 à
2428 2663 2616 2700 l’empereur
2645 2663 2838 2694 d’Autriche.
2863 2676 2875 2693 «
2898 2667 2925 2695 Il

697 2717 733 2737 ne
754 2716 804 2736 me
824 2710 908 2735 reste
929 2703 999 2741 plus
1013 2723 1021 2737 ,

698 2751 777 2787 Sire,
790 2749 859 2787 qu’à
880 2744 1022 2785 supplier

699 2794 799 2823 Votre
825 2791 959 2829 Majesté
986 2788 1024 2817 de

700 2845 777 2865 nous
800 2837 919 2864 donner
940 2834 957 2862 à
977 2837 1026 2860 cet

703 2878 798 2917 égard
811 2887 867 2907 son
880 2875 1028 2914 puissant

703 2921 812 2958 appui,
847 2918 929 2948 ainsi
966 2926 1027 2955 que

703 2973 782 2992 vous
791 2964 885 2992 l’avés
895 2960 964 2998 déjà
972 2960 1029 2989 fait

707 3014 745 3034 en
763 3014 843 3034 nous
859 3003 1030 3034 accordant

706 3049 736 3076 le
768 3048 844 3076 titre
874 3047 1030 3076 d'Altesse

709 3090 910 3127 royale,pour
918 3089 1032 3126 qu’une

707 3132 855 3160 nouvelle
874 3129 1033 3159 modifica¬

709 3174 776 3203 tion
792 3174 833 3202 du
849 3174 982 3210 système
997 3172 1034 3200 de

709 3216 856 3254 Laybach
866 3223 949 3244 nous
961 3216 1032 3251 pré¬

710 3268 801 3289 serve
816 3259 871 3288 des
885 3258 1036 3294 désagré-

711 3312 800 3332 mens
839 3301 894 3339 qui
937 3308 1033 3336 pour¬

713 3346 815 3376 raient
843 3353 881 3373 en
903 3342 1038 3372 résulter

715 3399 795 3428 pour
806 3396 900 3424 nous,
909 3387 1038 3423 lorsque

714 3442 795 3462 nous
821 3430 958 3460 visitons
983 3429 1039 3457 des

714 3485 808 3505 cours
821 3473 1014 3511 étrangères.
1026 3482 1038 3497 »

717 3568 748 3597 •l
771 3557 829 3617 39
852 3570 883 3599 ^
918 3552 1132 3600 MARIE
1160 3536 1416 3596 AMÉLIE
1444 3544 1529 3590 DE
1559 3543 1907 3600 BOURBON,
1931 3559 1978 3589 n.
2000 3543 2254 3603 àCaserte,
2280 3547 2338 3593 26
2361 3549 2478 3595 avril
2505 3551 2641 3613 1782,
2666 3554 2761 3600 fille
2784 3556 2848 3601 du
2872 3556 2941 3600 roi

715 3625 796 3669 des
830 3620 1142 3669 Deux-Siciles
1182 3613 1452 3664 Ferdinand
1496 3613 1562 3657 IV
1591 3624 1636 3658 et
1672 3613 1729 3658 de
1760 3610 2178 3670 Marie-Caroline,
2219 3613 2398 3662 femme
2444 3618 2501 3664 de
2537 3621 2685 3666 Louis
2722 3623 2944 3683 Philippe

715 3693 791 3747 (25
815 3689 1074 3735 novembre
1106 3686 1259 3747 1809),
1284 3698 1348 3728 m.
1374 3685 1400 3726 à
1420 3681 1694 3727 Claremont
1714 3680 2047 3739 (Angleterre),
2075 3693 2136 3737 24
2161 3696 2291 3728 mars
2323 3684 2459 3731 1866.
