3601 4648
782 591 839 632 10
1375 591 1599 633 CHEFS
1660 592 1746 632 DE
1806 577 2404 631 GOUVERNEMENT
2907 577 3000 624 S.i

772 898 803 925 4-
833 882 886 926 18
909 893 940 922 i
976 879 1174 927 LOUIS
1212 881 1354 936 XIII,
1379 896 1425 924 n.
1458 881 1484 924 à
1509 879 1901 933 Fontainebleau,
1927 893 1980 938 27
2019 878 2286 937 septembre
2315 879 2450 933 1601,
2475 878 2547 922 fils
2570 877 2627 921 de
2651 875 2805 921 Henri
2827 876 2912 931 IV,
2933 876 2999 920 roi

774 949 813 992 le
835 961 888 1004 14
905 946 998 990 mai
1020 947 1154 1003 1610,
1172 963 1234 992 m.
1259 951 1285 992 à
1307 944 1936 1003 Saint-Germain-en-Laye,
1959 957 2013 1001 14
2029 944 2122 988 mai
2146 944 2280 1001 1643.

823 1037 869 1073 L.
904 1037 952 1072 A.
982 1037 1022 1073 S.
1054 1037 1075 1073 à
1111 1038 1166 1075 M.
1198 1038 1246 1074 de
1282 1036 1446 1073 Bullion
1474 1036 1773 1084 (surintendant
1811 1034 1879 1069 des
1910 1033 2118 1082 finances);
2150 1033 2285 1071 Saint-

772 1089 1185 1140 Germain-en-Laye,
1220 1104 1256 1128 11
1293 1090 1505 1127 décembre
1529 1090 1643 1137 1640,
1667 1102 1677 1125 1
1702 1101 1740 1137 p.
1764 1087 1817 1136 pl.
1842 1087 1943 1135 in-4.
1962 1110 2009 1115 —
2030 1090 2072 1126 P.

810 1167 902 1196 Pièce
922 1167 1098 1207 historique
1117 1169 1159 1200 où
1177 1170 1200 1199 il
1224 1169 1270 1199 lui
1293 1169 1437 1198 ordonne
1457 1169 1494 1197 de
1516 1167 1700 1206 n’expédier
1721 1174 1843 1195 aucune
1866 1165 1974 1195 affaire
1989 1167 2020 1196 ni
2043 1174 2146 1195 aucun
2163 1165 2225 1194 don
2246 1174 2285 1194 au

773 1208 861 1238 sieur
870 1210 908 1237 de
920 1209 1122 1249 Cinq-Mars,
1131 1221 1189 1241 son
1199 1211 1440 1249 grand-écuyer,
1452 1220 1527 1240 sans
1540 1220 1597 1240 son
1609 1209 1724 1247 exprès
1739 1208 2025 1238 commandement.
2034 1209 2139 1245 —(On
2149 1207 2214 1238 voit
2225 1216 2285 1245 que

773 1251 975 1289 Cinq-Mars,
1001 1254 1054 1291 qui
1080 1263 1119 1283 ne
1142 1255 1191 1283 fut
1218 1253 1321 1283 arrêté
1348 1255 1442 1290 qu’au
1474 1253 1554 1283 mois
1581 1253 1619 1281 de
1647 1251 1717 1289 juin
1744 1251 1782 1279 de
1808 1250 1927 1280 l’année
1954 1251 2044 1288 1642,
2073 1251 2149 1280 était
2172 1249 2286 1288 depuis

771 1294 949 1331 longtemps
969 1294 1036 1332 déjà
1053 1302 1183 1334 suspect
1202 1295 1219 1323 à
1238 1295 1336 1324 Louis
1356 1295 1457 1332 XIII.)

771 1425 799 1452 +•
834 1426 884 1472 19
971 1415 1162 1461 ANNE
1204 1414 1639 1469 D’AUTRICHE,
1686 1429 1732 1457 n.
1780 1427 1836 1457 22
1882 1413 2153 1472 septembre
2201 1413 2335 1467 1601,
2373 1410 2465 1454 fille
2510 1407 2574 1451 du
2616 1404 2687 1449 roi
2735 1404 3003 1465 d'Espagne

772 1477 987 1539 Philippe
1015 1481 1086 1525 III
1121 1492 1165 1525 et
1196 1480 1254 1525 de
1280 1480 1571 1541 Marguerite
1601 1478 1901 1535 d’Autriche,
1922 1478 2095 1523 femme
2123 1479 2178 1522 de
2206 1477 2353 1523 Louis
2381 1475 2503 1521 XIII
2528 1474 2603 1530 (25
2631 1471 2819 1515 octobre
2851 1471 3002 1528 1615),

768 1546 955 1605 régente
978 1548 1191 1606 pendant
1217 1547 1260 1592 la
1287 1547 1503 1592 minorité
1528 1548 1585 1592 de
1610 1546 1754 1591 Louis
1772 1546 1888 1590 XIV
1908 1545 2088 1603 (1648),
2116 1560 2179 1591 m.
2206 1548 2232 1589 à
2256 1543 2406 1600 Paris,
2432 1557 2489 1587 20
2512 1537 2690 1599 janvier
2718 1536 2850 1582 1666.

817 1636 860 1672 L.
875 1637 921 1673 A.
937 1637 976 1673 S.
992 1637 1014 1672 à
1028 1649 1068 1673 sa
1083 1636 1320 1673 belle-sœur
1335 1637 1371 1673 la
1386 1637 1587 1685 princesse
1605 1637 1654 1673 de
1672 1635 1858 1672 Piémont
1872 1635 2154 1682 (Chrestienne
2168 1635 2216 1672 de
2236 1635 2403 1680 France,
2420 1630 2502 1668 fille
2518 1630 2566 1666 de
2589 1626 2717 1665 Henri
2741 1627 2794 1663 IV
2806 1635 2844 1663 et
2858 1625 3004 1663 femme

767 1689 814 1725 de
850 1690 1202 1727 Victor-Amédée
1247 1692 1285 1739 I,
1321 1692 1398 1727 duc
1433 1692 1482 1728 de
1519 1691 1716 1739 Savoie);

770 1744 893 1791 Paris,
914 1757 933 1780 2
957 1744 1036 1780 mai
1064 1745 1174 1794 1629,
1202 1745 1265 1792 3/4
1291 1746 1339 1781 de
1360 1758 1402 1793 p.
1429 1745 1534 1792 in-4,
1560 1745 1718 1782 cachets

767 1806 804 1832 et
836 1797 952 1845 soies.
991 1798 1111 1845 (Coll.
1147 1799 1338 1846 Pécard.)
1361 1820 1410 1825 —
1435 1800 1478 1835 P.
1507 1799 1555 1834 de
1580 1801 1716 1834 Daret.

805 1874 948 1911 Superbe
963 1875 1055 1903 lettre
1072 1874 1113 1902 où
1128 1875 1185 1902 elle
1206 1883 1339 1911 marque
1354 1883 1389 1902 sa
1409 1874 1472 1911 joie
1490 1875 1527 1902 de
1548 1875 1719 1903 l’entrevue

769 1924 830 1952 que
856 1916 883 1944 le
908 1915 966 1944 Roi
994 1924 1012 1944 a
1041 1924 1100 1944 eue
1127 1924 1202 1944 avec
1232 1924 1267 1944 sa
1294 1924 1399 1952 sœur;
1421 1916 1481 1944 elle
1508 1916 1652 1953 exprime
1680 1925 1716 1945 en

768 1958 869 1986 même
884 1962 988 1994 temps
1002 1965 1052 1985 ses
1068 1962 1190 1994 regrets
1205 1957 1243 1986 de
1256 1958 1306 1994 n’y
1321 1957 1412 1986 avoir
1427 1966 1483 1995 pas
1499 1959 1547 1987 été
1562 1960 1717 1995 présente.

768 2093 800 2121 *
824 2094 882 2123 20
976 2077 1175 2125 LOUIS
1199 2079 1332 2134 XIV,
1354 2095 1398 2124 n.
1426 2083 1450 2124 à
1470 2079 2121 2138 Saint-Germain-en-Laye,
2144 2081 2167 2124 5
2197 2081 2466 2139 septembre
2486 2081 2621 2137 i638,
2642 2082 2713 2126 fils
2735 2083 2817 2127 des
2840 2084 3000 2141 précé¬

767 2146 924 2203 dents,
940 2145 1010 2190 roi
1027 2146 1068 2190 le
1093 2160 1146 2203 14
1162 2145 1253 2191 mai
1275 2146 1410 2205 1643,
1428 2147 1499 2193 dit
1513 2147 1555 2192 le
1575 2146 1747 2193 Grand
1753 2183 1765 2204 ,
1786 2162 1846 2192 m.
1867 2150 1892 2192 à
1907 2145 2178 2203 Versailles,
2207 2161 2217 2190 1
2249 2147 2517 2206 septembre
2541 2149 2673 2208 1715.
2695 2147 2897 2195 Comme
2917 2150 3002 2195 Pé-

766 2213 921 2270 riclès,
935 2215 1152 2273 Auguste
1166 2224 1210 2258 et
1231 2213 1361 2259 Léon
1384 2215 1443 2271 X,
1460 2215 1491 2260 il
1506 2216 1665 2260 donna
1688 2231 1774 2260 son
1790 2230 1904 2259 nom
1918 2217 1943 2259 à
1955 2230 2021 2259 un
2036 2213 2118 2259 des
2134 2225 2303 2274 quatre
2315 2215 2491 2275 grands
2505 2215 2669 2261 siècles
2683 2216 2739 2262 de
2754 2216 2997 2263 l’histoire.

819 2305 856 2340 i°
885 2304 928 2341 L.
961 2305 1003 2343 S.
1031 2317 1081 2342 au
1104 2305 1282 2355 marquis
1308 2306 1356 2343 de
1380 2306 1609 2345 Bellefonds
1630 2306 1874 2356 (Bernardin
1907 2306 2078 2355 Gigault,
2114 2318 2152 2345 n.
2184 2305 2295 2355 i63o,
2325 2306 2524 2344 maréchal
2549 2308 2597 2344 de
2626 2308 2779 2345 France
2806 2320 2855 2345 en
2891 2309 3001 2357 1668,

763 2371 815 2396 m.
855 2358 991 2408 1694);
1023 2360 1148 2408 Paris,
1173 2373 1219 2397 22
1245 2360 1392 2398 février
1418 2362 1527 2409 1664,
1558 2375 1569 2398 1
1594 2375 1632 2411 p.
1656 2362 1760 2410 in-4,
1782 2374 1843 2399 ca¬

763 2413 874 2451 chets
895 2424 933 2451 et
954 2415 1070 2452 soies.
1097 2415 1248 2464 Légère
1271 2415 1402 2454 tache.
1424 2439 1473 2443 —
1497 2418 1539 2453 P.

798 2493 882 2522 Belle
904 2494 995 2523 lettre
1016 2493 1057 2523 où
1079 2494 1099 2523 il
1115 2493 1158 2523 lui
1180 2494 1295 2523 mande
1317 2503 1378 2532 que
1395 2495 1424 2523 la
1446 2495 1609 2532 signature
1631 2496 1674 2524 du
1691 2495 1786 2525 traité
1804 2497 1842 2526 de

761 2533 833 2563 Pise
857 2535 983 2571 (conclu
1003 2544 1077 2564 avec
1097 2537 1125 2564 le
1144 2536 1229 2573 Pape
1252 2536 1280 2564 le
1303 2544 1338 2565 12
1357 2535 1488 2573 février)
1506 2545 1545 2565 ne
1565 2536 1610 2566 lui
1630 2537 1726 2566 laisse
1743 2537 1810 2566 rien
1825 2538 1842 2566 à

760 2576 924 2614 répliquer
937 2577 954 2605 à
972 2586 1006 2606 ce
1027 2578 1102 2615 qu’il
1121 2577 1165 2607 lui
1183 2577 1341 2615 marquait
1358 2578 1396 2608 de
1410 2581 1440 2608 la
1461 2580 1580 2616 qualité
1594 2580 1637 2609 du
1657 2580 1782 2610 chemin
1804 2581 1842 2610 de

762 2618 903 2656 Bologne
922 2619 939 2647 à
957 2620 1128 2649 Florence.

813 2690 853 2726 2°
877 2691 922 2727 L.
941 2699 1023 2728 aut.
1050 2692 1071 2728 à
1093 2704 1134 2728 sa
1152 2692 1391 2730 belle-sœur
1404 2694 1632 2739 (Henriette
1651 2695 1841 2744 d’Angle¬

763 2752 882 2788 terre,
906 2744 1100 2782 duchesse
1127 2746 1353 2796 d’Orléans,
1371 2748 1452 2785 fille
1469 2749 1522 2785 du
1547 2749 1607 2786 roi
1637 2750 1802 2787 Charles
1825 2752 1839 2787 I

762 2806 800 2834 et
832 2798 880 2834 de
916 2799 1284 2837 Henriette-Marie
1309 2802 1357 2838 de
1391 2803 1558 2847 France,
1592 2803 1756 2851 mariée,
1791 2817 1840 2842 en

768 2851 884 2898 1661,
919 2851 941 2887 à
977 2852 1161 2901 Philippe
1195 2854 1431 2902 d’Orléans,
1468 2856 1570 2893 frère
1604 2857 1759 2906 unique
1792 2860 1840 2896 de

765 2906 889 2943 Louis
915 2906 1045 2954 XIV);
1077 2906 1216 2955 Dijon,
1247 2908 1264 2944 5
1302 2908 1449 2946 février
1482 2910 1592 2959 1668,
1623 2924 1632 2947 1
1666 2924 1704 2959 p.
1734 2903 1839 2960 in-4,

758 2961 918 2998 cachets
940 2959 1076 2998 brisés.
1094 2961 1266 3009 Légères
1282 2962 1432 3011 taches.
1451 2963 1571 3011 (Coll.
1592 2965 1839 3016 Chambry.)

796 3038 963 3069 Précieuse
982 3038 1078 3077 pièce.
1104 3039 1216 3076 Epître
1235 3039 1307 3070 d’un
1329 3046 1403 3070 tour
1417 3043 1524 3080 galant
1548 3043 1565 3072 à
1583 3052 1617 3073 sa
1639 3044 1842 3083 belle-sœur,

760 3083 840 3112 dont
857 3082 878 3111 il
898 3082 976 3111 était
993 3082 1088 3120 épris.
1112 3083 1159 3111 En
1176 3082 1261 3111 voici
1280 3084 1308 3112 le
1328 3089 1412 3113 texte
1430 3095 1438 3115 :

797 3136 809 3151 «
833 3125 866 3155 Si
885 3125 912 3161 je
927 3134 964 3154 ne
981 3135 1063 3155 vous
1081 3125 1195 3155 aimois
1218 3126 1295 3163 fort,
1316 3126 1343 3163 je
1361 3136 1398 3156 ne
1420 3137 1499 3158 vous
1518 3129 1668 3160 escrirois
1685 3140 1753 3168 pas,
1771 3141 1824 3161 car
1848 3133 1876 3171 je
1894 3134 1953 3163 n'ai
1978 3133 2043 3163 rien
2065 3134 2082 3162 à
2102 3142 2183 3162 vous
2204 3133 2270 3162 dire
2295 3131 2388 3169 après
2413 3131 2458 3158 les
2480 3128 2643 3157 nouvelles
2670 3136 2730 3166 que
2751 3129 2799 3167 j’ai
2818 3133 2966 3162 mandées
2984 3133 2999 3161 à

759 3175 833 3195 mon
857 3167 941 3196 frère
953 3167 1125 3206 (Philippe,
1146 3168 1206 3197 duc
1222 3169 1240 3196 d
1255 3169 1414 3207 Orléans),
1436 3172 1514 3200 mais
1533 3172 1560 3208 je
1579 3172 1646 3201 suis
1670 3173 1743 3203 bien
1766 3174 1831 3203 aise
1849 3176 1886 3204 de
1904 3185 1984 3205 vous
2005 3176 2171 3205 confirmer
2195 3184 2229 3203 ce
2251 3183 2312 3212 que
2336 3173 2363 3210 je
2381 3181 2461 3200 vous
2477 3170 2504 3199 ai
2527 3171 2584 3208 dit,
2604 3170 2658 3208 qui
2683 3178 2730 3202 est
2745 3182 2805 3211 que
2821 3174 2868 3212 j’ai
2893 3181 3001 3205 autant

757 3209 898 3239 d’amitié
921 3219 1002 3248 pour
1017 3220 1097 3241 vous
1114 3220 1176 3249 que
1192 3220 1273 3241 vous
1297 3211 1326 3240 le
1350 3214 1470 3249 pouvés
1491 3215 1680 3247 souhaitter.
1704 3215 1796 3245 Soiés
1813 3218 1989 3254 persuadée
2004 3218 2042 3247 de
2060 3227 2093 3247 ce
2107 3227 2169 3255 que
2189 3217 2217 3254 je
2237 3225 2318 3246 vous
2333 3215 2482 3245 confirme
2501 3222 2558 3250 par
2582 3219 2663 3244 cette
2681 3216 2772 3246 lettre
2785 3223 2815 3247 et
2832 3218 2920 3247 faitte
2936 3226 3001 3246 mes

759 3253 975 3290 complimens,
995 3254 1041 3283 s’il
1067 3263 1150 3283 vous
1168 3254 1275 3291 plaist,
1297 3253 1314 3282 à
1342 3254 1524 3285 Mesdames
1548 3257 1584 3285 de
1612 3257 1746 3287 Monaco
1774 3264 1805 3288 et
1833 3260 1870 3288 de
1894 3260 2044 3296 Tianges.
2067 3271 2079 3286 »
2098 3276 2133 3280 —
2150 3260 2187 3294 (Il
2213 3258 2303 3295 s’agit
2337 3258 2373 3286 de
2400 3255 2752 3288 Catherine-Charlotte
2775 3261 2813 3288 de
2831 3260 3000 3294 Gramont,

759 3293 875 3323 femme
902 3296 939 3324 de
961 3296 1059 3326 Louis
1076 3296 1246 3332 Grimaldi,
1274 3296 1383 3333 prince
1407 3298 1443 3326 de
1470 3299 1618 3335 Monaco,
1646 3304 1676 3329 et
1697 3300 1734 3329 de
1761 3301 1922 3330 Gabrielle
1947 3302 1984 3330 de
2006 3300 2469 3335 Rochechouart-Mortemart,
2487 3299 2646 3336 marquise
2667 3301 2704 3330 de
2720 3302 2891 3339 Thianges,
2912 3309 3001 3329 sœur

760 3334 798 3361 de
818 3336 848 3364 la
866 3338 1025 3375 marquise
1042 3339 1080 3368 de
1100 3339 1319 3376 Montespan.)

763 3467 790 3498 *
820 3469 843 3498 2
858 3470 870 3499 1
968 3460 1167 3508 LOUIS
1201 3464 1307 3520 XV,
1332 3480 1378 3508 n.
1407 3468 1432 3508 à
1460 3465 1735 3523 Versailles,
1771 3469 1820 3512 i5
1857 3466 2026 3512 février
2056 3484 2190 3528 1710,
2215 3467 2385 3513 arrière
2414 3467 2624 3528 petit-fils
2652 3479 2695 3511 et
2722 3478 2998 3510 successeur

762 3518 826 3562 du
854 3524 1119 3580 précédent,
1148 3528 1215 3572 roi
1247 3530 1287 3573 le
1324 3546 1335 3574 1
1377 3532 1645 3589 septembre
1677 3534 1812 3592 1715,
1845 3549 1909 3580 m.
1936 3535 2053 3579 dans
2075 3536 2118 3580 la
2145 3534 2299 3580 même
2321 3535 2445 3591 ville,
2479 3551 2530 3580 10
2554 3533 2646 3578 mai
2680 3545 2812 3592 1774.

815 3609 859 3645 L.
882 3610 928 3645 A.
956 3611 996 3647 S.
1020 3612 1041 3647 à
1058 3625 1131 3649 son
1149 3616 1288 3652 cousin
1307 3617 1342 3653 le
1365 3628 1496 3655 comte
1514 3621 1562 3656 de
1585 3622 1797 3659 Clermont
1818 3624 1936 3669 (abbé
1958 3626 2006 3661 de
2026 3624 2563 3670 Saint-Germain-des-Prés,
2579 3620 2997 3669 lieutenant-général,

764 3663 943 3699 membre
977 3665 1025 3700 de
1058 3665 1068 3700 1
1085 3667 1299 3704 Académie
1319 3669 1528 3719 française,
1552 3685 1591 3709 n.
1618 3687 1728 3722 1709,
1752 3688 1804 3712 m.
1831 3680 1942 3724 1771)
1963 3689 1972 3724 ;
2016 3679 2245 3725 Versailles,
2269 3691 2291 3726 7
2312 3678 2410 3714 avril
2440 3676 2550 3724 1758,
2579 3682 2631 3717 1/2
2657 3688 2693 3723 p.
2719 3676 2822 3722 in-4,
2845 3675 2994 3716 cachet.

764 3738 810 3742 —
835 3717 876 3753 P.
901 3717 948 3753 de
973 3718 1128 3755 Daullé.
