3637 4663
786 609 845 657 14
1376 603 1601 645 CHEFS
1662 604 1748 644 DE
1808 601 2410 645 GOUVERNEMENT
2507 622 2604 650 ^
2908 599 3001 647 S.i

812 890 854 918 Le
881 887 1009 917 Comité
1029 887 1066 915 de
1087 886 1179 916 Salut
1204 886 1312 923 public
1338 888 1481 917 ordonne
1507 898 1569 926 que
1588 891 1633 919 les
1650 891 1886 927 départements
1912 888 1950 917 de
1974 888 2261 927 Seine-et-Marne,
2280 891 2318 920 de
2334 891 2444 926 l’Oise,
2465 891 2503 920 de
2524 892 2631 920 l’Eure
2650 896 2680 920 et
2699 891 2736 919 de
2753 891 2783 919 la
2804 890 3001 920 Seine-Inté¬

775 931 880 960 rieure
900 928 1083 957 fourniront
1108 933 1178 966 sept
1199 933 1270 957 cent
1289 928 1460 966 cinquante
1478 931 1621 961 voitures
1642 941 1724 969 pour
1744 938 1874 959 assurer
1900 931 1943 959 les
1970 940 2101 970 moyens
2127 932 2164 961 de
2180 937 2346 970 transport
2366 932 2403 961 de
2424 933 2549 962 l’armée
2579 933 2621 963 du
2642 933 2743 963 Nord.

816 2566 857 2601 2°
883 2565 930 2602 L.
954 2565 994 2602 S.
1019 2564 1089 2613 par
1116 2563 1389 2611 Cambacérès,
1420 2564 1584 2600 Merlin
1608 2576 1654 2600 de
1671 2565 1819 2606 Douai,
1843 2565 2013 2601 Daunou
2038 2564 2076 2600 et
2094 2564 2253 2610 Gamon,
2276 2575 2326 2599 au
2348 2562 2509 2611 citoyen
2532 2562 2656 2610 Pille;
2683 2562 2803 2602 Paris,
2833 2562 2875 2598 16
2897 2561 3003 2597 fruc¬

766 2618 874 2655 tidor
893 2631 944 2655 an
968 2620 1023 2655 III
1046 2620 1083 2665 (2
1105 2619 1331 2666 septembre
1358 2618 1486 2666 179b),
1514 2630 1524 2653 1
1553 2631 1589 2666 p.
1614 2618 1775 2665 in-fol.,
1797 2618 1976 2666 vignette
1997 2626 2036 2654 et
2056 2619 2136 2655 tête
2154 2617 2382 2666 imprimée.

804 2696 848 2724 Ils
877 2696 904 2724 le
933 2695 1142 2732 préviennent
1162 2704 1222 2732 que
1242 2696 1270 2724 le
1291 2696 1416 2733 général
1444 2696 1611 2732 Bonnaud,
1638 2695 1693 2733 qui
1724 2696 1911 2724 commande
1942 2695 1960 2723 à
1987 2695 2126 2732 Angers,
2154 2695 2308 2724 demande
2338 2694 2413 2732 qu’il
2441 2695 2504 2724 soit
2533 2695 2600 2733 pris
2630 2695 2685 2723 des
2709 2703 2852 2724 mesures
2879 2693 3006 2721 sévères

768 2745 849 2773 pour
865 2737 1035 2765 maintenir
1058 2738 1085 2766 la
1106 2737 1273 2774 discipline
1293 2743 1324 2767 et
1341 2747 1374 2766 se
1396 2739 1496 2776 plaint
1514 2738 1588 2775 qu’il
1605 2747 1626 2776 y
1644 2747 1662 2767 a
1682 2738 1761 2767 dans
1779 2739 1824 2766 les
1848 2737 1977 2775 prisons
2001 2737 2162 2773 plusieurs
2186 2737 2353 2767 militaires
2371 2743 2401 2766 et
2428 2738 2570 2767 chouans
2587 2737 2642 2774 qui
2659 2746 2697 2765 ne
2721 2742 2794 2765 sont
2815 2744 2872 2772 pas
2891 2741 3005 2763 encore

768 2779 918 2815 jugés.—
937 2779 992 2814 (Le
1015 2779 1138 2815 général
1160 2779 1334 2815 Bonnaud,,
1352 2788 1394 2807 un
1415 2780 1470 2808 des
1487 2780 1580 2808 héros
1597 2780 1635 2808 de
1659 2780 1786 2808 l’armée
1804 2779 1841 2807 de
1865 2778 2194 2816 Sambre-et-Meuse,
2213 2780 2307 2816 périt,
2325 2778 2447 2808 l’année
2465 2778 2622 2814 suivante,
2643 2786 2680 2805 en
2702 2777 2792 2814 1796,
2814 2776 2952 2813 pendant
2974 2775 3005 2802 la

767 2820 890 2848 célèbre
911 2819 1042 2848 retraite
1062 2820 1101 2848 de
1117 2820 1282 2854 Jourdan.)

768 2944 880 2989 *27
906 2942 938 2972 -s-
975 2927 1391 2973 DIRECTOIRE
1417 2918 1755 2975 EXÉCUTIF
1779 2932 1818 2987 (i
1852 2929 2113 2975 novembre
2140 2933 2254 2992 1795
2284 2946 2341 2975 au
2367 2947 2395 2991 9
2420 2927 2678 2974 novembre
2706 2927 2859 2986 1799.)

820 3027 857 3063 i°
886 3026 931 3062 L.
968 3026 1008 3063 S.
1055 3025 1125 3074 par
1156 3025 1338 3074 Carnot,
1381 3027 1567 3064 Reubell
1610 3027 1648 3063 et
1697 3027 1852 3063 Revel¬

768 3080 1117 3128 lière-Lépeaux,
1156 3092 1235 3116 aux
1269 3080 1562 3118 commissaires
1594 3081 1647 3118 du
1681 3093 1853 3130 gouver¬

766 3144 933 3173 nement
978 3134 1143 3184 chargés
1187 3135 1236 3171 de
1280 3135 1482 3172 recueillir
1530 3136 1585 3174 les
1629 3134 1759 3185 objets
1803 3137 1851 3173 de

765 3192 941 3230 sciences
975 3201 1013 3229 et
1045 3193 1166 3229 d’arts
1199 3203 1249 3228 en
1288 3191 1413 3238 Italie,
1443 3193 1464 3228 à
1496 3192 1690 3240 Modène;
1722 3192 1850 3240 Paris,

766 3247 811 3283 25
836 3247 1040 3284 brumaire
1060 3259 1110 3284 an
1133 3247 1168 3283 V
1191 3247 1223 3294 (i
1237 3246 1254 3282 5
1277 3248 1497 3284 novembre
1530 3248 1656 3297 1796),
1686 3260 1696 3283 1
1724 3260 1762 3295 p.
1792 3248 1853 3296 1/4

766 3299 868 3349 in-4,
887 3304 967 3340 tête
986 3302 1213 3352 imprimée.

800 3378 845 3406 Ils
873 3380 1052 3417 expriment
1075 3382 1145 3410 leur
1167 3380 1365 3411 satisfaction
1386 3381 1425 3410 de
1455 3389 1489 3410 ce
1517 3389 1577 3418 que
1606 3381 1635 3409 le
1665 3380 1793 3418 général
1814 3380 1850 3409 de

765 3419 894 3448 l’armée
922 3423 1044 3451 d’Italie
1070 3424 1274 3460 (Bonaparte)
1296 3424 1340 3453 ait
1367 3433 1491 3461 pourvu
1517 3423 1803 3453 convenablement
1833 3424 1850 3451 à

766 3465 842 3488 tous
861 3462 908 3490 les
933 3463 1062 3492 besoins
1086 3466 1290 3501 particuliers
1315 3475 1376 3503 que
1403 3468 1448 3495 les
1468 3465 1705 3495 commissaires
1725 3471 1782 3495 ont
1808 3473 1850 3503 pu

767 3502 928 3538 éprouver
954 3505 1071 3533 durant
1097 3507 1126 3533 le
1151 3515 1248 3535 cours
1270 3507 1308 3535 de
1329 3509 1400 3537 leur
1416 3508 1562 3538 mission.

802 3573 961 3608 (Carnot,
1000 3575 1132 3604 Reubell
1176 3582 1208 3605 et
1244 3578 1588 3617 Revellière-Lépeaux
1636 3580 1762 3610 avaient
1802 3578 1851 3609 été

769 3616 915 3643 nommés
957 3616 985 3643 le
1016 3624 1026 3643 i
1059 3618 1232 3645 novembre
1268 3620 1344 3656 1795
1374 3629 1412 3648 en
1442 3620 1544 3649 même
1573 3627 1673 3659 temps
1703 3630 1765 3658 que
1791 3623 1849 3650 Le-

768 3662 925 3684 tourneur
940 3661 971 3684 et
991 3657 1117 3685 Barras.
1139 3657 1260 3686 Carnot
1283 3659 1334 3688 fut
1357 3661 1497 3696 proscrit
1520 3664 1614 3698 après
1640 3664 1670 3691 le
1700 3663 1734 3691 18
1759 3662 1851 3691 fruc¬

767 3696 868 3733 tidor;
896 3698 1026 3726 Reubell
1052 3698 1102 3726 fut
1128 3700 1287 3734 remplacé
1307 3708 1364 3736 par
1387 3701 1498 3738 Sieyès
1517 3703 1545 3730 le
1568 3705 1604 3733 16
1630 3704 1692 3732 mai
1723 3705 1800 3741 1798
1822 3709 1852 3731 et

770 3740 1125 3777 Revellière-Lépeaux,
1147 3740 1175 3768 le
1196 3740 1231 3769 18
1248 3740 1315 3777 juin
1336 3749 1424 3778 1799,
1442 3751 1499 3779 par
1517 3744 1774 3780 Roger-Ducos.)
