3622 4663
793 614 857 656 20
1390 613 1615 656 CHEFS
1676 613 1762 653 DE
1821 611 2421 657 GOUVERNEMENT
2520 627 2619 657 ^
2924 606 3018 655 S.i

783 898 1020 944 du-Rhône,
1037 897 1106 933 des
1124 896 1475 945 Côtes-du-Nord,
1494 898 1547 934 du
1565 897 1777 943 Finistère,
1797 895 2170 945 d’Ille-et-Vilaine,
2188 898 2236 934 de
2252 897 2290 934 la
2313 896 2446 943 Loire,
2464 897 2518 933 du
2537 898 2771 945 Morbihan,
2789 899 2841 934 du
2860 899 3016 950 Rhône,

785 955 833 990 de
856 953 892 989 la
913 949 1287 996 Seine-Inférieure,
1305 951 1358 987 du
1376 952 1485 988 Tarn
1507 961 1545 989 et
1565 952 1613 989 de
1634 952 1672 988 la
1694 950 1857 989 Vendée
1876 951 1960 1000 (qui
1982 952 2167 989 l’avaient
2188 952 2253 988 élu
2276 950 2437 1000 député,
2459 951 2550 988 bien
2572 951 2670 1001 qu’il
2690 952 2759 990 eût
2779 952 2937 990 déclaré
2955 966 3016 991 re¬

786 1018 939 1044 noncer
958 1006 980 1041 à
999 1012 1110 1040 toute
1130 1004 1402 1054 candidature)
1418 1018 1426 1052 ;
1453 1007 1575 1054 Paris,
1600 1019 1646 1042 22
1666 1004 1813 1042 février
1839 1005 1948 1054 1871,
1973 1019 1984 1055 1
2006 1007 2044 1055 p.
2062 1006 2164 1055 in-4.
2190 1006 2312 1055 (Coll.
2331 1007 2379 1042 B.
2398 1004 2565 1056 Fillon.)
2581 1008 2628 1043 —
2645 1008 2687 1045 P.
2709 1007 3016 1057 photographié.

823 1079 846 1107 Il
868 1076 953 1107 avait
972 1074 1092 1104 décliné
1105 1080 1194 1104 toute
1211 1076 1417 1106 candidature
1434 1077 1452 1106 à
1464 1077 1672 1107 l'Assemblée
1691 1076 1861 1113 nationale,
1881 1078 2008 1107 accablé
2026 1078 2101 1115 qu’il
2120 1078 2196 1107 était
2210 1087 2267 1115 par
2284 1079 2330 1106 les
2346 1076 2504 1105 malheurs
2521 1078 2561 1106 du

786 1129 876 1158 pays.
894 1130 906 1145 «
925 1119 985 1147 Les
1002 1117 1155 1154 suffrages
1175 1118 1263 1154 dont,
1290 1121 1408 1157 malgré
1435 1125 1517 1149 cette
1542 1119 1751 1153 déclaration,
1779 1127 1858 1147 vous
1878 1119 1997 1149 m’avez
2015 1120 2146 1155 honoré,
2166 1128 2216 1148 me
2239 1121 2344 1149 créent
2363 1119 2418 1147 des
2439 1117 2562 1148 devoirs

784 1162 861 1200 qu’il
878 1162 969 1190 m'est
984 1159 1114 1189 interdit
1133 1162 1170 1190 de
1187 1161 1337 1192 discuter.
1353 1164 1389 1191 Je
1406 1162 1540 1200 siégerai
1568 1162 1584 1191 à
1605 1160 1815 1192 l’Assemblée
1839 1161 2000 1191 nationale
2024 1171 2066 1191 au
2081 1163 2156 1191 titre
2176 1163 2219 1191 du
2246 1160 2427 1194 Morbihan,
2446 1161 2561 1198 auquel

783 1213 834 1233 me
848 1203 935 1239 lient,
949 1211 1024 1231 avec
1040 1201 1221 1240 l’indigénat
1238 1204 1363 1240 breton,
1384 1205 1429 1233 les
1447 1204 1612 1234 affections
1630 1209 1661 1232 et
1679 1204 1724 1232 les
1749 1201 1941 1240 obligations
1961 1204 1999 1232 de
2016 1209 2103 1233 toute
2128 1213 2178 1233 ma
2196 1204 2257 1240 vie,
2275 1203 2356 1232 mais
2374 1201 2402 1239 je
2423 1210 2473 1229 me
2495 1208 2563 1231 rat¬

783 1246 923 1275 tacherai
935 1245 1133 1274 étroitement
1149 1254 1206 1282 par
1218 1246 1247 1274 la
1267 1246 1531 1275 reconnaissance
1548 1256 1612 1275 aux
1629 1246 1867 1283 départements
1883 1245 1937 1283 qui
1951 1247 2049 1275 m’ont
2066 1247 2166 1275 donné
2187 1255 2249 1275 une
2271 1245 2298 1274 si
2315 1246 2409 1274 haute
2430 1252 2562 1281 marque

782 1287 939 1324 d’estime,
959 1291 989 1315 et
1005 1286 1034 1323 je
1055 1287 1136 1316 serai
1150 1287 1240 1317 fidèle
1255 1288 1272 1316 à
1289 1289 1317 1317 la
1338 1288 1468 1317 défense
1483 1289 1520 1317 de
1537 1289 1623 1317 leurs
1641 1286 1786 1316 intérêts.
1809 1298 1822 1314 »

832 1368 852 1391 2
856 1355 873 1372 0
903 1355 944 1391 P.
976 1354 1024 1390 A.
1056 1354 1095 1391 S.
1140 1354 1188 1392 de
1225 1356 1337 1392 Léon
1381 1354 1602 1402 Gambetta
1635 1354 1806 1402 (député
1839 1354 1907 1391 des
1943 1353 2392 1400 Bouches-du-Rhône,
2416 1351 2597 1389 ministre
2633 1353 2680 1389 de
2713 1353 2939 1391 l’Intérieur
2964 1356 3015 1392 du

780 1416 1100 1459 gouvernement
1115 1409 1162 1445 de
1178 1410 1213 1446 la
1230 1410 1402 1446 Défense
1418 1409 1637 1456 nationale,
1654 1408 1819 1458 délégué
1835 1410 1856 1446 à
1870 1410 2002 1446 Tours
2017 1409 2053 1458 le
2075 1421 2096 1458 7
2110 1410 2274 1445 octobre
2296 1407 2430 1457 1870);
2453 1406 2578 1454 Paris,
2603 1419 2613 1442 1
2625 1407 2643 1443 5
2662 1410 2888 1455 septembre
2906 1409 3016 1458 1870,

782 1464 837 1512 1/2
850 1476 886 1512 p.
899 1462 995 1511 in-8.
1008 1462 1127 1511 (Coll.
1139 1465 1187 1500 B.
1199 1464 1366 1511 Fillon.)
1377 1484 1418 1490 —
1430 1463 1791 1511 P.photographié.

816 1537 841 1566 Il
864 1537 978 1574 charge
1001 1536 1044 1564 M.
1070 1536 1207 1565 Fémeau
1234 1536 1272 1564 de
1299 1535 1428 1572 remplir
1455 1534 1722 1572 provisoirement
1748 1536 1794 1564 les

778 1579 939 1608 fonctions
956 1579 994 1607 de
1020 1579 1176 1607 directeur
1199 1579 1238 1607 de
1262 1578 1357 1607 l’asile
1374 1578 1416 1606 du
1435 1578 1579 1614 Vésinet,
1598 1586 1635 1606 en
1654 1579 1790 1615 rempla¬

777 1628 901 1651 cement
918 1623 955 1651 de
968 1623 1010 1651 M.
1028 1622 1164 1657 Millard,
1180 1630 1217 1650 en
1229 1622 1328 1658 congé
1339 1620 1377 1649 de
1393 1622 1482 1649 santé
1500 1629 1581 1657 pour
1597 1620 1678 1649 deux
1698 1620 1790 1649 mois.

811 1665 869 1701 (Le
886 1669 1139 1702 gouvernement
1156 1664 1194 1692 de
1212 1664 1241 1692 la
1261 1663 1400 1691 Défense
1418 1662 1580 1691 nationale
1601 1662 1686 1691 avait
1707 1671 1792 1699 pour

778 1707 934 1736 membres
952 1708 979 1736 le
1003 1707 1128 1744 général
1149 1706 1294 1741 Trochu,
1310 1713 1514 1741 gouverneur
1533 1705 1571 1733 de
1597 1705 1701 1740 Paris,
1716 1705 1788 1733 Em¬

778 1750 903 1778 manuel
933 1750 1054 1786 Arago,
1084 1748 1268 1783 Crémieux,
1296 1748 1384 1775 Jules
1417 1747 1531 1782 Favre,
1561 1746 1650 1775 Jules
1677 1747 1790 1784 Ferry,

777 1792 1047 1828 Garnier-Pagès,
1077 1789 1313 1824 Glais-Bizoin,
1344 1789 1475 1824 Eugène
1503 1789 1659 1823 Pelletan,
1687 1788 1790 1816 Henri

778 1833 946 1861 Rochefort
963 1838 995 1861 et
1014 1831 1142 1866 Thiers,
1163 1832 1297 1866 députés
1312 1831 1348 1857 de
1366 1831 1395 1858 la
1413 1829 1519 1863 Seine,
1542 1829 1725 1862 Gambetta,
1739 1830 1792 1857 dé¬

777 1875 852 1910 puté
868 1874 924 1902 des
947 1872 1301 1906 Bouches-du-Rhône,
1328 1870 1446 1897 Ernest
1472 1869 1598 1904 Picard,
1616 1870 1733 1905 député
1753 1869 1791 1897 de

775 1916 945 1950 l’Hérault,
962 1915 1049 1943 Jules
1072 1913 1194 1947 Simon,
1220 1912 1337 1948 député
1355 1912 1395 1939 de
1419 1911 1448 1938 la
1470 1910 1626 1944 Gironde,
1654 1910 1790 1946 Dorian,

775 1955 892 1992 député
911 1956 949 1983 de
965 1956 994 1983 la
1016 1953 1122 1986 Loire,
1142 1953 1283 1989 Magnin,
1301 1952 1417 1988 député
1442 1951 1480 1979 de
1505 1952 1535 1980 la
1553 1951 1746 1987 Côte-d’Or,
1763 1951 1791 1979 le

774 1998 900 2035 général
918 1999 962 2026 Le
976 1996 1047 2030 Flô,
1061 1996 1188 2024 nommé
1202 1994 1348 2023 ministre
1366 1994 1403 2022 de
1422 1994 1452 2023 la
1469 2002 1593 2031 guerre,
1607 1999 1637 2024 et
1649 1994 1784 2023 l’amiral

776 2039 971 2074 Fourichon,
990 2039 1117 2067 nommé
1147 2036 1293 2065 ministre
1317 2036 1354 2064 de
1383 2037 1411 2064 la
1435 2037 1568 2065 marine.
1588 2036 1632 2064 Le
1659 2033 1788 2073 général

774 2082 905 2111 Trochu
923 2080 972 2109 fut
991 2077 1120 2109 nommé
1138 2078 1308 2115 président,
1328 2082 1359 2106 et
1385 2079 1471 2107 Jules
1500 2078 1605 2107 Favre
1629 2076 1790 2115 vice-pré¬

773 2125 878 2155 sident
895 2124 938 2153 du
954 2126 1218 2161 gouvernement.
1240 2120 1428 2154 Crémieux,
1452 2121 1586 2150 l’amiral
1605 2120 1789 2151 Fourichon

773 2174 805 2198 et
830 2165 1052 2196 Glais-Bizoin
1078 2165 1189 2194 furent
1208 2165 1349 2202 envoyés
1369 2164 1386 2192 à
1399 2164 1508 2193 Tours
1527 2173 1609 2201 pour
1629 2165 1791 2201 organiser

773 2213 803 2240 la
820 2210 948 2239 défense
964 2208 1042 2237 dans
1061 2208 1106 2236 les
1127 2207 1378 2244 départements,
1397 2211 1427 2235 et
1444 2206 1628 2236 Gambetta,
1648 2206 1730 2244 parti
1752 2206 1790 2235 de

772 2253 864 2283 Paris
880 2261 918 2281 en
937 2252 1055 2288 ballon,
1074 2251 1137 2280 alla
1158 2251 1203 2279 les
1225 2249 1383 2287 rejoindre
1404 2250 1432 2278 le
1457 2258 1493 2279 10
1513 2250 1644 2279 octobre
1667 2249 1770 2286 1870.)

771 2370 802 2398 4
823 2354 884 2412 46
907 2367 939 2397 4
972 2348 1228 2397 THIERS
1253 2349 2082 2411 (Marie-Joseph-Louis-Adolphe),
2109 2350 2218 2397 chef
2240 2350 2302 2396 du
2329 2351 2539 2397 Pouvoir
2561 2351 2765 2398 exécutif
2790 2352 2830 2397 le
2869 2368 2920 2414 17
2951 2352 3009 2397 fé¬

768 2422 892 2466 vrier
922 2421 1055 2482 1871,
1087 2419 1322 2479 président
1343 2418 1399 2463 de
1421 2418 1464 2463 la
1493 2417 1731 2463 troisième
1760 2418 2079 2478 République,
2110 2419 2173 2463 du
2204 2419 2254 2464 3i
2293 2419 2405 2464 août
2434 2420 2544 2479 1871
2576 2436 2634 2465 au
2661 2435 2719 2479 24
2743 2420 2837 2465 mai
2873 2420 3007 2480 1873,

770 2504 815 2534 n.
850 2492 875 2533 à
907 2487 1164 2543 Marseille,
1199 2487 1249 2531 i5
1274 2484 1390 2530 avril
1421 2500 1558 2545 1797,
1582 2499 1646 2528 m.
1671 2487 1697 2528 à
1719 2482 2105 2530 Saint-Germain
2132 2500 2188 2529 en
2217 2486 2362 2545 Laye,
2387 2485 2410 2529 3
2432 2486 2698 2545 septembre
2728 2487 2860 2546 1877.

817 2580 861 2616 L.
879 2580 927 2616 A.
944 2580 985 2618 S.
1005 2577 1043 2626 (à
1061 2577 1173 2616 Jules
1194 2577 1352 2624 Favre);
1375 2574 1534 2622 (Paris),
1557 2587 1583 2621 4
1602 2575 1770 2612 octobre
1793 2575 1903 2624 1871,
1924 2587 1934 2610 1
1957 2587 1994 2622 p.
2022 2575 2077 2622 1/2
2099 2575 2203 2623 in-8,
2218 2574 2357 2624 papier
2372 2576 2420 2612 de
2439 2575 2561 2613 deuil.
2578 2598 2624 2603 —
2639 2577 2680 2614 P.
2700 2576 3006 2625 photographié.

800 2656 881 2684 Très
898 2656 976 2684 belle
990 2656 1095 2689 lettre,
1111 2655 1190 2683 dont
1205 2653 1286 2682 voici
1307 2654 1333 2682 le
1350 2658 1434 2682 texte
1452 2661 1459 2682 :

802 2708 815 2723 «
835 2698 908 2726 Mon
925 2697 1001 2725 cher
1018 2697 1092 2732 ami,
1109 2696 1194 2725 voilà
1211 2695 1288 2724 trois
1306 2695 1462 2724 semaines
1486 2703 1548 2732 que
1568 2693 1596 2730 je
1622 2702 1706 2723 veux
1731 2703 1812 2724 vous
1839 2693 1942 2722 écrire
1968 2699 1998 2722 et
2018 2703 2097 2723 vous
2124 2695 2293 2724 remercier
2317 2696 2356 2724 de
2378 2704 2433 2724 vos
2460 2696 2647 2725 sentiments
2675 2696 2729 2733 qui
2748 2705 2797 2725 me
2811 2697 2962 2725 touchent
2977 2702 3006 2725 et

764 2747 813 2767 me
830 2739 993 2775 pénètrent
1010 2739 1047 2766 de
1068 2738 1236 2775 gratitude.
1255 2737 1337 2766 Mais
1355 2736 1511 2773 imaginez
1529 2745 1589 2774 que
1606 2736 1635 2773 je
1656 2737 1715 2765 n’ai
1734 2745 1790 2774 pas
1805 2745 1847 2773 pu
1867 2744 1982 2764 encore
1999 2735 2083 2772 jouir
2100 2736 2138 2765 de
2154 2746 2226 2766 mon
2247 2739 2357 2775 congé.
2373 2737 2430 2766 J’ai
2451 2743 2560 2766 autant
2580 2743 2610 2766 et
2628 2738 2729 2766 même
2748 2738 2820 2774 plus
2838 2738 2875 2765 de
2892 2737 3004 2765 travail

763 2789 825 2817 que
842 2780 964 2816 jamais.
986 2780 1028 2808 Le
1044 2784 1241 2815 campement
1259 2779 1314 2806 des
1331 2783 1474 2815 troupes,
1488 2777 1648 2815 l’Algérie,
1662 2780 1708 2807 les
1723 2777 1949 2815 négociations,
1969 2778 1995 2806 le
2014 2778 2129 2815 budget
2145 2779 2244 2815 futur,
2263 2785 2332 2809 tout
2350 2781 2416 2808 cela
2435 2780 2626 2816 m’empêche
2641 2780 2678 2807 de
2696 2779 2816 2808 dormir
2827 2784 2858 2807 et
2873 2787 3008 2815 presque

763 2823 802 2850 de
818 2821 915 2849 vivre.
932 2820 1029 2848 Aussi
1049 2829 1128 2848 vous
1152 2829 1202 2848 me
1229 2820 1447 2855 pardonnerez
1475 2828 1515 2848 un
1539 2819 1651 2848 silence
1677 2820 1732 2856 qui
1760 2824 1809 2849 est
1828 2819 1907 2848 celui
1934 2819 1972 2848 de
1999 2820 2028 2848 la
2049 2822 2153 2858 plume
2179 2827 2209 2850 et
2235 2831 2298 2851 non
2320 2821 2402 2850 celui
2423 2823 2466 2851 du
2486 2829 2586 2849 cœur.
2613 2821 2648 2848 Je
2676 2828 2755 2848 vous
2784 2819 2850 2856 prie
2868 2819 2951 2848 donc
2970 2820 3006 2848 de

763 2862 905 2893 m’aimer
924 2861 1095 2890 silencieux
1111 2865 1222 2890 autant
1238 2869 1300 2897 que
1318 2869 1398 2889 vous
1422 2861 1611 2889 m’aimeriez
1628 2861 1771 2890 écrivant
1787 2866 1817 2889 et
1840 2862 1878 2889 de
1896 2862 2036 2890 recevoir
2053 2872 2134 2899 pour
2153 2873 2235 2893 vous
2261 2870 2291 2893 et
2311 2873 2368 2892 vos
2393 2865 2595 2892 charmantes
2620 2861 2701 2890 filles
2727 2861 2919 2888 l’assurance
2935 2860 3006 2890 d’un

762 2904 896 2943 profond
915 2908 945 2932 et
960 2904 1078 2932 éternel
1102 2903 1321 2932 attachement.
1339 2903 1487 2931 Madame
1503 2903 1615 2931 Thiers
1632 2908 1661 2931 et
1679 2912 1712 2931 sa
1728 2912 1815 2932 sœur
1833 2913 1865 2932 se
1882 2904 2024 2941 joignent
2041 2904 2059 2933 à
2077 2906 2141 2935 moi
2159 2915 2240 2943 pour
2262 2916 2342 2936 vous
2360 2906 2522 2943 exprimer
2538 2913 2589 2932 ces
2607 2902 2803 2931 sentiments.

2322 2959 2334 2976 «
2349 2949 2389 2979 A.
2411 2947 2538 2978 Thiers.
2559 2957 2571 2973 »

761 3032 789 3061 4
813 3030 874 3075 47
899 3027 930 3057 ^
966 3012 1107 3059 MAC
1132 3010 1384 3058 MAHON
1414 3012 2213 3071 (Marie-Edme-Patrice-Maurice
2247 3018 2340 3074 de),
2376 3016 2464 3060 duc
2499 3014 2556 3058 de
2585 3012 2825 3073 Magenta,
2850 3017 3003 3060 maré¬

759 3083 863 3130 chal
898 3082 954 3128 de
986 3082 1164 3127 France
1195 3082 1244 3139 (4
1269 3079 1369 3139 juin
1406 3081 1561 3143 i85p),
1591 3081 1839 3128 deuxième
1873 3082 2113 3143 président
2147 3085 2203 3129 de
2241 3085 2283 3128 la
2314 3081 2557 3128 troisième
2592 3079 2914 3140 République,
2940 3083 3002 3128 du

760 3167 821 3210 24
841 3150 935 3196 mai
970 3148 1085 3210 1873
1109 3164 1170 3194 au
1201 3147 1259 3194 3o
1278 3147 1458 3208 janvier
1487 3149 1624 3210 1879,
1651 3165 1696 3194 n.
1724 3150 1749 3194 à
1771 3149 1908 3212 Sully
1932 3149 2384 3209 (Saône-et-Loire),
2422 3148 2472 3193 13
2497 3146 2644 3205 juillet
2674 3146 2807 3195 1808.

807 3242 853 3278 L.
876 3242 917 3278 S.
937 3252 988 3277 au
1014 3238 1177 3289 général
1204 3239 1269 3285 (de
1299 3238 1564 3287 Ladmirault,
1588 3241 1877 3278 commandant
1898 3241 1951 3278 du
1977 3240 2150 3289 premier
2170 3253 2288 3289 corps
2309 3236 2523 3283 d’armée);
2555 3236 2737 3284 quartier
2756 3239 2918 3287 général
2948 3240 3000 3275 du

755 3295 999 3343 Trocadéro,
1018 3308 1067 3342 24
1082 3293 1161 3331 mai
1179 3293 1291 3343 1871,
1308 3293 1366 3331 six
1381 3293 1527 3331 heures
1544 3295 1598 3331 du
1615 3294 1756 3342 matin,
1779 3295 1797 3332 3
1821 3307 1859 3343 p.
1880 3294 2030 3343 in-fol.,
2050 3296 2128 3332 tête
2147 3294 2376 3343 imprimée.
2394 3313 2441 3319 —
2465 3292 2509 3330 P.
2533 3290 2841 3342 photographié.

792 3372 967 3408 Important
984 3373 1151 3402 document
1174 3373 1349 3410 historique
1367 3381 1421 3401 sur
1440 3373 1468 3401 la
1490 3372 1672 3410 répression
1690 3373 1728 3402 de
1748 3374 1777 3402 la
1799 3373 1988 3403 Commune.
2009 3384 2021 3399 »
2040 3374 2099 3403 Les
2115 3373 2278 3402 Tuileries
2299 3376 2373 3400 sont
2393 3369 2599 3398 entièrement
2619 3371 2753 3408 brûlées,
2772 3372 2799 3400 le
2819 3372 2942 3399 Louvre
2956 3374 3002 3397 est

755 3413 865 3441 atteint
879 3424 886 3443 :
907 3415 943 3442 de
961 3424 1129 3445 nouveaux
1146 3416 1314 3452 incendies,
1326 3415 1404 3444 dont
1415 3416 1443 3444 la
1460 3415 1563 3444 fumée
1580 3415 1634 3453 qui
1652 3425 1767 3445 couvre
1784 3417 1873 3445 Paris
1895 3416 2042 3454 empêche
2060 3416 2098 3446 de
2116 3415 2319 3445 reconnaître
2340 3413 2602 3451 l’emplacement,
2620 3422 2652 3442 se
2667 3413 2860 3450 distinguent
2872 3411 2915 3440 du
2934 3410 3001 3439 côté

754 3453 791 3480 de
808 3453 943 3489 l’Elysée
963 3460 994 3483 et
1010 3457 1052 3484 du
1075 3457 1238 3486 ministère
1263 3458 1302 3486 de
1320 3459 1349 3485 la
1369 3457 1503 3486 Marine.
1523 3458 1567 3486 Le
1593 3459 1719 3494 général
1746 3458 1860 3496 Douai,
1877 3460 1928 3496 qui
1946 3467 2067 3496 occupe
2091 3459 2120 3488 la
2140 3459 2228 3495 place
2251 3456 2426 3493 Vendôme,
2447 3464 2480 3483 se
2508 3459 2596 3492 porte
2626 3464 2682 3484 sur
2711 3456 2740 3483 le
2768 3456 2894 3483 Louvre
2919 3460 3001 3488 pour

756 3493 862 3522 tâcher
882 3495 1055 3524 d’éteindre
1078 3497 1253 3527 l’incendie.
1271 3498 1451 3527 Continuez
1473 3504 1565 3528 votre
1591 3505 1796 3529 mouvement

756 3534 835 3562 dans
852 3535 879 3563 la
897 3534 1048 3566 direction
1071 3539 1114 3566 du
1131 3539 1395 3576 Château-d’Eau,
1413 3540 1546 3570 laissant
1563 3549 1624 3570 aux
1640 3551 1731 3579 gares
1749 3543 1796 3572 les

754 3576 984 3604 détachements
1010 3578 1172 3607 suffisants
1194 3590 1274 3616 pour
1295 3582 1341 3609 les
1359 3582 1524 3610 défendre.
1547 3594 1559 3609 »
1582 3584 1718 3613 Suivent
1743 3585 1797 3613 des

753 3616 942 3646 indications
963 3626 1017 3645 sur
1045 3619 1090 3646 les
1119 3627 1336 3649 mouvements
1361 3624 1524 3651 ordonnés
1546 3633 1608 3653 aux
1634 3627 1796 3662 généraux

753 3660 790 3688 de
805 3658 919 3695 Cissey
935 3663 966 3686 et
980 3658 1158 3688 Clinchant.
1180 3671 1192 3686 «
1213 3662 1378 3690 Peut-être
1388 3664 1434 3690 les
1449 3663 1598 3701 insurgés
1614 3671 1797 3695 tenteront-

753 3701 792 3730 ils
803 3701 841 3729 de
853 3701 960 3729 brûler
973 3700 1263 3730 l’Hôtel-de-Ville.
1279 3704 1413 3738 »—(On
1425 3704 1485 3732 sait
1497 3714 1558 3741 que
1575 3707 1700 3735 l’armée
1713 3709 1800 3737 avait

754 3743 882 3782 pénétré
895 3743 922 3772 le
935 3751 969 3772 21
982 3742 1043 3771 mai
1054 3742 1132 3772 dans
1146 3742 1234 3772 Paris
1244 3749 1274 3772 et
1284 3752 1344 3780 que
1356 3745 1385 3773 la
1398 3745 1477 3773 lutte
1490 3746 1571 3775 dura
1580 3747 1727 3784 jusqu’au
1737 3755 1798 3786 29.)
