3610 4663
832 610 893 656 24
1230 619 1327 646 ^
1425 603 1649 645 CHEFS
1710 603 1797 642 DE
1856 600 2457 643 GOUVERNEMENT
2555 617 2654 644 îs
2962 593 3056 643 8.1

1629 907 1681 948 •w
1752 889 2132 947 ESPAGNE

830 1034 860 1077 ■î-
885 1034 908 1077 5
922 1049 935 1076 1
965 1047 996 1075 '{•
1034 1032 1433 1077 FERDINAND
1475 1031 1535 1084 V,
1578 1046 1624 1074 n.
1679 1043 1732 1072 io
1768 1041 1893 1071 mars
1931 1030 2066 1086 1452,
2104 1029 2174 1073 fils
2203 1029 2264 1073 du
2291 1028 2361 1073 roi
2396 1027 2634 1089 d’Aragon
2658 1030 2777 1075 Jean
2804 1028 2871 1085 II,
2897 1027 2966 1072 roi
3003 1028 3058 1072 de

827 1097 1022 1145 Castille
1036 1098 1194 1156 (1474)
1212 1109 1255 1142 et
1276 1097 1517 1157 d’Aragon
1534 1095 1714 1155 (147g),
1729 1091 1794 1136 dit
1808 1091 1851 1136 le
1866 1093 2165 1154 Catholique,
2183 1110 2245 1140 m.
2263 1098 2289 1139 à
2304 1091 2627 1152 Madrigalejo,
2648 1094 2703 1139 23
2720 1094 2899 1152 janvier
2924 1108 2934 1137 1
2949 1093 2971 1137 5
2988 1093 3055 1137 16.

831 1165 867 1209 Il
892 1175 962 1208 est
985 1163 1227 1209 considéré
1250 1178 1438 1208 comme
1459 1164 1500 1207 le
1522 1159 1752 1207 véritable
1773 1157 2027 1204 fondateur
2048 1160 2105 1205 de
2131 1160 2174 1205 la
2198 1157 2476 1205 monarchie
2499 1161 2769 1219 espagnole.

878 1254 924 1291 L.
947 1254 1003 1301 S.,
1026 1254 1097 1303 sig.
1120 1255 1224 1292 aussi
1245 1267 1315 1304 par
1334 1266 1375 1291 sa
1396 1253 1543 1290 femme
1562 1253 1757 1288 Isabelle
1779 1260 1827 1284 de
1849 1248 2047 1295 Castille
2066 1250 2122 1295 (n.
2151 1249 2261 1297 1451,
2284 1249 2433 1297 épouse
2454 1247 2502 1282 de
2526 1247 2754 1285 Ferdinand
2774 1262 2823 1286 en
2852 1249 2963 1297 1469,
2987 1247 3062 1284 l’il¬

824 1309 948 1345 lustre
966 1309 1203 1357 protectrice
1223 1310 1271 1346 de
1292 1307 1535 1355 Christophe
1557 1302 1745 1349 Colomb,
1769 1314 1823 1339 m.
1854 1302 1981 1350 O04),
2000 1303 2021 1339 à
2039 1303 2121 1339 don
2142 1304 2246 1340 Juan
2264 1303 2312 1339 de
2331 1301 2489 1343 Ribera,
2507 1301 2738 1348 corregidor
2751 1302 2799 1339 de
2815 1303 2849 1339 la
2870 1301 3061 1350 province

825 1363 873 1399 de
895 1362 1127 1411 Guipuzcoa
1150 1372 1189 1401 et
1213 1362 1413 1412 capitaine
1433 1358 1595 1409 général
1615 1358 1663 1394 de
1687 1356 1723 1393 la
1744 1355 1936 1393 frontière
1957 1357 2005 1393 de
2028 1358 2226 1404 Navarre;
2253 1355 2488 1400 Barcelone,
2510 1366 2531 1402 7
2555 1354 2767 1391 décembre
2800 1357 2910 1404 1493,
2940 1357 2996 1404 1/2
3021 1370 3059 1406 p.

827 1416 958 1455 in-fol.
978 1418 1142 1467 oblong,
1165 1418 1318 1455 cachet.
1343 1415 1523 1464 Superbe
1546 1413 1670 1462 pièce,
1693 1411 1790 1447 dans
1811 1422 1867 1447 un
1890 1410 2137 1459 magnifique
2158 1411 2237 1448 état
2256 1412 2303 1448 de
2325 1407 2618 1447 conservation.

862 1498 923 1527 Les
949 1495 1016 1526 rois
1033 1497 1245 1534 catholiques,
1261 1491 1419 1524 informés
1437 1500 1499 1530 que
1523 1491 1553 1520 le
1573 1490 1635 1519 duc
1656 1489 1695 1518 de
1715 1489 1840 1526 Nagera
1860 1488 1916 1518 fait
1934 1489 2038 1518 élever
2059 1497 2122 1518 une
2138 1489 2309 1518 forteresse
2326 1488 2344 1516 à
2365 1486 2530 1522 Cenicero,
2552 1484 2615 1514 lieu
2635 1484 2672 1513 de
2690 1493 2740 1513 ses
2766 1484 2941 1521 domaines,
2960 1487 3061 1517 voisin

824 1542 862 1570 de
880 1543 910 1570 la
929 1540 1003 1569 ville
1023 1540 1062 1569 de
1082 1541 1240 1577 Logrono,
1256 1536 1437 1574 enjoignent
1456 1535 1473 1563 à
1494 1535 1564 1563 leur
1581 1531 1738 1569 capitaine
1755 1532 1880 1569 général
1905 1530 2105 1569 d’empêcher
2129 1536 2209 1560 cette
2231 1530 2452 1560 construction
2476 1534 2506 1559 et
2522 1537 2561 1558 au
2586 1527 2699 1557 besoin
2717 1527 2754 1555 de
2771 1526 2849 1556 faire
2866 1527 3007 1557 détruire
3033 1530 3062 1558 la

825 1584 925 1622 partie
940 1583 1010 1621 déjà
1027 1582 1145 1616 édifiée,
1165 1591 1205 1611 au
1225 1590 1277 1610 cas
1294 1579 1336 1609 où
1352 1581 1379 1608 le
1393 1579 1453 1607 duc
1470 1586 1509 1606 ne
1528 1574 1672 1613 pourrait
1690 1576 1853 1612 présenter
1867 1582 1969 1603 aucun
1982 1574 2078 1603 ordre
2096 1574 2184 1611 royal
2205 1573 2408 1603 l’autorisant
2422 1573 2440 1601 à
2458 1571 2611 1609 procéder
2629 1570 2645 1599 à
2666 1570 2761 1599 ladite
2776 1571 3007 1600 construction.

814 3166 844 3210 •h
869 3166 925 3210 52
951 3178 982 3208 *
1020 3162 1342 3209 PHILIPPE
1379 3162 1418 3219 I,
1452 3178 1498 3208 n.
1536 3165 1561 3207 à
1592 3163 1792 3222 Bruges,
1824 3175 1880 3206 22
1918 3159 2066 3218 juillet
2107 3160 2241 3219 1478,
2271 3159 2341 3204 fils
2370 3158 2426 3202 de
2456 3153 2751 3200 Maximilien
2777 3156 2814 3214 I,
2842 3157 3053 3217 petit-fils

812 3233 869 3276 de
903 3232 1099 3277 Charles
1124 3231 1164 3275 le
1189 3230 1482 3285 Téméraire,
1505 3231 1658 3290 époux
1693 3229 1750 3272 de
1777 3228 1956 3273 Jeanne
1986 3228 2028 3271 la
2058 3226 2207 3281 Folle,
2238 3225 2306 3270 roi
2335 3225 2393 3269 de
2426 3221 2621 3269 Castille
2645 3221 2756 3280 (juin
2795 3226 2950 3280 1504),
2986 3222 3053 3266 dit

814 3297 855 3340 le
878 3298 1022 3353 Beau,
1047 3313 1111 3344 m.
1143 3301 1168 3342 à
1204 3299 1408 3357 Burgos,
1433 3298 1488 3342 25
1523 3295 1790 3355 septembre
1832 3309 1844 3338 i
1858 3294 1880 3338 5
1889 3309 1916 3338 o
1921 3293 1949 3338 6
1957 3329 1965 3338 .

865 3387 910 3422 L.
943 3388 999 3434 S.,
1031 3387 1310 3437 contresignée
1338 3388 1408 3436 par
1444 3388 1580 3423 Pedro
1616 3386 1815 3428 Ximenez,
1844 3384 1865 3420 à
1888 3385 1968 3420 Ro¬

815 3437 927 3485 drigo
948 3441 994 3475 de
1005 3442 1276 3489 Villalpando,
1296 3443 1432 3479 alcade
1451 3443 1499 3478 de
1516 3441 1690 3487 Vezilla;
1712 3440 1750 3475 la
1766 3440 1964 3487 Corogne,

817 3502 862 3537 27
885 3492 965 3527 mai
990 3504 1000 3527 i
1012 3493 1029 3528 5
1035 3506 1058 3530 o
1062 3494 1084 3529 6
1090 3522 1100 3541 ,
1123 3496 1180 3542 1/2
1202 3507 1240 3543 p.
1265 3496 1400 3533 in-fol.
1427 3497 1526 3533 Très
1545 3508 1650 3533 rare.

849 3566 994 3603 Superbe
1011 3569 1104 3597 lettre
1117 3570 1158 3599 où
1176 3571 1197 3599 il
1215 3572 1259 3600 lui
1275 3573 1418 3602 ordonne
1431 3575 1469 3602 de
1492 3574 1627 3610 prendre
1646 3573 1832 3610 possession
1851 3581 1889 3600 en
1908 3579 1968 3600 son

814 3617 888 3637 nom
907 3608 945 3636 de
967 3610 996 3637 la
1012 3610 1185 3639 forteresse
1206 3613 1243 3640 de
1260 3614 1289 3641 la
1308 3614 1383 3642 ville
1402 3618 1440 3643 de
1463 3615 1599 3648 Vezilla,
1620 3616 1769 3652 jusqu’au
1795 3615 1968 3650 règlement

813 3652 869 3679 des
885 3652 997 3680 débats
1020 3653 1072 3688 qui
1097 3662 1131 3681 se
1152 3660 1225 3683 sont
1241 3656 1347 3683 élevés
1371 3657 1524 3685 touchant
1546 3658 1576 3685 la
1594 3656 1781 3693 possession
1799 3656 1837 3684 de
1852 3656 1882 3683 la
1904 3654 1969 3682 dite

812 3693 984 3722 forteresse
995 3698 1084 3722 entre
1100 3694 1145 3722 les
1156 3694 1302 3723 héritiers
1314 3697 1357 3723 du
1372 3698 1516 3732 marquis
1530 3697 1703 3733 d’Astorga
1720 3702 1751 3725 et
1766 3698 1795 3724 la
1809 3700 1969 3724 comtesse

816 3735 988 3765 d’Osorno.
1007 3736 1205 3773 Importants
1223 3735 1335 3765 détails
1353 3737 1559 3774 historiques.
