3622 4663
805 589 3045 659 22 CHEFS DE GOUVERNEMENT S.1
809 912 840 940 •k
860 896 921 954 48
942 893 975 938 '*■
1009 885 1234 939 GRÉVY
1276 894 1871 954 (François-Paul-Jules),
1915 909 1962 940 n.
2012 895 2038 939 à
2065 894 2577 954 Mont-sous-Vaudrey
2615 893 2787 950 (Jura),
2833 893 2883 935 i5
2927 893 3038 937 août

816 963 950 1021 1807,
973 960 1211 1006 troisième
1234 962 1473 1022 président
1499 963 1556 1009 de
1582 963 1625 1008 la
1642 960 1883 1007 troisième
1913 961 2235 1022 République,
2262 962 2303 1007 le
2326 961 2384 1006 3o
2406 959 2584 1018 janvier
2612 960 2745 1019 1879.

859 1053 905 1087 L.
928 1051 975 1086 A.
997 1050 1036 1087 S.
1056 1050 1077 1086 à
1097 1051 1207 1089 Jules
1229 1053 1374 1099 Favre;
1397 1054 1556 1102 (Paris),
1578 1055 1597 1092 3
1620 1052 1767 1091 février
1791 1051 1903 1100 1861,
1928 1065 1938 1089 I
1966 1065 2004 1100 p.
2028 1052 2129 1090 in-8.
2152 1074 2200 1079 —
2222 1053 2266 1090 P.
2291 1050 2599 1100 photographié.

842 1128 997 1158 Curieuse
1013 1128 1113 1165 épître
1130 1129 1291 1168 politique.
1312 1132 1337 1161 Il
1355 1131 1428 1161 s’est
1443 1132 1565 1168 trouvé,
1585 1131 1664 1160 dans
1681 1131 1768 1159 leurs
1782 1128 1943 1159 dernières
1960 1129 2124 1165 réunions,
2142 1130 2252 1167 séparé
2278 1129 2316 1158 de
2332 1127 2378 1157 lui
2394 1136 2407 1154 «
2429 1134 2483 1155 sur
2498 1127 2529 1156 la
2547 1128 2695 1158 conduite
2711 1128 2728 1157 à
2750 1127 2835 1157 tenir
2854 1131 2885 1156 et
2898 1126 2944 1155 les
2958 1125 3038 1154 liens

807 1171 825 1199 à
838 1174 1016 1200 contracter
1035 1178 1110 1200 avec
1131 1172 1176 1201 les
1196 1173 1338 1203 hommes
1353 1179 1384 1203 et
1400 1175 1446 1204 les
1461 1173 1661 1204 institutions
1678 1173 1716 1202 de
1735 1180 1770 1200 ce
1789 1178 2044 1209 gouvernement.
2069 1183 2081 1200 »
2100 1172 2235 1202 Comme
2253 1171 2294 1201 ils
2314 1168 2559 1200 s’entendraient
2575 1170 2787 1200 difficilement
2805 1169 2963 1200 ensemble
2984 1176 3039 1197 sur

807 1215 849 1243 les
868 1212 1059 1243 résolutions
1076 1215 1118 1244 du
1136 1223 1285 1256 moment,
1301 1217 1322 1247 il
1341 1218 1551 1248 s’abstiendra
1567 1217 1734 1247 d’assister
1746 1216 1763 1245 à
1780 1216 1810 1244 la
1828 1216 1997 1253 prochaine
2015 1216 2158 1245 réunion.

1523 1633 1575 1674 •w
1645 1615 2208 1673 BOURGOGNE
2278 1633 2329 1673 n-

854 1806 915 1852 49
939 1808 969 1837 4
1006 1789 1338 1844 CHARLES,
1374 1805 1420 1834 n.
1453 1792 1478 1833 à
1508 1789 1666 1844 Dijon,
1696 1788 1832 1844 1433,
1856 1787 1945 1831 duc
1978 1788 2034 1831 de
2067 1789 2354 1848 Bourgogne
2375 1790 2555 1847 (1466),
2579 1789 2646 1834 dit
2668 1789 2709 1834 le
2739 1789 3035 1845 Téméraire,

802 1857 873 1900 fils
895 1858 953 1901 de
984 1855 1208 1913 Philippe
1232 1856 1272 1898 le
1300 1856 1422 1908 Bon,
1443 1853 1561 1896 rival
1584 1852 1640 1894 de
1664 1852 1812 1895 Louis
1832 1852 1921 1906 XI,
1943 1853 2024 1895 tué
2046 1852 2219 1896 devant
2242 1854 2411 1912 Nancy
2432 1855 2473 1899 le
2497 1856 2520 1898 5
2545 1855 2723 1913 janvier
2751 1870 2886 1916 1477.

852 1947 897 1982 L.
915 1946 972 1988 S.,
992 1956 1042 1981 en
1063 1943 1178 1990 latin,
1200 1954 1251 1978 au
1271 1942 1348 1978 duc
1366 1942 1415 1977 de
1437 1940 1565 1977 Milan
1587 1939 1952 1987 (Galeazzo-Maria
1968 1939 2120 1985 Sforza,
2136 1939 2205 1987 qui
2227 1940 2329 1987 périt
2341 1942 2533 1979 assassiné
2553 1944 2589 1980 le
2606 1944 2653 1980 26
2666 1945 2881 1982 décembre
2906 1947 3039 1994 1476);

800 2001 848 2036 de
873 2010 946 2035 son
973 2009 1104 2044 camp,
1129 2009 1173 2032 22
1197 1995 1298 2032 avril
1325 1995 1436 2043 1476,
1461 1995 1519 2043 1/2
1540 2007 1577 2043 p.
1607 1993 1741 2031 in-fol.
1767 1994 1931 2041 oblong,
1954 2001 2063 2029 trace
2094 1993 2141 2029 de
2163 1993 2315 2041 cachet.
2346 1994 2466 2041 (Coll.
2492 1997 2785 2045 Dubrunfaut.)
2802 2019 2850 2025 —
2870 2000 2912 2035 P.

836 2078 944 2106 Lettre
959 2074 1058 2104 écrite
1074 2075 1112 2103 de
1130 2074 1300 2103 Lausanne
1318 2072 1360 2103 où
1381 2073 1403 2102 il
1429 2073 1534 2103 s’était
1550 2073 1648 2102 retiré
1668 2072 1763 2110 après
1783 2072 1813 2100 la
1831 2070 1946 2100 défaite
1969 2071 2008 2099 de
2029 2070 2192 2099 Granson.
2215 2071 2242 2099 Il

799 2118 868 2157 prie
890 2119 918 2147 le
944 2117 1004 2146 duc
1023 2115 1234 2146 d’intercéder
1254 2115 1370 2153 auprès
1391 2115 1433 2144 du
1458 2116 1542 2153 Pape
1563 2119 1594 2144 et
1613 2115 1669 2144 des
1689 2113 1865 2143 cardinaux
1885 2121 1969 2150 pour
1989 2111 2071 2141 faire
2097 2120 2243 2140 nommer

797 2160 941 2191 cardinal
959 2161 988 2189 le
1005 2158 1224 2197 protonotaire
1240 2158 1368 2194 Hesler,
1386 2162 1519 2187 orateur
1533 2157 1695 2195 impérial,
1717 2155 1772 2194 qui
1787 2155 1854 2185 doit
1874 2163 1986 2193 passer
2005 2162 2064 2192 par
2083 2154 2185 2183 Milan
2202 2162 2241 2182 en

797 2214 831 2233 se
844 2203 980 2233 rendant
990 2202 1008 2231 à
1026 2203 1132 2232 Rome.
1150 2202 1352 2239 —(Georges
1372 2202 1499 2236 Hesler,
1518 2201 1746 2232 ambassadeur
1764 2200 1802 2229 de
1818 2200 2008 2237 l’empereur
2024 2197 2176 2228 Frédéric
2194 2199 2242 2227 III

797 2257 834 2277 en
856 2247 988 2281 France,
1015 2245 1125 2275 devint
1144 2245 1286 2275 cardinal
1305 2253 1342 2274 en
1366 2253 1455 2283 1477.
1482 2246 1507 2275 Il
1525 2253 1558 2274 se
1576 2253 1658 2283 noya
1681 2252 1718 2273 en
1736 2248 1869 2282 passant
1888 2244 1916 2272 le
1942 2242 2079 2272 Danube
2099 2242 2177 2271 dans
2197 2250 2240 2271 un

799 2291 928 2328 bateau,
948 2298 987 2319 en
1005 2288 1189 2327 septembre
1214 2288 1321 2326 1482.)

1582 2697 1634 2737 •w
1704 2680 2143 2738 LORRAINE
2213 2697 2264 2737 n-

802 2871 832 2897 f
858 2856 916 2899 5o
944 2855 970 2898 f
1007 2842 1191 2898 RENÉ
1227 2854 1294 2909 II,
1327 2868 1373 2898 n.
1407 2856 1544 2910 1451,
1567 2855 1658 2897 duc
1696 2853 1753 2897 de
1790 2853 2020 2897 Lorraine
2052 2855 2229 2914 (1473),
2254 2855 2325 2900 fils
2353 2855 2410 2899 de
2433 2853 2566 2899 Ferri
2592 2852 2636 2896 II
2662 2851 2718 2894 de
2746 2849 2973 2894 Lorraine
2995 2861 3036 2894 et

800 2919 1063 2966 d’Yolande
1101 2918 1329 2977 d’Anjou,
1368 2919 1638 2978 vainqueur

797 2985 1634 3046 deCharlesleTéméraireàNancy,

799 3058 903 3100 m.à
927 3053 1088 3110 Fains,
1114 3053 1221 3113 près
1244 3053 1298 3098 de
1324 3054 1635 3110 Bar-le-Duc,

805 3139 813 3167 1
830 3139 856 3168 o
879 3121 1130 3167 décembre
1160 3121 1295 3167 i5o8.

848 3215 893 3251 L.
926 3214 965 3251 S.
1002 3226 1082 3251 aux
1112 3212 1322 3250 auditeurs
1357 3213 1425 3251 des
1455 3222 1636 3262 comptes

798 3269 1016 3306 d’Antoine
1039 3269 1195 3315 Warin,
1210 3281 1400 3306 receveur
1409 3269 1573 3318 général
1587 3270 1636 3307 de

799 3323 1014 3372 Lorraine;
1041 3323 1162 3373 Toul,
1189 3323 1232 3361 16
1267 3324 1481 3361 décembre
1520 3336 1633 3373 1477,

801 3375 857 3421 1/2
879 3388 917 3423 p.
938 3377 1029 3425 in-4
1049 3379 1216 3427 oblong,
1238 3379 1392 3416 cachet.
1418 3400 1461 3409 —
1479 3379 1522 3416 P.

830 3451 933 3480 Ordre
951 3454 987 3481 de
1008 3464 1103 3492 payer
1123 3456 1141 3484 à
1157 3457 1301 3486 Antoine
1318 3457 1436 3487 Warin
1457 3459 1487 3486 la
1509 3466 1634 3486 somme

793 3491 832 3519 de
854 3498 966 3528 quatre
983 3501 1056 3524 cent
1072 3497 1338 3536 cinquante-cinq
1358 3500 1463 3528 francs
1483 3509 1497 3527 «
1518 3499 1594 3536 qu’il
1617 3508 1635 3528 a

792 3532 911 3561 délivré
928 3541 1059 3564 content
1072 3537 1089 3564 à
1104 3545 1214 3568 nostre
1232 3541 1298 3568 très
1318 3541 1404 3570 chier
1425 3547 1456 3570 et
1476 3542 1536 3570 féal
1555 3550 1632 3571 con-

793 3574 909 3603 seillier
923 3581 954 3604 et
968 3577 1122 3612 capitaine
1138 3580 1193 3607 des
1210 3582 1454 3618 crenequiniers
1469 3583 1506 3611 de
1524 3589 1635 3613 nostre

792 3618 888 3653 garde
906 3626 987 3653 pour
1000 3619 1045 3646 les
1062 3620 1169 3655 gaiges
1184 3621 1220 3648 de
1239 3623 1281 3650 lui
1295 3629 1325 3651 et
1342 3624 1455 3652 desdiz
1469 3626 1633 3662 crenequi¬

791 3660 887 3688 niers.
912 3669 925 3686 »
956 3675 992 3681 —
1015 3660 1082 3696 (Ce
1108 3662 1268 3697 capitaine
1293 3664 1372 3692 était
1398 3673 1440 3693 un
1467 3666 1632 3702 Alsacien,

791 3702 928 3737 Jacques
954 3700 1110 3736 Fesseler,
1132 3702 1181 3730 dit
1209 3703 1302 3739 Wys,
1321 3704 1376 3740 qui
1402 3706 1485 3733 avait
1510 3709 1636 3735 montré

795 3744 825 3772 la
844 3742 916 3780 plus
935 3742 1056 3779 grande
1076 3742 1188 3771 valeur
1208 3743 1225 3771 à
1246 3745 1275 3772 la
1293 3744 1422 3773 bataille
1440 3746 1478 3774 de
1496 3743 1638 3784 Nancy.)
