1971 3146
1187 468 1331 513 - 4 -
672 562 723 596 18.
754 557 913 594 BOISSY
937 553 1167 592 D’ANGLAS
1191 549 1558 601 (François-Antoine
1584 547 1657 593 de),
1684 548 1807 596 député
1830 555 1861 592 de

763 593 1859 646 l'Ardèche à la Convention, qui s'illustra par son
771 645 1860 696 héroïque conduite lors de l'insurrection de Prairial
762 717 809 741 an
828 706 891 750 111)
908 715 945 739 n.
970 705 1074 746 1756,
1093 713 1143 736 m.
1169 703 1275 736 1826.

801 786 834 814 L.
853 794 881 814 a.
902 793 926 813 8.
951 793 991 813 au
1008 782 1106 812 baron
1121 779 1278 814 Meunier;
1294 777 1395 814 Paris,
1410 778 1447 806 12
1456 776 1561 815 juillet
1574 773 1662 813 1814,
1677 775 1694 803 2
1707 784 1737 814 p.
1751 775 1862 811 in-folio.

759 825 841 856 Belle
858 825 961 854 lettre.

673 913 725 947 19.
756 907 1038 947 BONAPARTE
1056 904 1294 955 (Catherine),
1315 902 1413 940 reine
1429 903 1473 938 de
1493 899 1734 948 Westphalie,
1752 901 1861 942 femme

764 961 809 996 de
831 960 976 995 Jérôme
1001 958 1222 1003 Bonaparte,
1247 965 1282 989 n.
1314 954 1417 996 1783,
1437 963 1484 987 m.
1513 952 1617 986 1835.

802 1040 835 1069 L.
863 1050 892 1069 a.
918 1048 943 1068 s.
973 1047 1011 1068 en
1041 1036 1179 1073 français
1205 1036 1223 1064 à
1252 1034 1392 1063 Madame
1420 1033 1457 1062 de
1485 1030 1695 1067 Hautmesnil;
1727 1031 1853 1066 Florènce

761 1081 800 1109 24
816 1079 980 1110 décembre
996 1078 1085 1112 1831,
1101 1078 1116 1105 1
1135 1086 1166 1116 p.
1184 1073 1287 1104 in-12.
1302 1072 1382 1103 Jolie
1396 1077 1424 1102 et
1435 1081 1505 1102 rare
1517 1072 1601 1111 pièce
1606 1094 1613 1100 .

668 1170 728 1203 20.
757 1161 1136 1203 BUSSY-RABUTIN
1187 1161 1340 1208 (Roger,
1390 1160 1509 1194 comte
1550 1155 1629 1203 de),
1677 1157 1798 1193 cousin
1832 1160 1862 1197 de

767 1215 934 1251 Madame
951 1213 995 1248 de
1013 1211 1183 1258 Sévigné,
1204 1213 1335 1245 auteur
1352 1207 1396 1243 de
1409 1207 1431 1243 Y
1436 1206 1595 1243 Histoire
1609 1216 1805 1243 amoureuse
1821 1208 1861 1245 des

768 1263 902 1300 Gaules
907 1275 915 1304 ,
947 1262 1114 1298 membre
1151 1260 1194 1295 de
1226 1257 1450 1294 l’Académie
1482 1255 1674 1299 française,
1708 1267 1742 1291 n.
1778 1259 1861 1302 1618,

765 1325 814 1349 m.
839 1315 944 1349 1693.

806 1390 840 1419 P.
859 1399 885 1419 s.
905 1398 958 1418 sur
972 1387 1072 1423 vélin;
1087 1387 1122 1415 31
1141 1384 1306 1415 décembre
1323 1383 1412 1419 1665,
1430 1383 1444 1411 1
1461 1391 1491 1418 p.
1506 1381 1571 1410 in-4
1586 1380 1712 1418 oblong.

785 1458 864 1492 Reçu
879 1456 946 1483 d'un
963 1454 1039 1482 mois
1052 1454 1088 1482 de
1104 1461 1150 1480 ses
1163 1452 1400 1488 appointements
1410 1449 1445 1476 de
1460 1448 1565 1476 maître
1583 1447 1618 1474 de
1629 1455 1713 1482 camp
1723 1447 1830 1483 général
1840 1451 1863 1479 de

751 1494 780 1521 la
796 1492 938 1520 cavalerie
953 1490 1060 1527 légère.

751 1558 1869 1613 21. CAMPAN (Jeanne-Louise-Henriette GENET), lectrice de
768 1622 1125 1664 Marie-Antoinette,
1172 1621 1302 1655 auteur
1352 1616 1396 1653 de
1444 1615 1631 1651 Mémoires
1638 1643 1645 1658 ,
1694 1626 1728 1649 n.
1782 1618 1860 1660 752,

768 1685 816 1709 m.
836 1674 942 1709 1822.

804 1750 838 1779 L.
869 1751 934 1778 aut.
965 1751 985 1778 à
1017 1756 1054 1777 sa
1082 1745 1181 1782 nièce,
1218 1744 1250 1773 la
1281 1743 1433 1772 duchesse
1470 1740 1676 1778 d’Elchingen
1685 1748 1692 1776 ;
1725 1739 1862 1777 Clermont,

764 1790 802 1820 28
819 1791 892 1819 août
908 1789 997 1824 1810,
1015 1788 1032 1816 3
1050 1796 1079 1825 p.
1099 1787 1175 1815 in-4.

788 1858 924 1885 Curieuse
940 1863 1042 1883 lettre
1058 1854 1095 1881 où
1111 1853 1166 1880 elle
1180 1850 1223 1879 lui
1239 1849 1386 1878 demande
1400 1849 1422 1875 si
1437 1847 1495 1876 elle
1508 1850 1553 1875 est
1568 1846 1638 1874 allée
1654 1846 1671 1873 à
1686 1846 1764 1874 Paris
1778 1849 1837 1882 pour
1846 1849 1863 1876 la

754 1893 810 1920 fête
827 1893 862 1920 de
882 1891 1074 1926 l’Empereur.
1097 1890 1141 1915 Au
1162 1896 1210 1916 cas
1226 1888 1263 1914 où
1284 1887 1339 1913 elle
1360 1893 1398 1912 ne
1413 1883 1530 1911 l’aurait
1545 1891 1596 1918 pas
1611 1883 1673 1917 fait,
1695 1883 1747 1910 elle
1766 1883 1802 1910 lui
1815 1892 1862 1911 con¬

755 1929 837 1956 seille
852 1929 888 1955 de
904 1928 931 1954 le
946 1927 1019 1954 faire
1035 1926 1149 1953 l’année
1161 1924 1293 1951 suivante
1310 1924 1338 1949 et
1354 1921 1408 1948 elle
1422 1919 1464 1947 lui
1481 1919 1617 1946 transcrit
1631 1919 1657 1946 le
1673 1926 1789 1946 canevas
1802 1919 1862 1947 d’une

755 1963 959 1992 conversation
970 1961 1075 1997 qu’elle
1087 1959 1219 1996 pourrait
1232 1958 1313 1986 avoir
1324 1964 1393 1984 avec
1402 1956 1596 1990 l’Empereur.
1612 1956 1626 1981 «
1639 1955 1690 1981 Les
1699 1955 1779 1982 vieux
1789 1963 1863 1991 usages

754 2000 873 2028 doivent
888 1999 1004 2027 revenir
1019 2004 1088 2024 avec
1099 1997 1141 2023 les
1158 1996 1267 2023 formes
1282 1993 1332 2028 qui
1349 1991 1575 2028 appartenaient
1588 1998 1645 2017 aux
1655 1990 1768 2025 grands.
1783 2001 1795 2015 »
1810 1992 1863 2018 Cette

753 2037 838 2063 lettre
853 2037 936 2071 porte
952 2042 990 2062 au
1005 2034 1058 2060 dos
1073 2041 1114 2061 un
1134 2031 1279 2059 certificat
1293 2027 1517 2056 d’authenticité
1537 2027 1572 2054 de
1595 2026 1624 2053 la
1643 2025 1799 2053 maréchale
1814 2027 1863 2061 Ney.

678 2104 1869 2155 22. CATHERINE II, dite la Grande, impératrice de Russie, n. 1729, m. 1796.
773 2180 810 2203 n.
834 2168 940 2210 1729,
960 2177 1010 2201 m.
1033 2166 1138 2201 1796.

811 2244 845 2272 P.
864 2251 888 2272 s.
905 2251 960 2271 sur
973 2241 1074 2278 vélin;
1092 2237 1419 2273 Saint-Pétersbourg,
1434 2234 1472 2264 29
1489 2233 1567 2265 avril
1581 2233 1669 2268 1765,
1689 2234 1696 2262 1
1718 2243 1744 2273 p.
1758 2232 1861 2269 in-folio,

772 2284 1010 2313 encadrements
1027 2283 1044 2310 à
1058 2281 1167 2319 sujets,
1185 2278 1286 2317 grand
1304 2276 1417 2307 cachet
1432 2275 1504 2304 bien
1520 2275 1681 2304 conservé.

793 2350 916 2378 Superbe
928 2349 1007 2382 pièce*
1031 2346 1235 2382 contresignée
1251 2353 1304 2380 par
1319 2351 1373 2371 sou
1389 2343 1434 2369 fils
1449 2341 1532 2375 Paul,
1546 2341 1572 2368 le
1591 2340 1670 2368 futur
1686 2348 1829 2375 empereur,
1841 2347 1863 2367 en

757 2385 866 2421 qualité
883 2385 919 2412 de
935 2383 1164 2420 grand-amiral.
