2179 3146
781 463 931 499 - 5 -
263 544 317 577 23.
348 541 616 577 CATHERINE
648 542 690 576 II.

393 609 424 637 L.
444 617 471 636 a.
491 606 516 637 8.
531 606 646 646 Sophie
651 631 657 643 ,
676 617 713 637 en
730 607 876 644 français,
893 618 932 637 au
947 608 1106 638 maréchal
1121 616 1181 637 von
1198 608 1322 636 Plessen
1334 617 1340 643 ;
1356 606 1476 642 Zerbst,

353 648 390 677 29
408 648 468 677 mai
483 648 571 683 1743,
589 648 607 675 2
622 657 650 686 p.
670 646 752 677 in-4.
771 646 862 677 Rare.
880 646 1062 686 [Collection
1073 658 1131 677 von
1148 647 1199 677 der
1213 646 1298 676 Tann
1302 646 1321 686 .)

376 706 528 732 Précieuse
551 706 659 736 lettre,
674 705 763 731 écrite
779 713 892 732 comme
909 706 1058 739 princesse
1075 704 1337 737 d’Anhalt-Zerbst,
1355 712 1391 731 au
1406 703 1480 736 sujet

341 741 375 767 de
390 740 597 774 compliments
614 740 718 775 qu'elle
734 740 794 768 doit
806 740 942 768 adresser
957 741 973 767 à
989 750 1028 768 un
1044 742 1079 768 de
1096 748 1142 767 ses
1158 739 1267 767 oncles.

266 814 320 848 24.
352 812 560 848 CHARLES
580 812 657 856 XII,
682 813 733 848 roi
762 812 806 847 de
830 811 960 856 Suède,
982 813 1124 848 illustre
1148 811 1326 858 guerrier,
1354 812 1479 846 adver¬

358 861 449 898 saire
465 861 507 897 de
524 862 646 897 Pierre
662 862 695 897 le
712 861 844 904 Grand,
864 872 898 896 n.
923 863 1027 905 1682,
1049 863 1107 897 tué
1125 872 1168 895 en
1188 862 1291 896 1718.

394 930 426 959 L.
443 938 470 958 a.
497 938 535 965 s.,
556 938 594 957 en
616 928 751 964 français
773 927 805 966 (à
829 928 917 957 Louis
939 928 1035 966 XIV);
1062 926 1235 963 Stralsund,
1258 927 1294 955 13
1315 925 1479 956 décembre

359 970 445 1006 1714,
465 969 520 1007 1/2
538 978 566 1007 p.
585 968 664 998 in-4.
686 968 775 998 Rare.

377 1027 527 1054 Précieuse
542 1027 630 1055 pièce.
652 1026 673 1053 Il
694 1026 734 1053 lui
750 1033 883 1052 annonce
899 1025 1004 1052 l'envoi
1020 1026 1060 1052 du
1082 1025 1171 1051 baron
1190 1024 1225 1050 de
1246 1024 1351 1058 Sparre
1371 1023 1421 1058 qui
1438 1025 1481 1049 est

342 1062 447 1098 chargé
462 1062 497 1089 de
513 1070 559 1089 ses
575 1062 768 1090 instructions
784 1069 857 1095 pour
868 1061 1005 1095 négocier
1019 1069 1058 1088 un
1075 1060 1159 1087 traité
1173 1059 1210 1086 de
1227 1060 1303 1093 paix.

266 1137 320 1170 25.
351 1133 746 1170 CHATEAUBRIAND
777 1132 1096 1180 (François-René,
1132 1131 1285 1166 vicomte
1316 1130 1385 1177 de),
1412 1129 1481 1165 l’il-

358 1184 473 1220 lustre
513 1183 684 1227 écrivain,
726 1182 888 1219 membre
929 1182 972 1217 de
1017 1179 1240 1217 l’Académie
1285 1179 1478 1223 française,

360 1245 395 1268 n.
420 1235 522 1276 1768,
548 1244 596 1267 m.
621 1235 723 1268 1848.

393 1301 425 1329 L.
440 1309 469 1330 a.
485 1309 510 1329 s.
524 1302 543 1328 à
559 1308 619 1328 une
631 1298 811 1328 demoiselle
822 1308 829 1332 ;
846 1299 996 1335 Londres,
1008 1298 1046 1326 28
1062 1296 1125 1325 mai
1140 1296 1227 1331 1823,
1248 1297 1262 1324 1
1280 1305 1311 1334 p.
1332 1295 1387 1334 1/2
1401 1296 1479 1324 in-4.

377 1358 455 1384 Pelle
471 1357 555 1383 lettre
576 1358 613 1383 où
630 1356 646 1383 il
670 1356 784 1383 déclare
801 1364 857 1389 que
880 1356 905 1381 la
919 1354 1030 1382 famille
1047 1354 1082 1381 de
1104 1361 1156 1380 son
1172 1352 1337 1379 beau-frère
1354 1351 1480 1379 n’habite

343 1401 395 1428 pas
409 1393 602 1427 l’Angleterre
618 1395 647 1418 et
661 1392 767 1426 qu'elle
782 1399 813 1417 se
825 1393 926 1417 trouve
942 1390 1016 1417 dans
1030 1398 1087 1416 une
1103 1388 1241 1415 situation
1253 1396 1312 1422 peu
1324 1389 1479 1414 heureuse.

267 1467 321 1500 26.
351 1458 548 1501 CHÉNIER
572 1463 856 1512 (Marie-Joseph
879 1462 948 1510 de),
973 1463 1063 1497 frère
1089 1461 1192 1497 cadet
1213 1459 1369 1496 d’André
1391 1459 1482 1495 Ché¬

359 1515 450 1556 nier,
486 1513 778 1555 conventionnel,
812 1514 942 1547 auteur
972 1510 1212 1556 dramatique,
1245 1509 1407 1544 membre
1438 1507 1481 1542 de

358 1562 581 1599 l’Académie
595 1561 791 1606 française,
809 1573 845 1596 n.
868 1563 972 1601 1764,
994 1571 1041 1594 m.
1066 1561 1168 1595 1811.

395 1630 427 1658 L.
446 1637 475 1658 a.
492 1638 516 1657 8.
539 1630 557 1657 à
573 1637 615 1657 un
631 1629 788 1662 confrère;
808 1627 845 1655 12
857 1626 924 1665 juin
943 1626 1030 1660 1806,
1049 1626 1063 1654 1
1082 1634 1112 1663 p.
1132 1624 1208 1654 in-8.

377 1687 573 1713 Intéressante
587 1686 672 1713 lettre
689 1688 725 1712 où
742 1686 762 1711 il
779 1684 859 1719 parle
875 1684 910 1710 de
924 1692 970 1710 ses
986 1683 1088 1709 études
1102 1682 1237 1708 relatives
1253 1683 1269 1708 à
1288 1681 1481 1708 l’instruction

344 1723 482 1757 publique
505 1730 556 1748 sur
576 1722 735 1756 lesquelles
756 1720 775 1747 il
799 1720 913 1755 appelle
938 1719 1104 1746 l'attention
1128 1717 1167 1744 du
1191 1719 1432 1753 gouvernement.
1457 1716 1481 1741 Il

344 1758 457 1785 déclare
469 1757 539 1792 qu’il
555 1760 597 1784 est
609 1760 712 1792 urgent
725 1764 800 1791 pour
815 1755 853 1782 lui
872 1755 906 1782 de
923 1757 1039 1781 trouver
1051 1753 1101 1780 des
1119 1760 1242 1788 moyens
1257 1752 1446 1779 d’existence.

266 1832 319 1864 27.
351 1829 598 1866 CHERUBIN!
622 1829 772 1877 (Louis),
798 1827 942 1863 célèbre
966 1825 1211 1873 compositeur
1230 1826 1274 1861 de
1299 1825 1479 1872 musique,

359 1891 393 1914 n.
416 1882 519 1922 1760,
540 1891 587 1913 m.
610 1881 714 1914 1842.

396 1947 538 1975 Morceau
555 1946 593 1975 de
609 1944 750 1982 musique
767 1946 830 1973 aut.
849 1942 920 1981 sig.,
939 1943 953 1970 1
971 1951 1002 1980 p.
1018 1941 1090 1970 in-8
1106 1940 1231 1978 oblong.

377 2003 451 2030 C’est
469 2011 508 2028 un
523 2002 601 2037 sujet
616 2002 651 2029 de
667 2002 766 2037 fugue.

267 2076 322 2109 28.
352 2074 522 2109 CHOPIN
544 2073 754 2122 (Frédéric),
774 2072 916 2107 célèbre
937 2071 1091 2118 pianiste
1113 2073 1148 2105 et
1170 2069 1416 2116 compositeur
1438 2069 1481 2103 de

361 2122 539 2169 musique,
559 2135 594 2157 n.
618 2125 723 2166 1810,
745 2132 793 2157 m.
812 2122 921 2155 1849.

402 2191 431 2218 L.
458 2198 486 2218 a.
508 2199 532 2218 8.
558 2188 589 2227 (à
604 2187 861 2226 Franchomme);
884 2186 1009 2215 Nohant
1030 2185 1061 2225 (4
1080 2185 1183 2223 juillet
1204 2184 1304 2223 1844),
1330 2186 1341 2213 1
1360 2193 1389 2222 p.
1406 2184 1479 2213 in-8.

361 2229 433 2258 Très
446 2238 527 2258 rare.

381 2283 528 2309 Précieuse
544 2283 628 2314 pièce,
647 2281 766 2309 relative
783 2281 800 2308 à
814 2281 844 2308 la
863 2280 1042 2315 publication
1060 2279 1146 2305 d’une
1167 2278 1202 2304 de
1218 2286 1264 2304 ses
1284 2285 1396 2305 œuvres
1411 2276 1482 2304 dont

349 2317 367 2343 il
392 2317 534 2344 demande
563 2319 613 2344 600
642 2317 748 2344 francs.
772 2317 813 2343 En
842 2315 1065 2350 post-scriptum
1087 2313 1196 2347 Chopin
1223 2313 1275 2339 fait
1290 2313 1421 2340 mention
1445 2312 1480 2338 de

348 2352 456 2389 George
471 2353 559 2380 Sand.
