1971 3146
1165 482 1306 515 - 6 -
635 564 692 597 29.
725 552 875 597 CONDÉ
895 560 1018 608 (Henri
1044 561 1068 595 11
1094 560 1138 595 de
1162 560 1345 605 Bourbon,
1369 558 1493 605 prince
1517 557 1586 605 de),
1609 558 1744 596 célèbre
1772 566 1834 605 chef

731 613 946 656 proleslant,
975 612 1062 657 père
1088 608 1135 644 du
1162 609 1283 644 Grand
1312 607 1448 649 Condé,
1476 606 1562 641 chef
1579 607 1626 642 du
1648 607 1781 648 Conseil
1801 606 1831 662 de

731 660 896 706 Régence
917 660 1020 706 après
1036 658 1071 693 la
1087 661 1183 693 morl
1203 657 1246 692 de
1263 657 1371 692 Louis
1389 655 1481 698 XIII,
1499 667 1535 690 n.
1558 657 1662 699 1588,
1682 669 1728 692 m.
1748 663 1829 701 1046.

769 727 801 755 L.
825 736 853 755 a.
873 735 897 755 s.
915 736 955 755 au
974 734 1056 764 pape
1074 724 1205 765 (Urbain
1224 723 1304 763 VIII)
1317 733 1323 760 ;
1347 722 1447 758 Paris,
1465 723 1482 751 9
1502 722 1670 752 novembre
1689 725 1768 762 1645,
1785 731 1796 758 1
1809 741 1829 770 p,

733 766 868 801 in-folio,
887 766 1013 795 adresse
1032 770 1062 795 et
1075 765 1196 795 cachet.

750 824 873 851 Superbe
883 830 983 850 lettre
999 823 1034 849 où
1050 822 1069 848 il
1080 822 1107 849 le
1117 822 1232 857 supplie
1246 822 1279 848 de
1292 820 1461 848 considérer
1474 819 1516 846 les
1531 819 1652 846 intérêts
1667 821 1699 848 de
1711 821 1738 849 la
1747 824 1830 856 France

714 868 781 887 avec
795 861 901 886 autant
913 858 1082 886 d’affection
1099 867 1154 892 que
1170 858 1243 884 Font
1258 857 1311 883 fait
1326 864 1372 883 ses
1388 855 1627 892 prédécesseurs.

634 930 692 963 30.
725 926 915 962 DANTON
933 925 1135 973 (Georges),
1154 926 1188 961 le
1208 925 1352 960 célèbre
1373 923 1669 967 conventionnel,
1691 937 1725 961 n.
1749 931 1830 976 1759,

731 976 898 1023 décapité
915 988 959 1010 en
983 977 1087 1010 1794.
1825 961 1830 976 '

771 1044 805 1072 P.
824 1052 866 1079 s.;
882 1043 981 1078 Paris,
999 1042 1038 1070 22
1055 1044 1130 1071 août
1145 1041 1235 1076 1792,
1330 1041 1388 1079 1/4
1403 1039 1535 1076 in-folio,
1552 1039 1671 1070 cachet.
1690 1040 1773 1073 Rare.

754 1101 910 1136 Signature
927 1099 1054 1134 apposée
1071 1107 1122 1125 sur
1133 1107 1192 1125 une
1209 1098 1291 1132 copie
1303 1098 1455 1124 conforme
1468 1096 1502 1123 de
1516 1096 1544 1123 la
1558 1096 1596 1123 loi
1611 1096 1650 1123 du
1658 1099 1690 1124 20
1702 1101 1765 1126 août
1775 1103 1825 1130 1792

719 1136 937 1172 réglementant
952 1135 979 1162 le
995 1135 1105 1161 service
1127 1134 1178 1161 des
1199 1136 1318 1168 troupes
1340 1134 1448 1160 suisses
1469 1140 1506 1159 au
1527 1132 1635 1159 service
1652 1133 1686 1160 de
1698 1134 1725 1161 la
1736 1126 1831 1167 France!

635 1206 693 1239 31.
724 1202 984 1240 DASCHKOW
1000 1201 1208 1249 (Catherine
1225 1199 1465 1243 Romanofna,
1485 1199 1693 1248 princesse),
1712 1201 1830 1242 favorite
1963 1210 1968 1234 <

734 1255 776 1287 de
792 1251 1052 1299 l’impératrice
1070 1249 1261 1286 Catherine
1279 1251 1323 1293 II,
1343 1249 1403 1296 qui
1421 1249 1470 1284 lui
1491 1249 1556 1284 dut
1572 1261 1635 1284 son
1652 1252 1831 1292 avènement

733 1313 779 1337 au
798 1303 913 1345 trône,
932 1313 968 1336 n.
991 1302 1095 1343 1744,
1116 1312 1164 1335 m.
1189 1302 1291 1335 1810.

773 1369 806 1397 L.
833 1377 861 1397 a.
889 1377 902 1397 8
907 1377 927 1404 .,
954 1376 993 1397 en
1019 1366 1169 1402 français,
1196 1375 1235 1396 au
1266 1366 1302 1395 R.
1342 1367 1376 1395 P.
1408 1364 1630 1401 Ilermengilde
1665 1366 1742 1401 Pini;
1773 1369 1830 1407 Pise,

734 1409 772 1438 10
787 1408 897 1447 juillet,
916 1410 930 1437 1
950 1418 978 1446 p.
996 1406 1074 1436 in-4.
1095 1406 1167 1436 Très
1179 1416 1262 1437 rare,
1278 1406 1288 1445 (
1292 1405 1361 1436 Coll
1365 1429 1370 1435 .
1388 1403 1427 1435 A.
1447 1403 1565 1444 Bovet.)

755 1466 832 1492 Belle
850 1465 935 1493 lettre
952 1465 987 1492 de
1004 1464 1242 1491 remerciements
1263 1464 1302 1490 du
1318 1463 1429 1490 cadeau
1446 1462 1515 1497 qu’il
1536 1462 1577 1489 lui
1591 1470 1608 1488 a
1621 1464 1736 1497 envoyé.
1752 1475 1764 1488 «
1780 1467 1831 1495 Vous

720 1501 919 1536 m’obligeriez
935 1499 1105 1528 infiniment
1121 1500 1144 1526 si
1161 1508 1231 1527 vous
1248 1507 1294 1526 me
1310 1499 1435 1526 donniez
1450 1498 1594 1532 quelques
1611 1499 1831 1534 renseignements

720 1546 771 1564 sur
787 1537 830 1564 les
851 1537 981 1564 endroits
998 1535 1033 1563 de
1048 1535 1150 1562 l’Italie
1167 1536 1216 1569 qui
1235 1543 1280 1562 me
1297 1537 1407 1562 restent
1423 1535 1440 1561 à
1455 1534 1517 1560 voir
1533 1535 1567 1560 où
1584 1534 1614 1568 je
1632 1534 1727 1568 puisse
1742 1537 1831 1566 trouver

722 1574 772 1600 des
799 1573 903 1599 choses
927 1575 975 1607 qui
1002 1571 1159 1607 regardent
1183 1570 1323 1598 l’histoire
1346 1569 1501 1598 naturelle.
1518 1580 1531 1594 »
1548 1569 1617 1596 Très
1630 1570 1699 1604 jolie
1723 1570 1796 1599 lettre
1808 1581 1830 1601 au

719 1609 803 1643 point
818 1609 854 1635 de
870 1616 924 1635 vue
941 1608 992 1635 des
1009 1607 1150 1634 relations
1165 1606 1325 1634 littéraires
1345 1606 1394 1641 qui
1411 1605 1575 1632 unissaient
1585 1605 1627 1632 les
1647 1605 1739 1633 beaux
1755 1610 1830 1643 esprits

721 1646 738 1671 à
754 1647 828 1671 cette
848 1644 973 1679 époque.

640 1714 697 1747 32.
729 1711 929 1747 DICKENS
973 1710 1167 1759 (Charles),
1206 1710 1238 1745 le
1280 1710 1421 1746 célèbre
1464 1709 1669 1745 romancier
1708 1711 1829 1758 anglais,

735 1773 771 1796 n.
792 1763 896 1803 1812,
916 1772 965 1795 m.
989 1762 1093 1796 1870.

774 1828 805 1856 L.
838 1836 865 1857 a.
882 1836 906 1856 s.
941 1828 964 1856 D
996 1826 1029 1864 (à
1058 1835 1114 1855 son
1143 1826 1225 1855 frère
1253 1825 1360 1863 Fred);
1393 1825 1542 1860 Londres,
1573 1825 1610 1854 28
1639 1825 1746 1855 février
1768 1828 1830 1864 1848,

735 1869 745 1896 4
763 1877 793 1905 p.
814 1867 865 1905 1/2
881 1867 957 1896 in-8.
975 1866 1055 1895 Jolie
1070 1866 1171 1896 lettre.

639 1946 695 1979 33.
728 1942 1054 1980 DOSTOIEWSKI
1071 1942 1279 1991 (Théodor),
1299 1943 1332 1978 le
1356 1942 1500 1978 célèbre
1521 1942 1723 1977 romancier
1741 1955 1829 1988 russe,

735 2005 771 2028 n.
795 1995 900 2036 1821,
921 2004 971 2028 m.
994 1992 1098 2028 1881.

775 2059 809 2088 L.
827 2068 855 2088 a.
869 2067 897 2088 s.
911 2067 918 2095 ;
936 2059 953 2087 3
967 2056 1072 2096 juillet
1088 2058 1177 2093 1848,
1196 2059 1210 2087 1
1230 2067 1259 2096 p.
1279 2057 1354 2087 in-4.
1373 2057 1453 2087 Rare
1458 2080 1464 2086 .

640 2133 697 2166 34.
730 2129 973 2165 DONIZETTI
1014 2127 1228 2177 (Gaëtano),
1272 2130 1306 2165 le
1347 2128 1490 2166 célèbre
1533 2130 1768 2176 compositeur
1800 2131 1828 2165 de

738 2179 905 2226 musique
920 2177 1060 2221 italien,
1083 2190 1119 2213 n.
1148 2181 1253 2223 1798,
1272 2191 1321 2214 m.
1344 2180 1449 2215 1848.

775 2246 809 2274 L.
838 2255 866 2275 a.
896 2255 921 2274 s.
953 2254 992 2274 au
1017 2247 1117 2274 comte
1149 2245 1250 2274 Giulio
1280 2245 1382 2282 Pullé;
1410 2244 1533 2281 Venise,
1564 2245 1603 2274 20
1631 2244 1740 2274 février
1764 2245 1825 2279 1837,

734 2286 753 2314 2
771 2295 801 2324 p.
820 2286 878 2325 1/2
894 2286 967 2315 in-8.
986 2285 1100 2321 Légers
1114 2287 1404 2324 raccommodages.

754 2344 821 2370 Très
836 2343 1030 2370 intéressante
1046 2342 1141 2376 lettre,
1158 2345 1239 2370 toute
1255 2343 1406 2371 musicale.
1423 2343 1461 2370 La
1472 2343 1606 2377 musique
1623 2343 1753 2376 sérieuse,
1766 2341 1825 2375 dit-il,

720 2387 736 2405 a
749 2378 852 2406 besoin
869 2379 958 2406 d’être
978 2377 1109 2405 mâchée.
