2179 3146
820 458 854 462 —
874 445 890 469 7
908 458 942 463 —

289 523 343 556 35.
376 519 436 554 DU
467 516 674 553 CHASTEL
700 517 938 566 (Tanneguy),
967 518 1089 554 habile
1114 518 1289 565 guerrier,
1317 519 1440 563 prévôt
1465 517 1507 552 de

382 568 494 610 Paris,
514 565 574 613 qui
597 578 705 601 sauva
721 567 753 601 le
773 567 936 615 dauphin
959 567 1109 603 Charles
1125 568 1185 602 VII
1206 567 1279 602 lors
1300 566 1342 601 de
1358 565 1507 601 l’entrée

382 617 443 652 des
455 615 738 661 Bourguignons
752 616 840 651 dans
857 616 959 652 Paris
976 628 1019 651 en
1039 619 1143 660 1418,
1158 627 1192 650 n.
1214 616 1318 654 1369,
1333 626 1381 649 m.
1402 616 1504 649 1449.

421 693 453 721 L.
469 701 506 727 8.,
525 700 562 720 en
581 690 670 726 latin,
692 700 746 720 sur
766 691 861 730 vélin,
887 695 906 721 à
930 700 985 720 son
1011 691 1159 728 trésorier;
1196 692 1215 719 4
1235 690 1314 720 avril
1338 690 1426 725 1448,
1442 691 1456 718 1
1475 699 1504 727 p.

380 731 506 762 in-folio
523 729 650 767 oblong.
666 729 803 769 Superbe
820 736 846 760 et
862 740 932 760 rare
945 732 1039 769 pièce.

289 811 343 844 36.
374 807 510 844 DUCIS
533 806 853 854 (Jean-François),
873 807 905 842 le
922 807 1065 842 célèbre
1080 809 1184 853 poète
1201 806 1381 853 tragique,
1396 817 1503 840 mem¬

382 858 446 892 bre
466 857 510 892 de
525 856 748 891 l’Académie
764 855 954 899 française,
975 868 1011 889 n.
1035 858 1139 897 1733,
1159 867 1208 890 m.
1230 857 1334 890 1816.

418 925 450 953 L.
469 933 497 952 a.
514 932 539 952 s.
564 922 582 951 à
601 922 781 958 Campenon;
799 921 979 957 Versailles,
999 922 1037 951 23
1057 922 1221 951 décembre
1239 921 1326 955 1813,
1345 921 1363 949 2
1380 930 1410 958 p.
1428 921 1506 949 in-4.

400 990 468 1017 Très
484 989 551 1025 jolie
562 988 648 1015 lettre
661 990 698 1014 où
712 988 733 1014 il
748 988 829 1023 parle
846 989 880 1016 de
893 996 940 1016 ses
954 988 1105 1014 confrères
1117 988 1152 1014 de
1161 987 1336 1014 l’Académie
1351 987 1506 1022 française,

365 1028 468 1061 Roger,
485 1027 581 1060 Auger
592 1027 620 1050 et
641 1025 721 1050 Droz.
734 1025 758 1051 11
773 1025 853 1059 signe
867 1033 873 1051 :
885 1025 898 1051 «
915 1024 995 1050 Ducis
999 1032 1005 1057 ,
1016 1032 1068 1050 une
1079 1024 1125 1050 clés
1135 1027 1192 1058 sept
1208 1022 1301 1049 étoiles
1312 1023 1344 1049 de
1359 1022 1508 1056 lapleyade

365 1062 402 1089 du
414 1061 611 1093 Luxembourg.
629 1069 643 1084 »

288 1136 343 1170 37.
373 1132 535 1169 DUMAS
570 1131 814 1178 (Alexandre),
846 1132 879 1166 le
914 1131 1028 1177 grand
1064 1131 1284 1172 romancier,
1323 1141 1358 1164 n.
1401 1131 1502 1172 1803,

380 1194 428 1217 m.
455 1184 560 1217 1870.

421 1250 453 1278 L.
472 1258 499 1277 a.
518 1257 543 1277 s.
562 1256 601 1276 au
622 1246 829 1285 propriétaire
850 1246 890 1275 dti
907 1245 1042 1275 Mercure
1062 1247 1214 1284 aplésien;
1233 1243 1346 1284 (1864),
1369 1245 1386 1272 5
1403 1254 1431 1282 p.
1451 1245 1507 1282 1/2

380 1289 456 1318 in-4.

403 1346 541 1373 Curieuse
561 1345 645 1371 lettre
668 1343 685 1371 à
704 1353 744 1371 un
765 1344 918 1370 rédacteur
938 1343 973 1369 de
990 1343 1110 1378 journal
1131 1343 1180 1377 qui
1198 1343 1273 1369 avait
1293 1342 1447 1368 dénommé
1463 1341 1506 1368 les

367 1389 508 1416 ouvrages
530 1379 726 1408 d’Alexandre
747 1380 865 1412 Dumas,
879 1380 921 1406 les
945 1379 1145 1405 élucubrations
1169 1378 1206 1405 du
1226 1378 1316 1412 grand
1335 1377 1495 1404 Alexandre
1498 1399 1503 1411 ,

368 1421 396 1444 et
412 1417 461 1452 qui
477 1416 553 1444 avait
563 1415 671 1442 félicité
684 1423 730 1441 ses
742 1415 948 1449 compatriotes
962 1414 1070 1441 d'avoir
1081 1414 1176 1440 écarté
1189 1413 1223 1440 de
1236 1414 1298 1440 leur
1307 1412 1506 1446 bibliothèque

367 1454 407 1480 les
420 1460 533 1479 œuvres
545 1451 582 1479 du
598 1451 689 1486 grand
703 1450 881 1477 romancier.
890 1450 913 1477 il
930 1450 971 1476 lui
985 1449 1115 1484 rappelle
1127 1458 1183 1484 que
1200 1450 1241 1475 les
1257 1448 1406 1475 habitants
1422 1447 1507 1482 d’Apt

367 1489 448 1515 n’ont
463 1496 514 1523 pas
531 1486 664 1520 toujours
680 1494 715 1512 eu
731 1486 758 1512 la
772 1487 867 1512 même
884 1485 1004 1521 opinion
1019 1489 1047 1512 et
1062 1485 1081 1512 il
1095 1485 1122 1511 le
1135 1485 1217 1511 raille
1233 1492 1283 1511 sur
1293 1484 1321 1510 la
1333 1483 1420 1518 façon
1436 1483 1507 1510 dont

367 1533 418 1551 son
439 1522 555 1559 journal
571 1524 615 1549 est
630 1522 778 1556 composé.

290 1599 344 1632 38.
376 1594 850 1632 DUPLESSIS-MORNAY
867 1592 1071 1642 (Philippe),
1091 1593 1232 1628 illustre
1249 1591 1334 1627 chef
1346 1592 1393 1626 du
1411 1592 1505 1638 parti

381 1647 596 1692 protestant,
617 1643 688 1679 ami
705 1646 740 1678 et
759 1643 952 1678 conseiller
969 1642 1013 1676 de
1029 1641 1140 1677 Henri
1161 1642 1220 1685 IV,
1243 1644 1451 1676 surnommé
1472 1641 1505 1676 le

380 1695 479 1741 Pape
495 1694 551 1729 des
569 1692 783 1740 Huguenots
789 1720 796 1735 ,
815 1704 851 1727 n.
876 1692 978 1733 1349,
999 1702 1047 1725 m.
1072 1692 1173 1725 1623.

419 1770 451 1798 L.
470 1779 498 1798 a.
517 1778 541 1799 s.
582 1767 776 1803 àVillarnoul;
796 1767 943 1803 Saumur,
962 1765 999 1794 30
1011 1765 1078 1804 juin
1091 1765 1178 1801 1610,
1196 1767 1209 1794 1
1224 1774 1253 1803 p.
1268 1764 1403 1795 in-folio.
1421 1764 1503 1794 Belle

381 1810 475 1847 pièce.

287 1887 341 1920 39.
372 1878 555 1922 EUGÈNE
583 1885 642 1920 DE
670 1884 837 1919 SAVOIE
859 1883 905 1931 (le
925 1882 1076 1929 prince),
1096 1883 1234 1917 illustre
1255 1881 1432 1929 guerrier,
1457 1894 1503 1917 un

382 1935 443 1969 des
460 1935 542 1981 plus
557 1934 791 1968 redoutables
811 1930 1036 1968 adversaires
1053 1931 1097 1965 de
1113 1931 1221 1966 Louis
1236 1930 1325 1974 XIV,
1340 1942 1374 1965 n.
1402 1932 1503 1973 1663,

381 1995 428 2018 m.
456 1985 560 2019 1736.

421 2051 451 2079 L.
476 2059 503 2078 a.
522 2059 560 2084 s.,
586 2058 624 2078 en
647 2049 792 2084 français,
820 2051 872 2083 (au
894 2047 954 2076 duc
975 2047 1012 2075 de
1033 2046 1156 2083 Savoie,
1185 2046 1230 2075 roi
1255 2045 1292 2075 de
1317 2045 1502 2084 Sardaigne,

378 2090 483 2120 Victor
494 2089 629 2119 Amédée
640 2087 694 2128 II);
713 2089 854 2125 Rastadt,
872 2088 910 2120 23
922 2086 990 2126 juin
1007 2087 1094 2122 1701,
1111 2087 1128 2114 3
1145 2096 1173 2124 p.
1191 2085 1242 2125 1/2
1255 2085 1388 2115 in-folio.

401 2157 569 2182 Importante
583 2163 683 2181 lettre
698 2154 866 2184 historique.
890 2152 938 2180 S’il
955 2160 972 2179 a
987 2152 1080 2185 quitté
1094 2152 1196 2178 l’Italie
1212 2160 1285 2186 pour
1302 2152 1501 2186 l’Allemagne,

365 2192 432 2217 c’est
451 2199 524 2225 pour
540 2191 621 2218 aider
644 2191 867 2217 indirectement
884 2188 980 2215 Victor
995 2187 1124 2214 Amédée
1140 2188 1208 2221 qu’il
1227 2196 1243 2214 a
1264 2186 1470 2213 recommandé
1487 2187 1504 2214 à

365 2226 552 2262 Malborough
569 2228 597 2252 et
616 2225 633 2252 à
652 2225 876 2260 Stahremberg;
893 2224 913 2250 il
928 2223 1048 2250 redoute
1067 2222 1093 2249 le
1113 2231 1235 2259 passage
1251 2223 1291 2249 du
1305 2222 1381 2249 Rhin
1394 2230 1446 2257 par
1460 2223 1502 2250 les

366 2262 512 2297 Français,
528 2268 615 2297 parce
637 2261 708 2295 qu’il
727 2262 791 2288 leur
807 2265 850 2287 est
866 2258 1009 2287 inférieur
1027 2266 1061 2284 en
1080 2257 1156 2285 force
1173 2261 1201 2285 et
1220 2259 1294 2285 n’est
1309 2266 1360 2292 pas
1376 2260 1502 2285 soutenu

367 2305 418 2331 par
432 2290 474 2324 lés
496 2297 602 2324 Danois
617 2305 623 2330 ;
643 2297 660 2322 il
682 2297 783 2331 espère
804 2304 860 2330 que
884 2294 993 2323 Verceil
1018 2293 1157 2321 résistera
1181 2295 1247 2328 plus
1269 2294 1433 2328 longtemps
1447 2302 1502 2328 que

368 2334 447 2359 Suse.
