1971 3146
1179 433 1324 484 - 8 -
642 519 688 551 40
695 516 701 552 .
735 514 931 552 FLORIAN
954 514 1202 563 (Jean-Pierre
1228 515 1358 552 Claris
1380 516 1450 564 de),
1473 517 1506 553 le
1524 517 1664 553 célèbre
1686 518 1856 570 fabuliste,

743 565 906 601 membre
924 565 967 599 de
982 563 1206 600 l’Académie
1223 564 1413 609 française,
1434 577 1469 600 n.
1496 569 1598 611 1755,
1618 579 1665 602 m.
1688 571 1788 606 1794.

777 642 809 671 L.
829 650 857 670 a.
876 650 914 677 s.,
935 641 947 669 1
965 650 995 678 p.
1016 638 1073 678 1/2
1090 638 1168 668 in-8.

757 707 955 734 Intéressante
981 706 1066 732 lettre
1097 707 1133 732 où
1161 706 1179 732 il
1202 706 1245 733 dit
1274 707 1344 742 qu’il
1373 709 1450 735 reste
1474 708 1604 735 enfermé
1624 709 1692 736 chez
1724 711 1763 738 lui
1792 722 1857 748 pour

722 744 873 778 s’occuper
896 743 930 769 de
956 750 987 768 sa
1009 740 1105 768 notice
1133 750 1183 768 sur
1199 742 1336 772 Voltaire.
1366 753 1379 767 «
1395 744 1431 770 Ce
1453 752 1522 770 nom
1548 744 1583 771 de
1604 745 1731 773 Voltaire
1755 756 1769 774 a
1797 750 1855 779 bien

720 779 836 807 embelli
847 786 916 804 mon
930 784 1070 812 ouvrage;
1081 776 1102 803 il
1113 777 1233 804 tachera
1241 777 1311 812 qu’il
1328 778 1403 805 fasse
1417 778 1535 814 pleurer
1546 788 1618 807 ceux
1631 781 1677 815 qui
1691 784 1856 815 entendront

720 815 746 842 le
763 815 836 842 récit
850 814 885 841 de
902 822 948 840 ses
967 811 1116 840 bienfaits.
1139 823 1152 837 »

637 898 695 932 41.
725 895 926 942 FLORIAN
944 893 1187 942 (Jean-Pierre
1210 893 1338 931 Claris
1353 895 1423 944 de).

772 971 817 1001 La
835 969 1005 1001 Sauterelle
1010 993 1016 1006 ,
1035 969 1116 999 fable
1130 971 1342 1009 autographe,
1359 972 1376 999 3
1392 981 1420 1009 p.
1438 972 1516 1001 in-8.
1534 973 1610 1002 Très
1619 973 1695 1012 jolie
1712 976 1804 1013 pièce.

637 1060 695 1093 42.
728 1055 928 1092 FLOTOW
954 1054 1387 1103 (Friedrich-Ferdinand
1417 1056 1486 1102 de),
1518 1058 1659 1093 célèbre
1687 1064 1855 1108 composi¬

736 1110 817 1142 teur
833 1106 876 1140 de
895 1105 1062 1152 musique
1081 1104 1278 1147 allemand,
1304 1108 1435 1141 auteur
1452 1105 1496 1143 de
1517 1106 1664 1143 Martha
1669 1136 1677 1152 ,
1696 1121 1731 1144 n.
1759 1113 1852 1157 1812,

736 1167 784 1190 m.
808 1156 912 1190 1883.

775 1231 807 1259 L.
834 1240 862 1260 a.
889 1239 927 1266 s.,
950 1239 987 1259 en
1003 1229 1154 1268 français,
1179 1232 1197 1259 à
1223 1230 1306 1259 Léon
1332 1229 1497 1268 Escudier;
1522 1232 1620 1270 Paris,
1640 1235 1657 1263 5
1674 1243 1755 1265 mars
1775 1237 1851 1276 1878,

732 1272 752 1300 2
766 1280 796 1309 p.
816 1270 893 1300 in-4.

754 1337 822 1364 Très
842 1336 915 1364 belle
932 1337 1017 1364 lettre
1034 1335 1071 1363 où
1089 1337 1105 1363 il
1122 1336 1174 1364 fait
1189 1337 1375 1372 l’historique
1391 1337 1426 1364 de
1444 1346 1496 1365 son
1509 1341 1635 1375 ouvrage
1652 1341 1718 1368 lova
1729 1342 1851 1373 l'enchan¬

719 1377 826 1400 teresse.
841 1373 863 1398 11
881 1372 960 1408 parle
977 1372 1053 1399 aussi
1072 1372 1106 1400 de
1124 1374 1240 1400 Martha.

637 1455 695 1489 43.
728 1453 1037 1489 FONTENELLE
1059 1452 1237 1500 (Bernard
1260 1453 1310 1490 Le
1331 1455 1481 1491 Bouyer
1504 1455 1575 1502 de),
1601 1456 1744 1494 célèbre
1768 1463 1849 1497 écri¬

734 1503 829 1544 vain,
851 1503 1150 1538 mathématicien
1169 1506 1203 1538 et
1220 1504 1454 1551 philosophe,
1474 1516 1587 1541 neveu
1606 1506 1649 1540 de
1666 1507 1846 1555 Corneille,

734 1552 899 1587 membre
916 1552 959 1587 de
975 1550 996 1586 F
1003 1550 1199 1588 Académie
1218 1552 1409 1597 française,
1428 1565 1463 1588 n.
1488 1557 1591 1597 1657,
1612 1567 1660 1590 m.
1678 1560 1782 1593 757.

774 1632 803 1661 L.
821 1641 849 1660 a.
870 1640 894 1660 s.
913 1635 930 1661 à
948 1631 985 1660 M.
1005 1632 1042 1660 de
1060 1631 1197 1668 Mairan;
1213 1632 1301 1670 jeudi
1316 1633 1389 1669 16,1
1411 1642 1439 1671 p.
1456 1633 1535 1664 in-8.
1551 1634 1640 1665 Rare.

750 1698 821 1724 Jolie
837 1697 921 1725 lettre
936 1697 1055 1725 relative
1071 1696 1089 1726 à
1103 1698 1131 1725 la
1148 1699 1271 1733 pension
1288 1699 1322 1726 de
1337 1699 1431 1726 l’abbé
1449 1699 1483 1726 de
1501 1701 1616 1735 Genest,
1632 1702 1666 1729 de
1683 1703 1846 1734 l’Académie

715 1732 870 1769 française.

633 1816 691 1850 44.
724 1813 933 1850 FOSCOLO
970 1814 1089 1862 (Ugo),
1129 1815 1271 1851 célèbre
1305 1819 1413 1863 poète
1448 1819 1484 1852 et
1522 1818 1679 1854 écrivain
1719 1821 1843 1868 italien,

729 1875 765 1898 n.
788 1865 892 1908 1778,
912 1875 961 1898 m.
986 1866 1090 1899 1827.

766 1940 798 1967 L.
823 1948 850 1967 a.
873 1947 895 1969 s.
916 1942 934 1968 à
953 1940 1018 1977 Ugo
1037 1939 1196 1977 Brunetti;
1216 1941 1253 1969 23
1273 1940 1437 1971 décembre
1454 1941 1569 1982 (1807),
1593 1945 1606 1972 1
1625 1954 1654 1982 p.
1678 1944 1752 1975 in-4.
1771 1948 1843 1977 Belle

725 1978 827 2008 lettre.

630 2065 688 2098 45.
719 2063 1000 2099 FRAGONARD
1026 2063 1324 2115 (Jean-Honoré),
1350 2066 1494 2103 célèbre
1517 2068 1671 2115 peintre,
1694 2071 1787 2107 élève
1807 2073 1843 2107 de

727 2112 908 2157 Boucher,
929 2125 964 2148 n.
989 2116 1090 2158 1732,
1113 2127 1160 2149 m.
1181 2117 1285 2151 1806.

764 2188 799 2217 P.
818 2197 846 2217 a.
864 2197 888 2218 s.
903 2199 909 2225 ;
931 2190 1032 2225 Paris,
1050 2189 1088 2219 26
1110 2190 1216 2220 nivôse
1234 2200 1273 2220 an
1294 2193 1332 2221 VI
1355 2192 1404 2231 (15
1426 2193 1552 2231 janvier
1576 2195 1674 2233 1798),
1702 2198 1713 2225 1
1741 2206 1767 2235 p.
1786 2197 1843 2228 in-8

728 2228 856 2265 oblong.
873 2228 963 2258 Rare.

744 2295 767 2320 11
781 2294 879 2321 donne
895 2304 963 2331 reçu
980 2296 1015 2322 de
1038 2296 1066 2322 la
1088 2305 1201 2324 somme
1218 2298 1252 2324 de
1281 2300 1311 2325 14
1333 2299 1431 2334 pièces
1455 2299 1517 2327 d’or
1540 2302 1588 2336 qui
1611 2302 1650 2329 lui
1668 2311 1684 2330 a
1699 2304 1742 2330 été
1758 2305 1838 2340 payée

709 2338 783 2365 pour
796 2330 872 2357 deux
889 2331 1003 2358 dessins
1018 2331 1070 2359 des
1087 2333 1183 2360 Contes
1199 2333 1233 2360 de
1246 2334 1284 2362 La
1300 2335 1452 2363 Fontaine.
