1971 3146
1137 465 1171 468 —
1192 451 1224 476 40
1243 463 1278 468 —

613 536 669 569 52.
702 530 936 568 GIRARDON
958 526 1169 576 (François),
1183 525 1216 560 le
1234 523 1348 572 grand
1366 522 1565 568 sculpteur,
1586 531 1631 554 un
1650 519 1712 552 des
1730 518 1829 553 déco¬

709 584 853 617 rateurs
869 578 914 614 de
930 577 1140 617 Versailles,
1164 586 1200 610 n.
1222 576 1329 615 1628,
1353 584 1402 606 m.
1427 572 1530 606 1715.

749 658 782 686 L.
800 665 829 686 a.
847 665 873 686 s.
888 664 896 692 ;
912 655 932 683 2
947 662 1031 683 mars
1048 652 1136 687 1693,
1154 654 1164 680 1
1187 659 1219 689 p.
1236 648 1316 679 in-4.
1335 647 1428 678 Rare.

731 724 753 750 Il
768 723 889 758 indique
899 721 927 749 le
943 729 1013 748 nom
1027 720 1061 747 de
1079 719 1155 746 deux
1171 717 1346 752 sculpteurs,
1364 714 1463 741 Vivien
1485 715 1511 739 et
1533 710 1704 746 Maubeuge,
1722 708 1770 743 qui
1791 713 1833 737 out

697 760 724 787 la
739 758 907 796 réputation
923 757 1012 785 d’être
1027 755 1089 783 très
1104 754 1229 781 habiles.

616 841 673 874 53.
704 835 879 873 GLINKA
908 833 1083 883 (Michel),
1123 831 1266 867 célèbre
1306 826 1554 874 compositeur
1594 825 1639 859 de
1677 820 1834 869 musique

718 898 829 930 russe,
848 896 884 920 n.
912 886 1018 927 1804,
1040 894 1088 918 m.
1118 883 1223 917 1857.

756 964 787 992 L.
805 972 833 991 a.
852 970 890 996 s.,
909 969 946 990 en
963 958 1081 994 italien,
1187 954 1288 991 Cerri;
1307 956 1345 984 14
1361 953 1538 992 septembre
1555 950 1670 991 (1832),
1689 950 1703 977 1
1722 958 1750 986 p.
1765 947 1832 979 in-8.

713 1003 804 1032 Rare.

737 1070 812 1097 Belle
828 1069 914 1097 lettre
929 1067 967 1095 où
980 1067 999 1093 il
1017 1065 1162 1094 demande
1178 1072 1236 1091 une
1253 1062 1335 1098 copie
1352 1061 1420 1088 d’un
1439 1063 1500 1086 mol
1504 1059 1527 1086 il
1545 1058 1581 1085 de
1599 1057 1629 1085 la
1649 1055 1835 1085 Sonnambula.

617 1156 675 1190 54.
706 1151 889 1188 GOETHE
904 1145 1250 1198 (Jean-Wolfgang),
1271 1156 1320 1179 un
1336 1143 1400 1178 des
1420 1145 1502 1190 plus
1514 1139 1650 1191 grands
1667 1137 1838 1174 écrivains

716 1202 759 1236 de
779 1199 800 1237 F
806 1199 1033 1246 Allemagne,
1053 1209 1087 1232 n.
1112 1196 1214 1236 1749,
1233 1205 1281 1229 m.
1304 1195 1409 1228 1832.

753 1278 784 1306 P.
799 1286 828 1306 a.
844 1285 887 1312 s.;
906 1276 990 1310 léna,
1010 1274 1046 1303 18
1058 1272 1165 1311 juillet
1178 1271 1268 1306 1811,
1285 1269 1336 1308 1/2
1349 1277 1380 1308 p.
1399 1268 1473 1297 in-4.
1493 1265 1576 1296 Belle
1594 1265 1692 1303 pièce.

618 1367 675 1400 55.
707 1362 859 1399 GREVA
874 1359 1008 1408 (Jules),
1028 1357 1171 1393 célèbre
1185 1356 1333 1392 homme
1352 1352 1540 1399 politique,
1564 1350 1748 1386 troisième
1765 1351 1839 1395 pré¬

717 1412 838 1448 sident
855 1411 899 1446 de
914 1410 950 1446 la
966 1406 1193 1456 République
1213 1404 1404 1447 française,
1425 1414 1461 1438 n.
1483 1402 1589 1444 1807,
1609 1411 1657 1434 m.
1686 1399 1787 1433 1891.

756 1490 787 1517 L.
804 1497 831 1516 a.
850 1497 873 1516 s.
891 1489 910 1515 à
924 1486 963 1515 M.
981 1483 1137 1518 Millières,
1155 1484 1170 1511 1
1188 1490 1217 1520 p.
1235 1479 1313 1509 in-8.
1335 1478 1426 1508 Rare.

619 1577 675 1611 56.
708 1573 867 1608 G
878 1565 1276 1619 (Frédéric-Melchior,
1298 1563 1416 1598 baron
1432 1559 1506 1608 de),
1533 1559 1675 1595 célèbre
1698 1557 1840 1604 critique

719 1627 757 1658 et
791 1620 964 1662 écrivain,
998 1620 1130 1653 auteur
1158 1614 1202 1650 de
1241 1611 1277 1648 la
1315 1608 1624 1656 Correspondance
1667 1606 1827 1643 littéraire
1832 1637 1838 1651 ,

720 1684 755 1706 n.
786 1671 888 1712 1723,
909 1681 957 1703 m.
982 1669 1084 1703 1807.

758 1748 790 1775 L.
805 1756 832 1775 a.
848 1755 871 1775 s.
889 1754 927 1773 au
945 1744 1043 1773 baron
1056 1742 1093 1771 de
1106 1741 1208 1770 Branc
1219 1748 1224 1775 ;
1237 1738 1337 1773 Paris,
1348 1736 1387 1766 22
1399 1735 1519 1774 janvier
1535 1733 1623 1764 1755.
1640 1735 1655 1762 1
1672 1742 1701 1769 p.
1713 1732 1763 1772 1/2
1773 1732 1839 1762 in-8.

716 1787 796 1817 Jolie
813 1786 914 1815 lettre.

623 1877 681 1909 57.
712 1870 881 1908 GUIZOT
917 1863 1353 1914 (François-Guillaume),
1390 1860 1535 1898 célèbre
1559 1859 1750 1900 historien,
1782 1858 1840 1893 mi¬

722 1921 838 1956 nistre
885 1920 928 1954 de
968 1914 1293 1961 Louis-Philippe,
1333 1911 1498 1946 membre
1536 1909 1580 1944 de
1629 1908 1650 1944 F
1656 1907 1842 1945 Académie

722 1970 918 2013 française,
939 1979 976 2003 n.
1003 1969 1109 2009 1787,
1133 1976 1183 2000 m.
1207 1965 1313 1999 1874.

765 2047 797 2075 L.
811 2055 840 2075 a.
856 2054 881 2074 s.
901 2045 929 2083 (à
942 2044 979 2072 M.
998 2039 1127 2079 Bérard)
1141 2049 1148 2076 ;
1165 2038 1286 2069 samedi
1303 2038 1353 2073 16,
1370 2037 1388 2064 2
1403 2046 1434 2074 p.
1452 2033 1512 2075 1/2
1528 2035 1606 2064 in-4.

748 2113 926 2147 Importante
959 2109 1045 2136 lettre
1073 2107 1193 2135 relative
1219 2107 1236 2133 à
1258 2106 1283 2131 la
1313 2103 1466 2130 fondation
1488 2102 1574 2129 d’une
1598 2101 1709 2129 Sociélé
1732 2108 1802 2136 pour
1825 2101 1846 2128 la

710 2148 890 2185 publication
907 2147 942 2173 de
960 2147 1053 2172 textes
1070 2151 1121 2170 sur
1137 2141 1277 2169 l’histoire
1291 2140 1326 2167 de
1344 2139 1464 2166 France.
1483 2148 1496 2162 «
1518 2138 1569 2165 Les
1586 2137 1791 2172 compilations
1805 2136 1848 2163 des

712 2184 821 2211 érudits
839 2186 867 2210 et
886 2183 925 2209 les
943 2179 1163 2209 combinaisons
1179 2175 1406 2213 systématiques
1433 2173 1484 2201 des
1514 2172 1702 2209 philosophes
1728 2181 1762 2199 ne
1784 2180 1848 2199 nous

712 2220 886 2248 contentent
902 2217 977 2253 plus.
993 2216 1073 2243 Nous
1086 2215 1208 2241 voulons
1222 2214 1375 2239 connaître
1390 2210 1432 2237 les
1448 2217 1559 2237 mœurs
1574 2212 1603 2237 et
1615 2209 1659 2236 les
1671 2209 1848 2235 événements

713 2256 763 2283 des
778 2258 855 2283 tems
865 2253 986 2282 anciens
1002 2251 1075 2278 dans
1088 2251 1154 2278 leur
1170 2246 1335 2283 simplicité,
1350 2254 1418 2273 avec
1434 2245 1512 2272 leurs
1528 2245 1638 2272 formes
1654 2246 1683 2271 et
1698 2252 1765 2271 sous
1780 2243 1848 2270 leurs

711 2292 849 2319 couleurs
857 2290 978 2317 natives.
992 2298 1006 2312 »
1016 2287 1038 2314 Il
1051 2289 1130 2313 trace
1138 2285 1166 2312 le
1178 2283 1247 2320 plan
1256 2282 1343 2311 d’une
1358 2281 1434 2308 suite
1447 2280 1484 2307 de
1492 2281 1692 2317 publications
1705 2279 1848 2314 composée

712 2336 765 2363 par
781 2325 977 2361 l’impression
994 2323 1045 2350 des
1062 2329 1174 2349 œuvres
1187 2320 1308 2347 laissées
1319 2317 1426 2353 parles
1438 2316 1653 2351 chroniqueurs
1667 2315 1717 2351 qui
1729 2318 1777 2342 ont
1785 2314 1845 2341 vécu

712 2364 752 2391 du
766 2367 793 2390 v°
809 2371 847 2389 au
862 2369 898 2388 xv
899 2366 909 2377 e
926 2359 1023 2387 siècle.
1038 2358 1234 2384 Intéressants
1250 2354 1364 2382 détails.
