<?xml version="1.0" encoding="UTF-8" standalone="yes"?>
<PcGts xmlns="http://schema.primaresearch.org/PAGE/gts/pagecontent/2013-07-15" xmlns:xsi="http://www.w3.org/2001/XMLSchema-instance" xsi:schemaLocation="http://schema.primaresearch.org/PAGE/gts/pagecontent/2013-07-15 http://schema.primaresearch.org/PAGE/gts/pagecontent/2013-07-15/pagecontent.xsd">
    <Metadata>
        <Creator>Transkribus</Creator>
        <Created>2019-10-20T14:38:28.096+02:00</Created>
        <LastChange>2019-10-20T17:13:41.275+02:00</LastChange>
        <Comments>
                Measurement unit: pixel
                PrimaryLanguage: English
                Language: FrenchStandard
                Producer: Transkribus
            </Comments>
        <TranskribusMetadata docId="230679" pageId="10012787" pageNr="8" tsid="17407432" status="DONE" userId="10612" imgUrl="https://files.transkribus.eu/Get?id=IDXOQEDEKBIXSQTGLKKROEKC&amp;fileType=view" xmlUrl="https://files.transkribus.eu/Get?id=AQEPIZIVEYDTROUFGKQTWLZQ" imageId="6554288"/>
    </Metadata>
    <Page imageFilename="1899_02_LAD_N293_gt_0008.JPG" imageWidth="3238" imageHeight="5284">
        <PrintSpace>
            <Coords points="0,0 3187,0 3187,5282 0,5282"/>
        </PrintSpace>
        <ReadingOrder>
            <OrderedGroup id="ro_1604250061623" caption="Regions reading order">
                <RegionRefIndexed index="0" regionRef="r_1_1"/>
                <RegionRefIndexed index="1" regionRef="r_2_1"/>
                <RegionRefIndexed index="2" regionRef="r_2_2"/>
                <RegionRefIndexed index="3" regionRef="r_2_3"/>
                <RegionRefIndexed index="4" regionRef="r_2_4"/>
                <RegionRefIndexed index="5" regionRef="r_2_5"/>
                <RegionRefIndexed index="6" regionRef="r_2_6"/>
                <RegionRefIndexed index="7" regionRef="r_2_7"/>
                <RegionRefIndexed index="8" regionRef="r_2_8"/>
                <RegionRefIndexed index="9" regionRef="r_3_1"/>
                <RegionRefIndexed index="10" regionRef="r_3_2"/>
                <RegionRefIndexed index="11" regionRef="r_3_3"/>
                <RegionRefIndexed index="12" regionRef="r_3_4"/>
                <RegionRefIndexed index="13" regionRef="r_3_5"/>
                <RegionRefIndexed index="14" regionRef="r_3_6"/>
                <RegionRefIndexed index="15" regionRef="r_3_7"/>
                <RegionRefIndexed index="16" regionRef="r_3_8"/>
            </OrderedGroup>
        </ReadingOrder>
        <TextRegion type="paragraph" id="r_1_1" custom="readingOrder {index:0;}">
            <Coords points="1523,53 1840,53 1840,128 1523,128"/>
            <TextLine id="tl_1" primaryLanguage="English" custom="readingOrder {index:0;}">
                <Coords points="1524,54 1839,54 1839,127 1524,127"/>
                <Baseline points="1525,102 1605,102 1705,124 1839,109"/>
                <Word id="w_w2aab1b1b2b1b1ab1" language="English" custom="readingOrder {index:0;}">
                    <Coords points="1525,55 1605,55 1605,123 1525,123"/>
                    <TextEquiv>
                        <Unicode>—</Unicode>
                    </TextEquiv>
                    <TextStyle fontFamily="Times New Roman" fontSize="4.0"/>
                </Word>
                <Word id="w_w2aab1b1b2b1b1b1b1" language="English" custom="readingOrder {index:1;}">
                    <Coords points="1658,56 1705,56 1705,124 1658,124"/>
                    <TextEquiv>
                        <Unicode>8</Unicode>
                    </TextEquiv>
                    <TextStyle fontFamily="Times New Roman" fontSize="9.5" bold="true"/>
                </Word>
                <Word id="w_w2aab1b1b2b1b1b2b3" language="English" custom="readingOrder {index:2;}">
                    <Coords points="1755,98 1839,98 1839,109 1755,109"/>
                    <TextEquiv>
                        <Unicode>—</Unicode>
                    </TextEquiv>
                    <TextStyle fontFamily="Times New Roman" fontSize="4.0"/>
                </Word>
                <TextEquiv>
                    <Unicode>-8 -</Unicode>
                </TextEquiv>
            </TextLine>
            <TextEquiv>
                <Unicode>-8 -</Unicode>
            </TextEquiv>
        </TextRegion>
        <TextRegion type="paragraph" id="r_2_1" custom="readingOrder {index:1;}">
            <Coords points="521,221 3167,221 3167,472 521,472"/>
            <TextLine id="tl_2" primaryLanguage="English" custom="readingOrder {index:0;}">
                <Coords points="525,222 3166,222 3166,375 525,375"/>
                <Baseline points="525,302 625,304 743,304 1132,321 1279,312 1377,313 1494,315 1885,322 2102,308 2196,328 2312,333 2462,334 2556,339 2678,340 3116,355 3166,375"/>
                <Word id="w_w2aab1b3b2b1b1ab1" language="English" custom="readingOrder {index:0;}">
                    <Coords points="525,222 625,222 625,304 525,304"/>
                    <TextEquiv>
                        <Unicode>de</Unicode>
                    </TextEquiv>
                    <TextStyle fontFamily="Times New Roman" fontSize="10.5"/>
                </Word>
                <Word id="w_w2aab1b3b2b1b1ab7" language="English" custom="readingOrder {index:1;}">
                    <Coords points="665,230 743,230 743,304 665,304"/>
                    <TextEquiv>
                        <Unicode>la</Unicode>
                    </TextEquiv>
                    <TextStyle fontFamily="Times New Roman" fontSize="10.5"/>
                </Word>
                <Word id="w_w2aab1b3b2b1b1ac13" language="English" custom="readingOrder {index:2;}">
                    <Coords points="785,237 1132,237 1132,321 785,321"/>
                    <TextEquiv>
                        <Unicode>marine,</Unicode>
                    </TextEquiv>
                    <TextStyle fontFamily="Times New Roman" fontSize="10.5"/>
                </Word>
                <Word id="w_w2aab1b3b2b1b1ac29" language="English" custom="readingOrder {index:3;}">
                    <Coords points="1180,240 1279,240 1279,312 1180,312"/>
                    <TextEquiv>
                        <Unicode>né</Unicode>
                    </TextEquiv>
                    <TextStyle fontFamily="Times New Roman" fontSize="10.5"/>
                </Word>
                <Word id="w_w2aab1b3b2b1b1ac35" language="English" custom="readingOrder {index:4;}">
                    <Coords points="1332,244 1377,244 1377,313 1332,313"/>
                    <TextEquiv>
                        <Unicode>à</Unicode>
                    </TextEquiv>
                    <TextStyle fontFamily="Times New Roman" fontSize="10.5"/>
                </Word>
                <Word id="w_w2aab1b3b2b1b1ac39" language="English" custom="readingOrder {index:5;}">
                    <Coords points="1414,245 1494,245 1494,315 1414,315"/>
                    <TextEquiv>
                        <Unicode>la</Unicode>
                    </TextEquiv>
                    <TextStyle fontFamily="Times New Roman" fontSize="10.5"/>
                </Word>
                <Word id="w_w2aab1b3b2b1b1ac45" language="English" custom="readingOrder {index:6;}">
                    <Coords points="1548,246 1958,246 1958,326 1548,326"/>
                    <TextEquiv>
                        <Unicode>Rochelle.</Unicode>
                    </TextEquiv>
                    <TextStyle fontFamily="Times New Roman" fontSize="10.5"/>
                </Word>
                <Word id="w_w2aab1b3b2b1b1b1b1" language="English" custom="readingOrder {index:7;}">
                    <Coords points="2012,260 2102,260 2102,327 2012,327"/>
                    <TextEquiv>
                        <Unicode>—</Unicode>
                    </TextEquiv>
                    <TextStyle fontFamily="Times New Roman" fontSize="8.5"/>
                </Word>
                <Word id="w_w2aab1b3b2b1b1b2b1" language="English" custom="readingOrder {index:8;}">
                    <Coords points="2152,261 2242,261 2242,332 2152,332"/>
                    <TextEquiv>
                        <Unicode>20</Unicode>
                    </TextEquiv>
                    <TextStyle fontFamily="Times New Roman" fontSize="10.5"/>
                </Word>
                <Word id="w_w2aab1b3b2b1b1b3b1" language="English" custom="readingOrder {index:9;}">
                    <Coords points="2285,264 2336,264 2336,335 2285,335"/>
                    <TextEquiv>
                        <Unicode>1.</Unicode>
                    </TextEquiv>
                    <TextStyle fontFamily="Times New Roman" fontSize="8.5"/>
                </Word>
                <Word id="w_w2aab1b3b2b1b1b4b1" language="English" custom="readingOrder {index:10;}">
                    <Coords points="2391,286 2462,286 2462,336 2391,336"/>
                    <TextEquiv>
                        <Unicode>a.</Unicode>
                    </TextEquiv>
                    <TextStyle fontFamily="Times New Roman" fontSize="10.5"/>
                </Word>
                <Word id="w_w2aab1b3b2b1b1b4b7" language="English" custom="readingOrder {index:11;}">
                    <Coords points="2517,269 2578,269 2578,339 2517,339"/>
                    <TextEquiv>
                        <Unicode>s.</Unicode>
                    </TextEquiv>
                    <TextStyle fontFamily="Times New Roman" fontSize="10.5"/>
                </Word>
                <Word id="w_w2aab1b3b2b1b1b5b1" language="English" custom="readingOrder {index:12;}">
                    <Coords points="2635,270 2678,270 2678,343 2635,343"/>
                    <TextEquiv>
                        <Unicode>à</Unicode>
                    </TextEquiv>
                    <TextStyle fontFamily="Times New Roman" fontSize="8.5"/>
                </Word>
                <Word id="w_w2aab1b3b2b1b1b6b1" language="English" custom="readingOrder {index:13;}">
                    <Coords points="2733,273 3116,273 3116,355 2733,355"/>
                    <TextEquiv>
                        <Unicode>Truguet</Unicode>
                    </TextEquiv>
                    <TextStyle fontFamily="Times New Roman" fontSize="8.5"/>
                </Word>
                <Word id="w_w2aab1b3b2b1b1b6c17" language="English" custom="readingOrder {index:14;}">
                    <Coords points="3145,310 3166,310 3166,375 3145,375"/>
                    <TextEquiv>
                        <Unicode>;</Unicode>
                    </TextEquiv>
                    <TextStyle fontFamily="Times New Roman" fontSize="8.5"/>
                </Word>
                <TextEquiv>
                    <Unicode>de la marine, né à la Rochelle. — 20 l. a. s. à Truguet ;</Unicode>
                </TextEquiv>
            </TextLine>
            <TextLine id="tl_3" primaryLanguage="English" custom="readingOrder {index:1;}">
                <Coords points="522,320 3161,320 3161,471 522,471"/>
                <Baseline points="524,394 1275,416 1389,404 1943,429 2232,434 2688,445 2817,437 2928,441 3160,450"/>
                <Word id="w_w2aab1b3b2b1b3ab1" language="English" custom="readingOrder {index:0;}">
                    <Coords points="524,324 1275,324 1275,419 524,419"/>
                    <TextEquiv>
                        <Unicode>Saint-Domingue,</Unicode>
                    </TextEquiv>
                    <TextStyle fontFamily="Times New Roman" fontSize="10.5"/>
                </Word>
                <Word id="w_w2aab1b3b2b1b3ac33" language="English" custom="readingOrder {index:1;}">
                    <Coords points="1310,334 1389,334 1389,404 1310,404"/>
                    <TextEquiv>
                        <Unicode>la</Unicode>
                    </TextEquiv>
                    <TextStyle fontFamily="Times New Roman" fontSize="10.5"/>
                </Word>
                <Word id="w_w2aab1b3b2b1b3ac39" language="English" custom="readingOrder {index:2;}">
                    <Coords points="1426,337 1943,337 1943,432 1426,432"/>
                    <TextEquiv>
                        <Unicode>Martinique,</Unicode>
                    </TextEquiv>
                    <TextStyle fontFamily="Times New Roman" fontSize="10.5"/>
                </Word>
                <Word id="w_w2aab1b3b2b1b3ac63" language="English" custom="readingOrder {index:3;}">
                    <Coords points="1978,347 2232,347 2232,434 1978,434"/>
                    <TextEquiv>
                        <Unicode>Brest,</Unicode>
                    </TextEquiv>
                    <TextStyle fontFamily="Times New Roman" fontSize="10.5"/>
                </Word>
                <Word id="w_w2aab1b3b2b1b3ac77" language="English" custom="readingOrder {index:4;}">
                    <Coords points="2274,355 2688,355 2688,445 2274,445"/>
                    <TextEquiv>
                        <Unicode>1819-1829,</Unicode>
                    </TextEquiv>
                    <TextStyle fontFamily="Times New Roman" fontSize="10.5"/>
                </Word>
                <Word id="w_w2aab1b3b2b1b3ac99" language="English" custom="readingOrder {index:5;}">
                    <Coords points="2730,368 2817,368 2817,437 2730,437"/>
                    <TextEquiv>
                        <Unicode>60</Unicode>
                    </TextEquiv>
                    <TextStyle fontFamily="Times New Roman" fontSize="10.5"/>
                </Word>
                <Word id="w_w2aab1b3b2b1b3ad105" language="English" custom="readingOrder {index:6;}">
                    <Coords points="2851,392 2928,392 2928,464 2851,464"/>
                    <TextEquiv>
                        <Unicode>p.</Unicode>
                    </TextEquiv>
                    <TextStyle fontFamily="Times New Roman" fontSize="10.5"/>
                </Word>
                <Word id="w_w2aab1b3b2b1b3ad111" language="English" custom="readingOrder {index:7;}">
                    <Coords points="2974,374 3160,374 3160,450 2974,450"/>
                    <TextEquiv>
                        <Unicode>in-4.</Unicode>
                    </TextEquiv>
                    <TextStyle fontFamily="Times New Roman" fontSize="10.5"/>
                </Word>
                <TextEquiv>
                    <Unicode>Saint-Domingue, la Martinique, Brest, 1819-1829, 60 p. in-4.</Unicode>
                </TextEquiv>
                <TextStyle fontFamily="Times New Roman" fontSize="10.5"/>
            </TextLine>
            <TextEquiv>
                <Unicode>de la marine, né à la Rochelle. — 20 l. a. s. à Truguet ;
Saint-Domingue, la Martinique, Brest, 1819-1829, 60 p. in-4.</Unicode>
            </TextEquiv>
        </TextRegion>
        <TextRegion type="paragraph" id="r_2_2" custom="readingOrder {index:2;}">
            <Coords points="2941,463 3164,463 3164,542 2941,542"/>
            <TextLine id="tl_4" primaryLanguage="English" custom="readingOrder {index:0;}">
                <Coords points="2942,464 3163,464 3163,541 2942,541"/>
                <Baseline points="2942,535 3031,537 3162,541"/>
                <Word id="w_w2aab1b3b2b3b1ab1" language="English" custom="readingOrder {index:0;}">
                    <Coords points="2942,464 3031,464 3031,537 2942,537"/>
                    <TextEquiv>
                        <Unicode>30</Unicode>
                    </TextEquiv>
                    <TextStyle fontFamily="Times New Roman" fontSize="10.5"/>
                </Word>
                <Word id="w_w2aab1b3b2b3b1ab7" language="English" custom="readingOrder {index:1;}">
                    <Coords points="3130,495 3162,495 3162,541 3130,541"/>
                    <TextEquiv>
                        <Unicode>»</Unicode>
                    </TextEquiv>
                    <TextStyle fontFamily="Times New Roman" fontSize="10.5"/>
                </Word>
                <TextEquiv>
                    <Unicode>30 »</Unicode>
                </TextEquiv>
                <TextStyle fontFamily="Times New Roman" fontSize="10.5"/>
            </TextLine>
            <TextEquiv>
                <Unicode>30 »</Unicode>
            </TextEquiv>
        </TextRegion>
        <TextRegion type="paragraph" id="r_2_3" custom="readingOrder {index:3;}">
            <Coords points="421,565 3164,565 3164,853 421,853"/>
            <TextLine id="tl_5" primaryLanguage="English" custom="readingOrder {index:0;}">
                <Coords points="495,566 3163,566 3163,698 495,698"/>
                <Baseline points="496,628 906,630 1523,643 1657,644 1735,645 1955,650 2071,653 2219,656 2688,680 2844,675 3162,684"/>
                <Word id="w_w2aab1b3b2b5b1ab1" language="English" custom="readingOrder {index:0;}">
                    <Coords points="496,572 906,572 906,644 496,644"/>
                    <TextEquiv>
                        <Unicode>Importante</Unicode>
                    </TextEquiv>
                    <TextStyle fontFamily="Times New Roman" fontSize="8.0" bold="true"/>
                </Word>
                <Word id="w_w2aab1b3b2b5b1ac23" language="English" custom="readingOrder {index:1;}">
                    <Coords points="944,585 1523,585 1523,654 944,654"/>
                    <TextEquiv>
                        <Unicode>correspondance</Unicode>
                    </TextEquiv>
                    <TextStyle fontFamily="Times New Roman" fontSize="8.0" bold="true"/>
                </Word>
                <Word id="w_w2aab1b3b2b5b1ac53" language="English" custom="readingOrder {index:2;}">
                    <Coords points="1566,591 1657,591 1657,644 1566,644"/>
                    <TextEquiv>
                        <Unicode>où</Unicode>
                    </TextEquiv>
                    <TextStyle fontFamily="Times New Roman" fontSize="8.0" bold="true"/>
                </Word>
                <Word id="w_w2aab1b3b2b5b1ac59" language="English" custom="readingOrder {index:3;}">
                    <Coords points="1686,592 1735,592 1735,645 1686,645"/>
                    <TextEquiv>
                        <Unicode>il</Unicode>
                    </TextEquiv>
                    <TextStyle fontFamily="Times New Roman" fontSize="8.0" bold="true"/>
                </Word>
                <Word id="w_w2aab1b3b2b5b1ac65" language="English" custom="readingOrder {index:4;}">
                    <Coords points="1770,594 1955,594 1955,665 1770,665"/>
                    <TextEquiv>
                        <Unicode>parle</Unicode>
                    </TextEquiv>
                    <TextStyle fontFamily="Times New Roman" fontSize="8.0" bold="true"/>
                </Word>
                <Word id="w_w2aab1b3b2b5b1ac77" language="English" custom="readingOrder {index:5;}">
                    <Coords points="1986,590 2071,590 2071,653 1986,653"/>
                    <TextEquiv>
                        <Unicode>de</Unicode>
                    </TextEquiv>
                    <TextStyle fontFamily="Times New Roman" fontSize="8.0" bold="true"/>
                </Word>
                <Word id="w_w2aab1b3b2b5b1ac83" language="English" custom="readingOrder {index:6;}">
                    <Coords points="2112,615 2219,615 2219,656 2112,656"/>
                    <TextEquiv>
                        <Unicode>ses</Unicode>
                    </TextEquiv>
                    <TextStyle fontFamily="Times New Roman" fontSize="8.0" bold="true"/>
                </Word>
                <Word id="w_w2aab1b3b2b5b1ac91" language="English" custom="readingOrder {index:7;}">
                    <Coords points="2262,605 2688,605 2688,680 2262,680"/>
                    <TextEquiv>
                        <Unicode>expéditions,</Unicode>
                    </TextEquiv>
                    <TextStyle fontFamily="Times New Roman" fontSize="8.0" bold="true"/>
                </Word>
                <Word id="w_w2aab1b3b2b5b1ad117" language="English" custom="readingOrder {index:8;}">
                    <Coords points="2728,615 2844,615 2844,675 2728,675"/>
                    <TextEquiv>
                        <Unicode>des</Unicode>
                    </TextEquiv>
                    <TextStyle fontFamily="Times New Roman" fontSize="8.0" bold="true"/>
                </Word>
                <Word id="w_w2aab1b3b2b5b1ad125" language="English" custom="readingOrder {index:9;}">
                    <Coords points="2880,624 3162,624 3162,684 2880,684"/>
                    <TextEquiv>
                        <Unicode>troubles</Unicode>
                    </TextEquiv>
                    <TextStyle fontFamily="Times New Roman" fontSize="8.0" bold="true"/>
                </Word>
                <TextEquiv>
                    <Unicode>Importante correspondance où il parle de ses expéditions, des troubles</Unicode>
                </TextEquiv>
                <TextStyle fontFamily="Times New Roman" fontSize="8.0" bold="true"/>
            </TextLine>
            <TextLine id="tl_6" primaryLanguage="English" custom="readingOrder {index:1;}">
                <Coords points="422,638 3162,638 3162,767 422,767"/>
                <Baseline points="423,694 507,695 1168,718 1340,709 1653,713 1776,715 2216,722 2346,726 2533,728 2745,737 3161,737"/>
                <Word id="w_w2aab1b3b2b5b3ab1" language="English" custom="readingOrder {index:0;}">
                    <Coords points="423,638 507,638 507,695 423,695"/>
                    <TextEquiv>
                        <Unicode>de</Unicode>
                    </TextEquiv>
                    <TextStyle fontFamily="Times New Roman" fontSize="8.0" bold="true"/>
                </Word>
                <Word id="w_w2aab1b3b2b5b3ab7" language="English" custom="readingOrder {index:1;}">
                    <Coords points="552,643 1168,643 1168,718 552,718"/>
                    <TextEquiv>
                        <Unicode>Saint-Domingue,</Unicode>
                    </TextEquiv>
                    <TextStyle fontFamily="Times New Roman" fontSize="8.0" bold="true"/>
                </Word>
                <Word id="w_w2aab1b3b2b5b3ac39" language="English" custom="readingOrder {index:2;}">
                    <Coords points="1222,651 1340,651 1340,709 1222,709"/>
                    <TextEquiv>
                        <Unicode>des</Unicode>
                    </TextEquiv>
                    <TextStyle fontFamily="Times New Roman" fontSize="8.0" bold="true"/>
                </Word>
                <Word id="w_w2aab1b3b2b5b3ac47" language="English" custom="readingOrder {index:3;}">
                    <Coords points="1383,669 1653,669 1653,725 1383,725"/>
                    <TextEquiv>
                        <Unicode>guerres</Unicode>
                    </TextEquiv>
                    <TextStyle fontFamily="Times New Roman" fontSize="8.0" bold="true"/>
                </Word>
                <Word id="w_w2aab1b3b2b5b3ac63" language="English" custom="readingOrder {index:4;}">
                    <Coords points="1692,659 1776,659 1776,715 1692,715"/>
                    <TextEquiv>
                        <Unicode>de</Unicode>
                    </TextEquiv>
                    <TextStyle fontFamily="Times New Roman" fontSize="8.0" bold="true"/>
                </Word>
                <Word id="w_w2aab1b3b2b5b3ac69" language="English" custom="readingOrder {index:5;}">
                    <Coords points="1817,663 2216,663 2216,737 1817,737"/>
                    <TextEquiv>
                        <Unicode>l’Amérique</Unicode>
                    </TextEquiv>
                    <TextStyle fontFamily="Times New Roman" fontSize="8.0" bold="true"/>
                </Word>
                <Word id="w_w2aab1b3b2b5b3ac91" language="English" custom="readingOrder {index:6;}">
                    <Coords points="2254,671 2346,671 2346,726 2254,726"/>
                    <TextEquiv>
                        <Unicode>du</Unicode>
                    </TextEquiv>
                    <TextStyle fontFamily="Times New Roman" fontSize="8.0" bold="true"/>
                </Word>
                <Word id="w_w2aab1b3b2b5b3ac97" language="English" custom="readingOrder {index:7;}">
                    <Coords points="2383,674 2533,674 2533,729 2383,729"/>
                    <TextEquiv>
                        <Unicode>Sud.</Unicode>
                    </TextEquiv>
                    <TextStyle fontFamily="Times New Roman" fontSize="8.0" bold="true"/>
                </Word>
                <Word id="w_w2aab1b3b2b5b3ad107" language="English" custom="readingOrder {index:8;}">
                    <Coords points="2572,679 2745,679 2745,737 2572,737"/>
                    <TextEquiv>
                        <Unicode>Cette</Unicode>
                    </TextEquiv>
                    <TextStyle fontFamily="Times New Roman" fontSize="8.0" bold="true"/>
                </Word>
                <Word id="w_w2aab1b3b2b5b3ad119" language="English" custom="readingOrder {index:9;}">
                    <Coords points="2787,702 3161,702 3161,764 2787,764"/>
                    <TextEquiv>
                        <Unicode>correspon¬</Unicode>
                    </TextEquiv>
                    <TextStyle fontFamily="Times New Roman" fontSize="8.0" bold="true"/>
                </Word>
                <TextEquiv>
                    <Unicode>de Saint-Domingue, des guerres de l’Amérique du Sud. Cette correspon¬</Unicode>
                </TextEquiv>
                <TextStyle fontFamily="Times New Roman" fontSize="8.0" bold="true"/>
            </TextLine>
            <TextLine id="tl_7" primaryLanguage="English" custom="readingOrder {index:2;}">
                <Coords points="422,706 3161,706 3161,833 422,833"/>
                <Baseline points="422,762 635,765 952,769 1268,777 1903,785 2138,789 2263,793 2699,803 2842,808 3161,818"/>
                <Word id="w_w2aab1b3b2b5b5ab1" language="English" custom="readingOrder {index:0;}">
                    <Coords points="422,707 635,707 635,765 422,765"/>
                    <TextEquiv>
                        <Unicode>dance</Unicode>
                    </TextEquiv>
                    <TextStyle fontFamily="Times New Roman" fontSize="8.0" bold="true"/>
                </Word>
                <Word id="w_w2aab1b3b2b5b5ac13" language="English" custom="readingOrder {index:1;}">
                    <Coords points="694,711 952,711 952,769 694,769"/>
                    <TextEquiv>
                        <Unicode>fournit</Unicode>
                    </TextEquiv>
                    <TextStyle fontFamily="Times New Roman" fontSize="8.0" bold="true"/>
                </Word>
                <Word id="w_w2aab1b3b2b5b5ac29" language="English" custom="readingOrder {index:2;}">
                    <Coords points="1005,717 1268,717 1268,777 1005,777"/>
                    <TextEquiv>
                        <Unicode>d’utiles</Unicode>
                    </TextEquiv>
                    <TextStyle fontFamily="Times New Roman" fontSize="8.0" bold="true"/>
                </Word>
                <Word id="w_w2aab1b3b2b5b5ac47" language="English" custom="readingOrder {index:3;}">
                    <Coords points="1337,728 1903,728 1903,797 1337,797"/>
                    <TextEquiv>
                        <Unicode>renseignements</Unicode>
                    </TextEquiv>
                    <TextStyle fontFamily="Times New Roman" fontSize="8.0" bold="true"/>
                </Word>
                <Word id="w_w2aab1b3b2b5b5ac77" language="English" custom="readingOrder {index:4;}">
                    <Coords points="1967,750 2138,750 2138,805 1967,805"/>
                    <TextEquiv>
                        <Unicode>pour</Unicode>
                    </TextEquiv>
                    <TextStyle fontFamily="Times New Roman" fontSize="8.0" bold="true"/>
                </Word>
                <Word id="w_w2aab1b3b2b5b5ac87" language="English" custom="readingOrder {index:5;}">
                    <Coords points="2199,740 2263,740 2263,793 2199,793"/>
                    <TextEquiv>
                        <Unicode>la</Unicode>
                    </TextEquiv>
                    <TextStyle fontFamily="Times New Roman" fontSize="8.0" bold="true"/>
                </Word>
                <Word id="w_w2aab1b3b2b5b5ac93" language="English" custom="readingOrder {index:6;}">
                    <Coords points="2317,740 2699,740 2699,818 2317,818"/>
                    <TextEquiv>
                        <Unicode>biographie</Unicode>
                    </TextEquiv>
                    <TextStyle fontFamily="Times New Roman" fontSize="8.0" bold="true"/>
                </Word>
                <Word id="w_w2aab1b3b2b5b5ad115" language="English" custom="readingOrder {index:7;}">
                    <Coords points="2761,753 2842,753 2842,808 2761,808"/>
                    <TextEquiv>
                        <Unicode>de</Unicode>
                    </TextEquiv>
                    <TextStyle fontFamily="Times New Roman" fontSize="8.0" bold="true"/>
                </Word>
                <Word id="w_w2aab1b3b2b5b5ad121" language="English" custom="readingOrder {index:8;}">
                    <Coords points="2893,759 3161,759 3161,820 2893,820"/>
                    <TextEquiv>
                        <Unicode>l’amiral</Unicode>
                    </TextEquiv>
                    <TextStyle fontFamily="Times New Roman" fontSize="8.0" bold="true"/>
                </Word>
                <TextEquiv>
                    <Unicode>dance fournit d’utiles renseignements pour la biographie de l’amiral</Unicode>
                </TextEquiv>
                <TextStyle fontFamily="Times New Roman" fontSize="8.0" bold="true"/>
            </TextLine>
            <TextLine id="tl_8" primaryLanguage="English" custom="readingOrder {index:3;}">
                <Coords points="422,776 744,776 744,852 422,852"/>
                <Baseline points="422,831 743,836"/>
                <Word id="w_w2aab1b3b2b5b7ab1" language="English" custom="readingOrder {index:0;}">
                    <Coords points="422,778 743,778 743,850 422,850"/>
                    <TextEquiv>
                        <Unicode>Duperré.</Unicode>
                    </TextEquiv>
                    <TextStyle fontFamily="Times New Roman" fontSize="8.0" bold="true"/>
                </Word>
                <TextEquiv>
                    <Unicode>Duperré.</Unicode>
                </TextEquiv>
                <TextStyle fontFamily="Times New Roman" fontSize="8.0" bold="true"/>
            </TextLine>
            <TextEquiv>
                <Unicode>Importante correspondance où il parle de ses expéditions, des troubles
de Saint-Domingue, des guerres de l’Amérique du Sud. Cette correspon¬
dance fournit d’utiles renseignements pour la biographie de l’amiral
Duperré.</Unicode>
            </TextEquiv>
        </TextRegion>
        <TextRegion type="paragraph" id="r_2_4" custom="readingOrder {index:4;}">
            <Coords points="138,922 3162,922 3162,1356 138,1356"/>
            <TextLine id="tl_9" primaryLanguage="English" custom="readingOrder {index:0;}">
                <Coords points="139,923 3161,923 3161,1084 139,1084"/>
                <Baseline points="139,1009 397,1010 800,1019 980,1021 1563,1030 2716,1065 3160,1063"/>
                <Word id="w_w2aab1b3b2b7b1ab1" language="English" custom="readingOrder {index:0;}">
                    <Coords points="139,939 397,939 397,1011 139,1011"/>
                    <TextEquiv>
                        <Unicode>43504.</Unicode>
                    </TextEquiv>
                    <TextStyle fontFamily="Times New Roman" fontSize="10.5"/>
                </Word>
                <Word id="w_w2aab1b3b2b7b1ac15" language="English" custom="readingOrder {index:1;}">
                    <Coords points="453,941 800,941 800,1019 453,1019"/>
                    <TextEquiv>
                        <Unicode>DUREY</Unicode>
                    </TextEquiv>
                    <TextStyle fontFamily="Times New Roman" fontSize="10.5"/>
                </Word>
                <Word id="w_w2aab1b3b2b7b1ac27" language="English" custom="readingOrder {index:2;}">
                    <Coords points="841,950 980,950 980,1021 841,1021"/>
                    <TextEquiv>
                        <Unicode>DE</Unicode>
                    </TextEquiv>
                    <TextStyle fontFamily="Times New Roman" fontSize="10.5"/>
                </Word>
                <Word id="w_w2aab1b3b2b7b1ac33" language="English" custom="readingOrder {index:3;}">
                    <Coords points="1017,937 1563,937 1563,1030 1017,1030"/>
                    <TextEquiv>
                        <Unicode>MEINIÈRES</Unicode>
                    </TextEquiv>
                    <TextStyle fontFamily="Times New Roman" fontSize="10.5"/>
                </Word>
                <Word id="w_w2aab1b3b2b7b1ac53" language="English" custom="readingOrder {index:4;}">
                    <Coords points="1618,962 2716,962 2716,1068 1618,1068"/>
                    <TextEquiv>
                        <Unicode>(Jean-Baptiste-François),</Unicode>
                    </TextEquiv>
                    <TextStyle fontFamily="Times New Roman" fontSize="10.5"/>
                </Word>
                <Word id="w_w2aab1b3b2b7b1ad105" language="English" custom="readingOrder {index:5;}">
                    <Coords points="2756,989 3160,989 3160,1079 2756,1079"/>
                    <TextEquiv>
                        <Unicode>magistrat</Unicode>
                    </TextEquiv>
                    <TextStyle fontFamily="Times New Roman" fontSize="10.5"/>
                </Word>
                <TextEquiv>
                    <Unicode>43504. DUREY DE MEINIÈRES (Jean-Baptiste-François), magistrat</Unicode>
                </TextEquiv>
                <TextStyle fontFamily="Times New Roman" fontSize="10.5"/>
            </TextLine>
            <TextLine id="tl_10" primaryLanguage="English" custom="readingOrder {index:1;}">
                <Coords points="514,1039 3158,1039 3158,1172 514,1172"/>
                <Baseline points="514,1109 595,1109 1123,1131 1332,1120 1600,1120 1886,1124 2098,1130 2544,1139 3009,1149 3157,1153"/>
                <Word id="w_w2aab1b3b2b7b3ab1" language="English" custom="readingOrder {index:0;}">
                    <Coords points="514,1045 595,1045 595,1109 514,1109"/>
                    <TextEquiv>
                        <Unicode>et</Unicode>
                    </TextEquiv>
                    <TextStyle fontFamily="Times New Roman" fontSize="10.5"/>
                </Word>
                <Word id="w_w2aab1b3b2b7b3ab7" language="English" custom="readingOrder {index:1;}">
                    <Coords points="650,1041 1123,1041 1123,1132 650,1132"/>
                    <TextEquiv>
                        <Unicode>publiciste,</Unicode>
                    </TextEquiv>
                    <TextStyle fontFamily="Times New Roman" fontSize="10.5"/>
                </Word>
                <Word id="w_w2aab1b3b2b7b3ac31" language="English" custom="readingOrder {index:2;}">
                    <Coords points="1189,1051 1332,1051 1332,1140 1189,1140"/>
                    <TextEquiv>
                        <Unicode>qui</Unicode>
                    </TextEquiv>
                    <TextStyle fontFamily="Times New Roman" fontSize="10.5"/>
                </Word>
                <Word id="w_w2aab1b3b2b7b3ac39" language="English" custom="readingOrder {index:3;}">
                    <Coords points="1383,1053 1600,1053 1600,1123 1383,1123"/>
                    <TextEquiv>
                        <Unicode>avait</Unicode>
                    </TextEquiv>
                    <TextStyle fontFamily="Times New Roman" fontSize="10.5"/>
                </Word>
                <Word id="w_w2aab1b3b2b7b3ac51" language="English" custom="readingOrder {index:4;}">
                    <Coords points="1649,1052 1886,1052 1886,1124 1649,1124"/>
                    <TextEquiv>
                        <Unicode>réuni</Unicode>
                    </TextEquiv>
                    <TextStyle fontFamily="Times New Roman" fontSize="10.5"/>
                </Word>
                <Word id="w_w2aab1b3b2b7b3ac63" language="English" custom="readingOrder {index:5;}">
                    <Coords points="1937,1080 2098,1080 2098,1130 1937,1130"/>
                    <TextEquiv>
                        <Unicode>une</Unicode>
                    </TextEquiv>
                    <TextStyle fontFamily="Times New Roman" fontSize="10.5"/>
                </Word>
                <Word id="w_w2aab1b3b2b7b3ac71" language="English" custom="readingOrder {index:6;}">
                    <Coords points="2151,1062 2544,1062 2544,1139 2151,1139"/>
                    <TextEquiv>
                        <Unicode>immense</Unicode>
                    </TextEquiv>
                    <TextStyle fontFamily="Times New Roman" fontSize="10.5"/>
                </Word>
                <Word id="w_w2aab1b3b2b7b3ac87" language="English" custom="readingOrder {index:7;}">
                    <Coords points="2587,1073 3009,1073 3009,1149 2587,1149"/>
                    <TextEquiv>
                        <Unicode>collection</Unicode>
                    </TextEquiv>
                    <TextStyle fontFamily="Times New Roman" fontSize="10.5"/>
                </Word>
                <Word id="w_w2aab1b3b2b7b3ad109" language="English" custom="readingOrder {index:8;}">
                    <Coords points="3061,1083 3157,1083 3157,1153 3061,1153"/>
                    <TextEquiv>
                        <Unicode>de</Unicode>
                    </TextEquiv>
                    <TextStyle fontFamily="Times New Roman" fontSize="10.5"/>
                </Word>
                <TextEquiv>
                    <Unicode>et publiciste, qui avait réuni une immense collection de</Unicode>
                </TextEquiv>
                <TextStyle fontFamily="Times New Roman" fontSize="10.5"/>
            </TextLine>
            <TextLine id="tl_11" primaryLanguage="English" custom="readingOrder {index:2;}">
                <Coords points="514,1127 3157,1127 3157,1262 514,1262"/>
                <Baseline points="515,1201 1007,1208 1532,1211 1674,1194 1820,1216 1938,1218 2041,1220 2145,1222 2291,1226 2833,1251 2975,1239 3155,1223"/>
                <Word id="w_w2aab1b3b2b7b5ab1" language="English" custom="readingOrder {index:0;}">
                    <Coords points="515,1129 1007,1129 1007,1208 515,1208"/>
                    <TextEquiv>
                        <Unicode>documents</Unicode>
                    </TextEquiv>
                    <TextStyle fontFamily="Times New Roman" fontSize="10.5"/>
                </Word>
                <Word id="w_w2aab1b3b2b7b5ac21" language="English" custom="readingOrder {index:1;}">
                    <Coords points="1036,1135 1532,1135 1532,1234 1036,1234"/>
                    <TextEquiv>
                        <Unicode>juridiqües.</Unicode>
                    </TextEquiv>
                    <TextStyle fontFamily="Times New Roman" fontSize="10.5"/>
                </Word>
                <Word id="w_w2aab1b3b2b7b5ac45" language="English" custom="readingOrder {index:2;}">
                    <Coords points="1588,1187 1674,1187 1674,1194 1588,1194"/>
                    <TextEquiv>
                        <Unicode>—</Unicode>
                    </TextEquiv>
                    <TextStyle fontFamily="Times New Roman" fontSize="10.5"/>
                </Word>
                <Word id="w_w2aab1b3b2b7b5ac49" language="English" custom="readingOrder {index:3;}">
                    <Coords points="1735,1146 1820,1146 1820,1216 1735,1216"/>
                    <TextEquiv>
                        <Unicode>L.</Unicode>
                    </TextEquiv>
                    <TextStyle fontFamily="Times New Roman" fontSize="10.5"/>
                </Word>
                <Word id="w_w2aab1b3b2b7b5ac55" language="English" custom="readingOrder {index:4;}">
                    <Coords points="1865,1168 1938,1168 1938,1218 1865,1218"/>
                    <TextEquiv>
                        <Unicode>a.</Unicode>
                    </TextEquiv>
                    <TextStyle fontFamily="Times New Roman" fontSize="10.5"/>
                </Word>
                <Word id="w_w2aab1b3b2b7b5ac61" language="English" custom="readingOrder {index:5;}">
                    <Coords points="1977,1172 2041,1172 2041,1222 1977,1222"/>
                    <TextEquiv>
                        <Unicode>s.</Unicode>
                    </TextEquiv>
                    <TextStyle fontFamily="Times New Roman" fontSize="10.5"/>
                </Word>
                <Word id="w_w2aab1b3b2b7b5ac67" language="English" custom="readingOrder {index:6;}">
                    <Coords points="2097,1155 2145,1155 2145,1222 2097,1222"/>
                    <TextEquiv>
                        <Unicode>à</Unicode>
                    </TextEquiv>
                    <TextStyle fontFamily="Times New Roman" fontSize="10.5"/>
                </Word>
                <Word id="w_w2aab1b3b2b7b5ac71" language="English" custom="readingOrder {index:7;}">
                    <Coords points="2191,1156 2291,1156 2291,1226 2191,1226"/>
                    <TextEquiv>
                        <Unicode>M.</Unicode>
                    </TextEquiv>
                    <TextStyle fontFamily="Times New Roman" fontSize="10.5"/>
                </Word>
                <Word id="w_w2aab1b3b2b7b5ac77" language="English" custom="readingOrder {index:8;}">
                    <Coords points="2345,1158 2833,1158 2833,1251 2345,1251"/>
                    <TextEquiv>
                        <Unicode>Boullenois,</Unicode>
                    </TextEquiv>
                    <TextStyle fontFamily="Times New Roman" fontSize="10.5"/>
                </Word>
                <Word id="w_w2aab1b3b2b7b5ad101" language="English" custom="readingOrder {index:9;}">
                    <Coords points="2883,1169 2975,1169 2975,1239 2883,1239"/>
                    <TextEquiv>
                        <Unicode>22</Unicode>
                    </TextEquiv>
                    <TextStyle fontFamily="Times New Roman" fontSize="10.5"/>
                </Word>
                <Word id="w_w2aab1b3b2b7b5ad107" language="English" custom="readingOrder {index:10;}">
                    <Coords points="3021,1170 3155,1170 3155,1242 3021,1242"/>
                    <TextEquiv>
                        <Unicode>dé¬</Unicode>
                    </TextEquiv>
                    <TextStyle fontFamily="Times New Roman" fontSize="10.5"/>
                </Word>
                <TextEquiv>
                    <Unicode>documents juridiques. — L. a. s. à M. Boullenois, 22 dé¬</Unicode>
                </TextEquiv>
                <TextStyle fontFamily="Times New Roman" fontSize="10.5"/>
            </TextLine>
            <TextLine id="tl_12" primaryLanguage="English" custom="readingOrder {index:3;}">
                <Coords points="515,1226 3153,1226 3153,1355 515,1355"/>
                <Baseline points="516,1297 852,1300 1100,1319 1185,1303 1301,1303 1535,1305 3023,1332 3153,1329"/>
                <Word id="w_w2aab1b3b2b7b7ab1" language="English" custom="readingOrder {index:0;}">
                    <Coords points="516,1227 852,1227 852,1300 516,1300"/>
                    <TextEquiv>
                        <Unicode>cembre</Unicode>
                    </TextEquiv>
                    <TextStyle fontFamily="Times New Roman" fontSize="10.5"/>
                </Word>
                <Word id="w_w2aab1b3b2b7b7ac15" language="English" custom="readingOrder {index:1;}">
                    <Coords points="890,1232 1100,1232 1100,1319 890,1319"/>
                    <TextEquiv>
                        <Unicode>1767,</Unicode>
                    </TextEquiv>
                    <TextStyle fontFamily="Times New Roman" fontSize="10.5"/>
                </Word>
                <Word id="w_w2aab1b3b2b7b7ac27" language="English" custom="readingOrder {index:2;}">
                    <Coords points="1139,1234 1185,1234 1185,1303 1139,1303"/>
                    <TextEquiv>
                        <Unicode>2</Unicode>
                    </TextEquiv>
                    <TextStyle fontFamily="Times New Roman" fontSize="10.5"/>
                </Word>
                <Word id="w_w2aab1b3b2b7b7ac31" language="English" custom="readingOrder {index:3;}">
                    <Coords points="1220,1257 1301,1257 1301,1327 1220,1327"/>
                    <TextEquiv>
                        <Unicode>p.</Unicode>
                    </TextEquiv>
                    <TextStyle fontFamily="Times New Roman" fontSize="10.5"/>
                </Word>
                <Word id="w_w2aab1b3b2b7b7ac37" language="English" custom="readingOrder {index:4;}">
                    <Coords points="1345,1235 1535,1235 1535,1305 1345,1305"/>
                    <TextEquiv>
                        <Unicode>in-4.</Unicode>
                    </TextEquiv>
                    <TextStyle fontFamily="Times New Roman" fontSize="10.5"/>
                </Word>
                <Word id="w_w2aab1b3b2b7b7ac49" language="English" custom="readingOrder {index:5;}">
                    <Coords points="2936,1261 3023,1261 3023,1332 2936,1332"/>
                    <TextEquiv>
                        <Unicode>10</Unicode>
                    </TextEquiv>
                    <TextStyle fontFamily="Times New Roman" fontSize="10.5"/>
                </Word>
                <Word id="w_w2aab1b3b2b7b7ac55" language="English" custom="readingOrder {index:6;}">
                    <Coords points="3120,1286 3153,1286 3153,1329 3120,1329"/>
                    <TextEquiv>
                        <Unicode>»</Unicode>
                    </TextEquiv>
                    <TextStyle fontFamily="Times New Roman" fontSize="10.5"/>
                </Word>
                <TextEquiv>
                    <Unicode>cembre 1767, 2 p. in-4. 10 »</Unicode>
                </TextEquiv>
                <TextStyle fontFamily="Times New Roman" fontSize="10.5"/>
            </TextLine>
            <TextEquiv>
                <Unicode>43504. DUREY DE MEINIÈRES (Jean-Baptiste-François), magistrat
et publiciste, qui avait réuni une immense collection de
documents juridiques. — L. a. s. à M. Boullenois, 22 dé¬
cembre 1767, 2 p. in-4. 10 »</Unicode>
            </TextEquiv>
        </TextRegion>
        <TextRegion type="paragraph" id="r_2_5" custom="readingOrder {index:5;}">
            <Coords points="418,1383 3160,1383 3160,1601 418,1601"/>
            <TextLine id="tl_13" primaryLanguage="English" custom="readingOrder {index:0;}">
                <Coords points="490,1384 3159,1384 3159,1491 490,1491"/>
                <Baseline points="491,1440 810,1443 1030,1446 1146,1445 1226,1446 1486,1447 1637,1449 2108,1457 2316,1459 2741,1465 2871,1467 3159,1471"/>
                <Word id="w_w2aab1b3b2b9b1ab1" language="English" custom="readingOrder {index:0;}">
                    <Coords points="491,1385 810,1385 810,1443 491,1443"/>
                    <TextEquiv>
                        <Unicode>Curieuse</Unicode>
                    </TextEquiv>
                    <TextStyle fontFamily="Times New Roman" fontSize="8.0" bold="true"/>
                </Word>
                <Word id="w_w2aab1b3b2b9b1ac19" language="English" custom="readingOrder {index:1;}">
                    <Coords points="842,1392 1030,1392 1030,1446 842,1446"/>
                    <TextEquiv>
                        <Unicode>lettre</Unicode>
                    </TextEquiv>
                    <TextStyle fontFamily="Times New Roman" fontSize="8.0" bold="true"/>
                </Word>
                <Word id="w_w2aab1b3b2b9b1ac33" language="English" custom="readingOrder {index:2;}">
                    <Coords points="1058,1392 1146,1392 1146,1446 1058,1446"/>
                    <TextEquiv>
                        <Unicode>où</Unicode>
                    </TextEquiv>
                    <TextStyle fontFamily="Times New Roman" fontSize="8.0" bold="true"/>
                </Word>
                <Word id="w_w2aab1b3b2b9b1ac39" language="English" custom="readingOrder {index:3;}">
                    <Coords points="1177,1393 1226,1393 1226,1446 1177,1446"/>
                    <TextEquiv>
                        <Unicode>il</Unicode>
                    </TextEquiv>
                    <TextStyle fontFamily="Times New Roman" fontSize="8.0" bold="true"/>
                </Word>
                <Word id="w_w2aab1b3b2b9b1ac45" language="English" custom="readingOrder {index:4;}">
                    <Coords points="1263,1393 1486,1393 1486,1448 1263,1448"/>
                    <TextEquiv>
                        <Unicode>donne</Unicode>
                    </TextEquiv>
                    <TextStyle fontFamily="Times New Roman" fontSize="8.0" bold="true"/>
                </Word>
                <Word id="w_w2aab1b3b2b9b1ac57" language="English" custom="readingOrder {index:5;}">
                    <Coords points="1519,1395 1637,1395 1637,1449 1519,1449"/>
                    <TextEquiv>
                        <Unicode>des</Unicode>
                    </TextEquiv>
                    <TextStyle fontFamily="Times New Roman" fontSize="8.0" bold="true"/>
                </Word>
                <Word id="w_w2aab1b3b2b9b1ac65" language="English" custom="readingOrder {index:6;}">
                    <Coords points="1677,1397 2108,1397 2108,1457 1677,1457"/>
                    <TextEquiv>
                        <Unicode>instructions</Unicode>
                    </TextEquiv>
                    <TextStyle fontFamily="Times New Roman" fontSize="8.0" bold="true"/>
                </Word>
                <Word id="w_w2aab1b3b2b9b1ac91" language="English" custom="readingOrder {index:7;}">
                    <Coords points="2144,1421 2316,1421 2316,1475 2144,1475"/>
                    <TextEquiv>
                        <Unicode>pour</Unicode>
                    </TextEquiv>
                    <TextStyle fontFamily="Times New Roman" fontSize="8.0" bold="true"/>
                </Word>
                <Word id="w_w2aab1b3b2b9b1ad101" language="English" custom="readingOrder {index:8;}">
                    <Coords points="2349,1412 2741,1412 2741,1477 2349,1477"/>
                    <TextEquiv>
                        <Unicode>poursuivre</Unicode>
                    </TextEquiv>
                    <TextStyle fontFamily="Times New Roman" fontSize="8.0" bold="true"/>
                </Word>
                <Word id="w_w2aab1b3b2b9b1ad123" language="English" custom="readingOrder {index:9;}">
                    <Coords points="2779,1430 2871,1430 2871,1467 2779,1467"/>
                    <TextEquiv>
                        <Unicode>un</Unicode>
                    </TextEquiv>
                    <TextStyle fontFamily="Times New Roman" fontSize="8.0" bold="true"/>
                </Word>
                <Word id="w_w2aab1b3b2b9b1ad129" language="English" custom="readingOrder {index:10;}">
                    <Coords points="2901,1418 3159,1418 3159,1471 2901,1471"/>
                    <TextEquiv>
                        <Unicode>usurier</Unicode>
                    </TextEquiv>
                    <TextStyle fontFamily="Times New Roman" fontSize="8.0" bold="true"/>
                </Word>
                <TextEquiv>
                    <Unicode>Curieuse lettre où il donne des instructions pour poursuivre un usurier</Unicode>
                </TextEquiv>
                <TextStyle fontFamily="Times New Roman" fontSize="8.0" bold="true"/>
            </TextLine>
            <TextLine id="tl_14" primaryLanguage="English" custom="readingOrder {index:1;}">
                <Coords points="419,1454 3153,1454 3153,1559 419,1559"/>
                <Baseline points="419,1506 692,1511 997,1530 1112,1514 1218,1515 1487,1516 1662,1533 1832,1521 1979,1523 2478,1543 2578,1532 2805,1534 2980,1537 3153,1553"/>
                <Word id="w_w2aab1b3b2b9b3ab1" language="English" custom="readingOrder {index:0;}">
                    <Coords points="419,1456 692,1456 692,1511 419,1511"/>
                    <TextEquiv>
                        <Unicode>nommé</Unicode>
                    </TextEquiv>
                    <TextStyle fontFamily="Times New Roman" fontSize="8.0" bold="true"/>
                </Word>
                <Word id="w_w2aab1b3b2b9b3ac13" language="English" custom="readingOrder {index:1;}">
                    <Coords points="736,1460 997,1460 997,1530 736,1530"/>
                    <TextEquiv>
                        <Unicode>Dumay</Unicode>
                    </TextEquiv>
                    <TextStyle fontFamily="Times New Roman" fontSize="8.0" bold="true"/>
                </Word>
                <Word id="w_w2aab1b3b2b9b3ac25" language="English" custom="readingOrder {index:2;}">
                    <Coords points="1027,1461 1112,1461 1112,1514 1027,1514"/>
                    <TextEquiv>
                        <Unicode>de</Unicode>
                    </TextEquiv>
                    <TextStyle fontFamily="Times New Roman" fontSize="8.0" bold="true"/>
                </Word>
                <Word id="w_w2aab1b3b2b9b3ac31" language="English" custom="readingOrder {index:3;}">
                    <Coords points="1155,1463 1218,1463 1218,1515 1155,1515"/>
                    <TextEquiv>
                        <Unicode>la</Unicode>
                    </TextEquiv>
                    <TextStyle fontFamily="Times New Roman" fontSize="8.0" bold="true"/>
                </Word>
                <Word id="w_w2aab1b3b2b9b3ac37" language="English" custom="readingOrder {index:4;}">
                    <Coords points="1250,1465 1487,1465 1487,1517 1250,1517"/>
                    <TextEquiv>
                        <Unicode>Brosse</Unicode>
                    </TextEquiv>
                    <TextStyle fontFamily="Times New Roman" fontSize="8.0" bold="true"/>
                </Word>
                <Word id="w_w2aab1b3b2b9b3ac51" language="English" custom="readingOrder {index:5;}">
                    <Coords points="1526,1467 1662,1467 1662,1533 1526,1533"/>
                    <TextEquiv>
                        <Unicode>qui,</Unicode>
                    </TextEquiv>
                    <TextStyle fontFamily="Times New Roman" fontSize="8.0" bold="true"/>
                </Word>
                <Word id="w_w2aab1b3b2b9b3ac61" language="English" custom="readingOrder {index:6;}">
                    <Coords points="1709,1483 1832,1483 1832,1537 1709,1537"/>
                    <TextEquiv>
                        <Unicode>par</Unicode>
                    </TextEquiv>
                    <TextStyle fontFamily="Times New Roman" fontSize="8.0" bold="true"/>
                </Word>
                <Word id="w_w2aab1b3b2b9b3ac69" language="English" custom="readingOrder {index:7;}">
                    <Coords points="1875,1485 1979,1485 1979,1523 1875,1523"/>
                    <TextEquiv>
                        <Unicode>ses</Unicode>
                    </TextEquiv>
                    <TextStyle fontFamily="Times New Roman" fontSize="8.0" bold="true"/>
                </Word>
                <Word id="w_w2aab1b3b2b9b3ac77" language="English" custom="readingOrder {index:8;}">
                    <Coords points="2015,1471 2478,1471 2478,1544 2015,1544"/>
                    <TextEquiv>
                        <Unicode>friponneries,</Unicode>
                    </TextEquiv>
                    <TextStyle fontFamily="Times New Roman" fontSize="8.0" bold="true"/>
                </Word>
                <Word id="w_w2aab1b3b2b9b3ad105" language="English" custom="readingOrder {index:9;}">
                    <Coords points="2539,1494 2578,1494 2578,1532 2539,1532"/>
                    <TextEquiv>
                        <Unicode>a</Unicode>
                    </TextEquiv>
                    <TextStyle fontFamily="Times New Roman" fontSize="8.0" bold="true"/>
                </Word>
                <Word id="w_w2aab1b3b2b9b3ad109" language="English" custom="readingOrder {index:10;}">
                    <Coords points="2617,1481 2805,1481 2805,1534 2617,1534"/>
                    <TextEquiv>
                        <Unicode>ruiné</Unicode>
                    </TextEquiv>
                    <TextStyle fontFamily="Times New Roman" fontSize="8.0" bold="true"/>
                </Word>
                <Word id="w_w2aab1b3b2b9b3ad121" language="English" custom="readingOrder {index:11;}">
                    <Coords points="2861,1499 2980,1499 2980,1537 2861,1537"/>
                    <TextEquiv>
                        <Unicode>son</Unicode>
                    </TextEquiv>
                    <TextStyle fontFamily="Times New Roman" fontSize="8.0" bold="true"/>
                </Word>
                <Word id="w_w2aab1b3b2b9b3ad129" language="English" custom="readingOrder {index:12;}">
                    <Coords points="3033,1486 3153,1486 3153,1553 3033,1553"/>
                    <TextEquiv>
                        <Unicode>fils,</Unicode>
                    </TextEquiv>
                    <TextStyle fontFamily="Times New Roman" fontSize="8.0" bold="true"/>
                </Word>
                <TextEquiv>
                    <Unicode>nommé Dumay de la Brosse qui, par ses friponneries, a ruiné son fils,</Unicode>
                </TextEquiv>
                <TextStyle fontFamily="Times New Roman" fontSize="8.0" bold="true"/>
            </TextLine>
            <TextLine id="tl_15" primaryLanguage="English" custom="readingOrder {index:2;}">
                <Coords points="420,1523 1233,1523 1233,1600 420,1600"/>
                <Baseline points="420,1577 645,1596 758,1582 1233,1584"/>
                <Word id="w_w2aab1b3b2b9b5ab1" language="English" custom="readingOrder {index:0;}">
                    <Coords points="420,1523 645,1523 645,1596 420,1596"/>
                    <TextEquiv>
                        <Unicode>Durey</Unicode>
                    </TextEquiv>
                    <TextStyle fontFamily="Times New Roman" fontSize="8.0" bold="true"/>
                </Word>
                <Word id="w_w2aab1b3b2b9b5ac13" language="English" custom="readingOrder {index:1;}">
                    <Coords points="673,1528 758,1528 758,1582 673,1582"/>
                    <TextEquiv>
                        <Unicode>de</Unicode>
                    </TextEquiv>
                    <TextStyle fontFamily="Times New Roman" fontSize="8.0" bold="true"/>
                </Word>
                <Word id="w_w2aab1b3b2b9b5ac19" language="English" custom="readingOrder {index:2;}">
                    <Coords points="790,1530 1233,1530 1233,1585 790,1585"/>
                    <TextEquiv>
                        <Unicode>Bourneville.</Unicode>
                    </TextEquiv>
                    <TextStyle fontFamily="Times New Roman" fontSize="8.0" bold="true"/>
                </Word>
                <TextEquiv>
                    <Unicode>Durey de Bourneville.</Unicode>
                </TextEquiv>
                <TextStyle fontFamily="Times New Roman" fontSize="8.0" bold="true"/>
            </TextLine>
            <TextEquiv>
                <Unicode>Curieuse lettre où il donne des instructions pour poursuivre un usurier
nommé Dumay de la Brosse qui, par ses friponneries, a ruiné son fils,
Durey de Bourneville.</Unicode>
            </TextEquiv>
        </TextRegion>
        <TextRegion type="paragraph" id="r_2_6" custom="readingOrder {index:6;}">
            <Coords points="139,1684 3159,1684 3159,1901 139,1901"/>
            <TextLine id="tl_16" primaryLanguage="English" custom="readingOrder {index:0;}">
                <Coords points="140,1685 3158,1685 3158,1806 140,1806"/>
                <Baseline points="141,1755 399,1757 869,1761 1336,1765 1518,1782 1640,1768 1986,1774 2322,1774 2897,1796 3158,1784"/>
                <Word id="w_w2aab1b3b2c11b1ab1" language="English" custom="readingOrder {index:0;}">
                    <Coords points="141,1685 399,1685 399,1757 141,1757"/>
                    <TextEquiv>
                        <Unicode>43505.</Unicode>
                    </TextEquiv>
                    <TextStyle fontFamily="Times New Roman" fontSize="10.5"/>
                </Word>
                <Word id="w_w2aab1b3b2c11b1ac15" language="English" custom="readingOrder {index:1;}">
                    <Coords points="457,1688 869,1688 869,1762 457,1762"/>
                    <TextEquiv>
                        <Unicode>ENNERY</Unicode>
                    </TextEquiv>
                    <TextStyle fontFamily="Times New Roman" fontSize="10.5"/>
                </Word>
                <Word id="w_w2aab1b3b2c11b1ac29" language="English" custom="readingOrder {index:2;}">
                    <Coords points="930,1691 1336,1691 1336,1785 930,1785"/>
                    <TextEquiv>
                        <Unicode>(Adolphe</Unicode>
                    </TextEquiv>
                    <TextStyle fontFamily="Times New Roman" fontSize="10.5"/>
                </Word>
                <Word id="w_w2aab1b3b2c11b1ac47" language="English" custom="readingOrder {index:3;}">
                    <Coords points="1381,1694 1518,1694 1518,1782 1381,1782"/>
                    <TextEquiv>
                        <Unicode>d’),</Unicode>
                    </TextEquiv>
                    <TextStyle fontFamily="Times New Roman" fontSize="10.5"/>
                </Word>
                <Word id="w_w2aab1b3b2c11b1ac57" language="English" custom="readingOrder {index:4;}">
                    <Coords points="1563,1699 1640,1699 1640,1768 1563,1768"/>
                    <TextEquiv>
                        <Unicode>le</Unicode>
                    </TextEquiv>
                    <TextStyle fontFamily="Times New Roman" fontSize="10.5"/>
                </Word>
                <Word id="w_w2aab1b3b2c11b1ac63" language="English" custom="readingOrder {index:5;}">
                    <Coords points="1689,1697 1986,1697 1986,1774 1689,1774"/>
                    <TextEquiv>
                        <Unicode>fécond</Unicode>
                    </TextEquiv>
                    <TextStyle fontFamily="Times New Roman" fontSize="10.5"/>
                </Word>
                <Word id="w_w2aab1b3b2c11b1ac77" language="English" custom="readingOrder {index:6;}">
                    <Coords points="2037,1710 2322,1710 2322,1775 2037,1775"/>
                    <TextEquiv>
                        <Unicode>auteur</Unicode>
                    </TextEquiv>
                    <TextStyle fontFamily="Times New Roman" fontSize="10.5"/>
                </Word>
                <Word id="w_w2aab1b3b2c11b1ac91" language="English" custom="readingOrder {index:7;}">
                    <Coords points="2367,1706 2897,1706 2897,1800 2367,1800"/>
                    <TextEquiv>
                        <Unicode>dramatique,</Unicode>
                    </TextEquiv>
                    <TextStyle fontFamily="Times New Roman" fontSize="10.5"/>
                </Word>
                <Word id="w_w2aab1b3b2c11b1ad115" language="English" custom="readingOrder {index:8;}">
                    <Coords points="2949,1720 3158,1720 3158,1784 2949,1784"/>
                    <TextEquiv>
                        <Unicode>mort</Unicode>
                    </TextEquiv>
                    <TextStyle fontFamily="Times New Roman" fontSize="10.5"/>
                </Word>
                <TextEquiv>
                    <Unicode>43505. ENNERY (Adolphe d’), le fécond auteur dramatique, mort</Unicode>
                </TextEquiv>
                <TextStyle fontFamily="Times New Roman" fontSize="10.5"/>
            </TextLine>
            <TextLine id="tl_17" primaryLanguage="English" custom="readingOrder {index:1;}">
                <Coords points="512,1782 3153,1782 3153,1900 512,1900"/>
                <Baseline points="512,1851 1036,1854 1165,1837 1289,1857 1399,1857 1537,1873 1617,1859 1741,1862 2029,1867 3025,1872 3153,1868"/>
                <Word id="w_w2aab1b3b2c11b3ab1" language="English" custom="readingOrder {index:0;}">
                    <Coords points="512,1782 1036,1782 1036,1856 512,1856"/>
                    <TextEquiv>
                        <Unicode>récemment.</Unicode>
                    </TextEquiv>
                    <TextStyle fontFamily="Times New Roman" fontSize="10.5"/>
                </Word>
                <Word id="w_w2aab1b3b2c11b3ac23" language="English" custom="readingOrder {index:1;}">
                    <Coords points="1076,1827 1165,1827 1165,1837 1076,1837"/>
                    <TextEquiv>
                        <Unicode>—</Unicode>
                    </TextEquiv>
                    <TextStyle fontFamily="Times New Roman" fontSize="10.5"/>
                </Word>
                <Word id="w_w2aab1b3b2c11b3ac27" language="English" custom="readingOrder {index:2;}">
                    <Coords points="1203,1788 1289,1788 1289,1858 1203,1858"/>
                    <TextEquiv>
                        <Unicode>L.</Unicode>
                    </TextEquiv>
                    <TextStyle fontFamily="Times New Roman" fontSize="10.5"/>
                </Word>
                <Word id="w_w2aab1b3b2c11b3ac33" language="English" custom="readingOrder {index:3;}">
                    <Coords points="1327,1810 1399,1810 1399,1859 1327,1859"/>
                    <TextEquiv>
                        <Unicode>a.</Unicode>
                    </TextEquiv>
                    <TextStyle fontFamily="Times New Roman" fontSize="10.5"/>
                </Word>
                <Word id="w_w2aab1b3b2c11b3ac39" language="English" custom="readingOrder {index:4;}">
                    <Coords points="1439,1808 1537,1808 1537,1873 1439,1873"/>
                    <TextEquiv>
                        <Unicode>s.,</Unicode>
                    </TextEquiv>
                    <TextStyle fontFamily="Times New Roman" fontSize="10.5"/>
                </Word>
                <Word id="w_w2aab1b3b2c11b3ac47" language="English" custom="readingOrder {index:5;}">
                    <Coords points="1581,1791 1617,1791 1617,1859 1581,1859"/>
                    <TextEquiv>
                        <Unicode>1</Unicode>
                    </TextEquiv>
                    <TextStyle fontFamily="Times New Roman" fontSize="10.5"/>
                </Word>
                <Word id="w_w2aab1b3b2c11b3ac51" language="English" custom="readingOrder {index:6;}">
                    <Coords points="1663,1813 1741,1813 1741,1884 1663,1884"/>
                    <TextEquiv>
                        <Unicode>p.</Unicode>
                    </TextEquiv>
                    <TextStyle fontFamily="Times New Roman" fontSize="10.5"/>
                </Word>
                <Word id="w_w2aab1b3b2c11b3ac57" language="English" custom="readingOrder {index:7;}">
                    <Coords points="1785,1794 2029,1794 2029,1867 1785,1867"/>
                    <TextEquiv>
                        <Unicode>in-16.</Unicode>
                    </TextEquiv>
                    <TextStyle fontFamily="Times New Roman" fontSize="10.5"/>
                </Word>
                <Word id="w_w2aab1b3b2c11b3ac71" language="English" custom="readingOrder {index:8;}">
                    <Coords points="2981,1804 3025,1804 3025,1872 2981,1872"/>
                    <TextEquiv>
                        <Unicode>3</Unicode>
                    </TextEquiv>
                    <TextStyle fontFamily="Times New Roman" fontSize="10.5"/>
                </Word>
                <Word id="w_w2aab1b3b2c11b3ac75" language="English" custom="readingOrder {index:9;}">
                    <Coords points="3121,1832 3153,1832 3153,1868 3121,1868"/>
                    <TextEquiv>
                        <Unicode>»</Unicode>
                    </TextEquiv>
                    <TextStyle fontFamily="Times New Roman" fontSize="10.5"/>
                </Word>
                <TextEquiv>
                    <Unicode>récemment. — L. a. s., 1 p. in-16. 3 »</Unicode>
                </TextEquiv>
                <TextStyle fontFamily="Times New Roman" fontSize="10.5"/>
            </TextLine>
            <TextEquiv>
                <Unicode>43505. ENNERY (Adolphe d’), le fécond auteur dramatique, mort
récemment. — L. a. s., 1 p. in-16. 3 »</Unicode>
            </TextEquiv>
        </TextRegion>
        <TextRegion type="paragraph" id="r_2_7" custom="readingOrder {index:7;}">
            <Coords points="133,1960 3158,1960 3158,2169 133,2169"/>
            <TextLine id="tl_18" primaryLanguage="English" custom="readingOrder {index:0;}">
                <Coords points="134,1961 3157,1961 3157,2072 134,2072"/>
                <Baseline points="134,2030 392,2032 779,2037 1399,2057 1791,2045 2331,2063 2681,2048 2793,2050 2947,2050 3157,2055"/>
                <Word id="w_w2aab1b3b2c13b1ab1" language="English" custom="readingOrder {index:0;}">
                    <Coords points="134,1961 392,1961 392,2034 134,2034"/>
                    <TextEquiv>
                        <Unicode>43506.</Unicode>
                    </TextEquiv>
                    <TextStyle fontFamily="Times New Roman" fontSize="10.5"/>
                </Word>
                <Word id="w_w2aab1b3b2c13b1ac15" language="English" custom="readingOrder {index:1;}">
                    <Coords points="448,1965 779,1965 779,2037 448,2037"/>
                    <TextEquiv>
                        <Unicode>FABRE</Unicode>
                    </TextEquiv>
                    <TextStyle fontFamily="Times New Roman" fontSize="10.5"/>
                </Word>
                <Word id="w_w2aab1b3b2c13b1ac27" language="English" custom="readingOrder {index:2;}">
                    <Coords points="840,1966 1399,1966 1399,2059 840,2059"/>
                    <TextEquiv>
                        <Unicode>(Ferdinand),</Unicode>
                    </TextEquiv>
                    <TextStyle fontFamily="Times New Roman" fontSize="10.5"/>
                </Word>
                <Word id="w_w2aab1b3b2c13b1ac53" language="English" custom="readingOrder {index:3;}">
                    <Coords points="1467,1970 1791,1970 1791,2045 1467,2045"/>
                    <TextEquiv>
                        <Unicode>célèbre</Unicode>
                    </TextEquiv>
                    <TextStyle fontFamily="Times New Roman" fontSize="10.5"/>
                </Word>
                <Word id="w_w2aab1b3b2c13b1ac69" language="English" custom="readingOrder {index:4;}">
                    <Coords points="1847,1980 2331,1980 2331,2063 1847,2063"/>
                    <TextEquiv>
                        <Unicode>romancier,</Unicode>
                    </TextEquiv>
                    <TextStyle fontFamily="Times New Roman" fontSize="10.5"/>
                </Word>
                <Word id="w_w2aab1b3b2c13b1ac91" language="English" custom="readingOrder {index:5;}">
                    <Coords points="2397,1986 2681,1986 2681,2050 2397,2050"/>
                    <TextEquiv>
                        <Unicode>auteur</Unicode>
                    </TextEquiv>
                    <TextStyle fontFamily="Times New Roman" fontSize="10.5"/>
                </Word>
                <Word id="w_w2aab1b3b2c13b1ad105" language="English" custom="readingOrder {index:6;}">
                    <Coords points="2741,1980 2839,1980 2839,2051 2741,2051"/>
                    <TextEquiv>
                        <Unicode>de</Unicode>
                    </TextEquiv>
                    <TextStyle fontFamily="Times New Roman" fontSize="10.5"/>
                </Word>
                <Word id="w_w2aab1b3b2c13b1b1b1" language="English" custom="readingOrder {index:7;}">
                    <Coords points="2899,1982 2947,1982 2947,2050 2899,2050"/>
                    <TextEquiv>
                        <Unicode>Y</Unicode>
                    </TextEquiv>
                    <TextStyle fontFamily="Times New Roman" fontSize="10.5" italic="true"/>
                </Word>
                <Word id="w_w2aab1b3b2c13b1b1b5" language="English" custom="readingOrder {index:8;}">
                    <Coords points="2951,1982 3157,1982 3157,2055 2951,2055"/>
                    <TextEquiv>
                        <Unicode>Abbé</Unicode>
                    </TextEquiv>
                    <TextStyle fontFamily="Times New Roman" fontSize="10.5" italic="true"/>
                </Word>
                <TextEquiv>
                    <Unicode>43506. FABRE (Ferdinand), célèbre romancier, auteur de l'Abbé</Unicode>
                </TextEquiv>
            </TextLine>
            <TextLine id="tl_19" primaryLanguage="English" custom="readingOrder {index:1;}">
                <Coords points="514,2057 3147,2057 3147,2168 514,2168"/>
                <Baseline points="514,2128 580,2128 1014,2112 1141,2131 1247,2132 1353,2134 1411,2150 1707,2151 1781,2137 2239,2140 2481,2155 2553,2140 2657,2139 2883,2142 3023,2143 3147,2141"/>
                <Word id="w_w2aab1b3b2c13b3ab1" language="English" custom="readingOrder {index:0;}">
                    <Coords points="514,2057 880,2057 880,2151 514,2151"/>
                    <TextEquiv>
                        <Unicode>Tigrane.</Unicode>
                    </TextEquiv>
                    <TextStyle fontFamily="Times New Roman" fontSize="10.5" italic="true"/>
                </Word>
                <Word id="w_w2aab1b3b2c13b3b1b3" language="English" custom="readingOrder {index:1;}">
                    <Coords points="924,2103 1014,2103 1014,2112 924,2112"/>
                    <TextEquiv>
                        <Unicode>—</Unicode>
                    </TextEquiv>
                    <TextStyle fontFamily="Times New Roman" fontSize="10.5"/>
                </Word>
                <Word id="w_w2aab1b3b2c13b3b1b7" language="English" custom="readingOrder {index:2;}">
                    <Coords points="1054,2063 1141,2063 1141,2133 1054,2133"/>
                    <TextEquiv>
                        <Unicode>L.</Unicode>
                    </TextEquiv>
                    <TextStyle fontFamily="Times New Roman" fontSize="10.5"/>
                </Word>
                <Word id="w_w2aab1b3b2c13b3b1c13" language="English" custom="readingOrder {index:3;}">
                    <Coords points="1177,2086 1247,2086 1247,2133 1177,2133"/>
                    <TextEquiv>
                        <Unicode>a.</Unicode>
                    </TextEquiv>
                    <TextStyle fontFamily="Times New Roman" fontSize="10.5"/>
                </Word>
                <Word id="w_w2aab1b3b2c13b3b1c19" language="English" custom="readingOrder {index:4;}">
                    <Coords points="1289,2085 1353,2085 1353,2134 1289,2134"/>
                    <TextEquiv>
                        <Unicode>s.</Unicode>
                    </TextEquiv>
                    <TextStyle fontFamily="Times New Roman" fontSize="10.5"/>
                </Word>
                <Word id="w_w2aab1b3b2c13b3b1c25" language="English" custom="readingOrder {index:5;}">
                    <Coords points="1393,2088 1411,2088 1411,2150 1393,2150"/>
                    <TextEquiv>
                        <Unicode>;</Unicode>
                    </TextEquiv>
                    <TextStyle fontFamily="Times New Roman" fontSize="10.5"/>
                </Word>
                <Word id="w_w2aab1b3b2c13b3b1c29" language="English" custom="readingOrder {index:6;}">
                    <Coords points="1449,2066 1707,2066 1707,2151 1449,2151"/>
                    <TextEquiv>
                        <Unicode>Paris,</Unicode>
                    </TextEquiv>
                    <TextStyle fontFamily="Times New Roman" fontSize="10.5"/>
                </Word>
                <Word id="w_w2aab1b3b2c13b3b1c43" language="English" custom="readingOrder {index:7;}">
                    <Coords points="1737,2070 1781,2070 1781,2137 1737,2137"/>
                    <TextEquiv>
                        <Unicode>8</Unicode>
                    </TextEquiv>
                    <TextStyle fontFamily="Times New Roman" fontSize="10.5"/>
                </Word>
                <Word id="w_w2aab1b3b2c13b3b1c47" language="English" custom="readingOrder {index:8;}">
                    <Coords points="1809,2067 2239,2067 2239,2140 1809,2140"/>
                    <TextEquiv>
                        <Unicode>décembre</Unicode>
                    </TextEquiv>
                    <TextStyle fontFamily="Times New Roman" fontSize="10.5"/>
                </Word>
                <Word id="w_w2aab1b3b2c13b3b1c65" language="English" custom="readingOrder {index:9;}">
                    <Coords points="2279,2072 2481,2072 2481,2155 2279,2155"/>
                    <TextEquiv>
                        <Unicode>1886,</Unicode>
                    </TextEquiv>
                    <TextStyle fontFamily="Times New Roman" fontSize="10.5"/>
                </Word>
                <Word id="w_w2aab1b3b2c13b3b1c77" language="English" custom="readingOrder {index:10;}">
                    <Coords points="2511,2073 2553,2073 2553,2140 2511,2140"/>
                    <TextEquiv>
                        <Unicode>2</Unicode>
                    </TextEquiv>
                    <TextStyle fontFamily="Times New Roman" fontSize="10.5"/>
                </Word>
                <Word id="w_w2aab1b3b2c13b3b1c81" language="English" custom="readingOrder {index:11;}">
                    <Coords points="2579,2092 2657,2092 2657,2162 2579,2162"/>
                    <TextEquiv>
                        <Unicode>p.</Unicode>
                    </TextEquiv>
                    <TextStyle fontFamily="Times New Roman" fontSize="10.5"/>
                </Word>
                <Word id="w_w2aab1b3b2c13b3b1c87" language="English" custom="readingOrder {index:12;}">
                    <Coords points="2689,2071 2883,2071 2883,2144 2689,2144"/>
                    <TextEquiv>
                        <Unicode>in-8.</Unicode>
                    </TextEquiv>
                    <TextStyle fontFamily="Times New Roman" fontSize="10.5"/>
                </Word>
                <Word id="w_w2aab1b3b2c13b3b1c99" language="English" custom="readingOrder {index:13;}">
                    <Coords points="2979,2077 3023,2077 3023,2143 2979,2143"/>
                    <TextEquiv>
                        <Unicode>5</Unicode>
                    </TextEquiv>
                    <TextStyle fontFamily="Times New Roman" fontSize="10.5"/>
                </Word>
                <Word id="w_w2aab1b3b2c13b3b1d103" language="English" custom="readingOrder {index:14;}">
                    <Coords points="3117,2102 3147,2102 3147,2141 3117,2141"/>
                    <TextEquiv>
                        <Unicode>»</Unicode>
                    </TextEquiv>
                    <TextStyle fontFamily="Times New Roman" fontSize="10.5"/>
                </Word>
                <TextEquiv>
                    <Unicode>Tigrane. — L. a. s. ; Paris, 8 décembre 1886, 2 p. in-8. 5 »</Unicode>
                </TextEquiv>
            </TextLine>
            <TextEquiv>
                <Unicode>43506. FABRE (Ferdinand), célèbre romancier, auteur de l'Abbé
Tigrane. — L. a. s. ; Paris, 8 décembre 1886, 2 p. in-8. 5 »</Unicode>
            </TextEquiv>
        </TextRegion>
        <TextRegion type="paragraph" id="r_2_8" custom="readingOrder {index:8;}">
            <Coords points="410,2227 3152,2227 3152,2514 410,2514"/>
            <TextLine id="tl_20" primaryLanguage="English" custom="readingOrder {index:0;}">
                <Coords points="482,2228 3151,2228 3151,2326 482,2326"/>
                <Baseline points="483,2283 536,2283 866,2285 969,2286 1291,2288 1495,2289 1788,2290 1862,2290 2062,2292 2226,2292 2734,2294 2930,2295 3048,2295 3151,2297"/>
                <Word id="w_w2aab1b3b2c15b1ab1" language="English" custom="readingOrder {index:0;}">
                    <Coords points="483,2230 536,2230 536,2283 483,2283"/>
                    <TextEquiv>
                        <Unicode>Il</Unicode>
                    </TextEquiv>
                    <TextStyle fontFamily="Times New Roman" fontSize="8.0" bold="true"/>
                </Word>
                <Word id="w_w2aab1b3b2c15b1ab7" language="English" custom="readingOrder {index:1;}">
                    <Coords points="568,2232 866,2232 866,2300 568,2300"/>
                    <TextEquiv>
                        <Unicode>exprime</Unicode>
                    </TextEquiv>
                    <TextStyle fontFamily="Times New Roman" fontSize="8.0" bold="true"/>
                </Word>
                <Word id="w_w2aab1b3b2c15b1ac23" language="English" custom="readingOrder {index:2;}">
                    <Coords points="902,2234 969,2234 969,2286 902,2286"/>
                    <TextEquiv>
                        <Unicode>la</Unicode>
                    </TextEquiv>
                    <TextStyle fontFamily="Times New Roman" fontSize="8.0" bold="true"/>
                </Word>
                <Word id="w_w2aab1b3b2c15b1ac29" language="English" custom="readingOrder {index:3;}">
                    <Coords points="1004,2232 1291,2232 1291,2288 1004,2288"/>
                    <TextEquiv>
                        <Unicode>douleur</Unicode>
                    </TextEquiv>
                    <TextStyle fontFamily="Times New Roman" fontSize="8.0" bold="true"/>
                </Word>
                <Word id="w_w2aab1b3b2c15b1ac45" language="English" custom="readingOrder {index:4;}">
                    <Coords points="1333,2237 1495,2237 1495,2317 1333,2317"/>
                    <TextEquiv>
                        <Unicode>qu’il</Unicode>
                    </TextEquiv>
                    <TextStyle fontFamily="Times New Roman" fontSize="8.0" bold="true"/>
                </Word>
                <Word id="w_w2aab1b3b2c15b1ac57" language="English" custom="readingOrder {index:5;}">
                    <Coords points="1531,2242 1788,2242 1788,2290 1531,2290"/>
                    <TextEquiv>
                        <Unicode>ressent</Unicode>
                    </TextEquiv>
                    <TextStyle fontFamily="Times New Roman" fontSize="8.0" bold="true"/>
                </Word>
                <Word id="w_w2aab1b3b2c15b1ac73" language="English" custom="readingOrder {index:6;}">
                    <Coords points="1823,2237 1862,2237 1862,2290 1823,2290"/>
                    <TextEquiv>
                        <Unicode>à</Unicode>
                    </TextEquiv>
                    <TextStyle fontFamily="Times New Roman" fontSize="8.0" bold="true"/>
                </Word>
                <Word id="w_w2aab1b3b2c15b1ac77" language="English" custom="readingOrder {index:7;}">
                    <Coords points="1898,2237 2062,2237 2062,2293 1898,2293"/>
                    <TextEquiv>
                        <Unicode>faire</Unicode>
                    </TextEquiv>
                    <TextStyle fontFamily="Times New Roman" fontSize="8.0" bold="true"/>
                </Word>
                <Word id="w_w2aab1b3b2c15b1ac89" language="English" custom="readingOrder {index:8;}">
                    <Coords points="2109,2240 2226,2240 2226,2292 2109,2292"/>
                    <TextEquiv>
                        <Unicode>des</Unicode>
                    </TextEquiv>
                    <TextStyle fontFamily="Times New Roman" fontSize="8.0" bold="true"/>
                </Word>
                <Word id="w_w2aab1b3b2c15b1ac97" language="English" custom="readingOrder {index:9;}">
                    <Coords points="2272,2242 2734,2242 2734,2310 2272,2310"/>
                    <TextEquiv>
                        <Unicode>suppressions</Unicode>
                    </TextEquiv>
                    <TextStyle fontFamily="Times New Roman" fontSize="8.0" bold="true"/>
                </Word>
                <Word id="w_w2aab1b3b2c15b1ad123" language="English" custom="readingOrder {index:10;}">
                    <Coords points="2769,2241 2930,2241 2930,2295 2769,2295"/>
                    <TextEquiv>
                        <Unicode>dans</Unicode>
                    </TextEquiv>
                    <TextStyle fontFamily="Times New Roman" fontSize="8.0" bold="true"/>
                </Word>
                <Word id="w_w2aab1b3b2c15b1ad133" language="English" custom="readingOrder {index:11;}">
                    <Coords points="2957,2259 3048,2259 3048,2295 2957,2295"/>
                    <TextEquiv>
                        <Unicode>un</Unicode>
                    </TextEquiv>
                    <TextStyle fontFamily="Times New Roman" fontSize="8.0" bold="true"/>
                </Word>
                <Word id="w_w2aab1b3b2c15b1ad139" language="English" custom="readingOrder {index:12;}">
                    <Coords points="3071,2243 3151,2243 3151,2297 3071,2297"/>
                    <TextEquiv>
                        <Unicode>de</Unicode>
                    </TextEquiv>
                    <TextStyle fontFamily="Times New Roman" fontSize="8.0" bold="true"/>
                </Word>
                <TextEquiv>
                    <Unicode>Il exprime la douleur qu’il ressent à faire des suppressions dans un de</Unicode>
                </TextEquiv>
                <TextStyle fontFamily="Times New Roman" fontSize="8.0" bold="true"/>
            </TextLine>
            <TextLine id="tl_21" primaryLanguage="English" custom="readingOrder {index:1;}">
                <Coords points="416,2298 3151,2298 3151,2385 416,2385"/>
                <Baseline points="416,2351 522,2352 901,2354 972,2354 1110,2355 1379,2367 1487,2358 1680,2359 1829,2360 1900,2360 2025,2360 2355,2361 2467,2360 2664,2362 3031,2377 3151,2365"/>
                <Word id="w_w2aab1b3b2c15b3ab1" language="English" custom="readingOrder {index:0;}">
                    <Coords points="416,2314 522,2314 522,2352 416,2352"/>
                    <TextEquiv>
                        <Unicode>ses</Unicode>
                    </TextEquiv>
                    <TextStyle fontFamily="Times New Roman" fontSize="8.0" bold="true"/>
                </Word>
                <Word id="w_w2aab1b3b2c15b3ab9" language="English" custom="readingOrder {index:1;}">
                    <Coords points="556,2314 901,2314 901,2369 556,2369"/>
                    <TextEquiv>
                        <Unicode>ouvrages.</Unicode>
                    </TextEquiv>
                    <TextStyle fontFamily="Times New Roman" fontSize="8.0" bold="true"/>
                </Word>
                <Word id="w_w2aab1b3b2c15b3ac29" language="English" custom="readingOrder {index:2;}">
                    <Coords points="944,2320 972,2320 972,2354 944,2354"/>
                    <TextEquiv>
                        <Unicode>«</Unicode>
                    </TextEquiv>
                    <TextStyle fontFamily="Times New Roman" fontSize="8.0" bold="true"/>
                </Word>
                <Word id="w_w2aab1b3b2c15b3ac33" language="English" custom="readingOrder {index:3;}">
                    <Coords points="1009,2303 1110,2303 1110,2355 1009,2355"/>
                    <TextEquiv>
                        <Unicode>En</Unicode>
                    </TextEquiv>
                    <TextStyle fontFamily="Times New Roman" fontSize="8.0" bold="true"/>
                </Word>
                <Word id="w_w2aab1b3b2c15b3ac39" language="English" custom="readingOrder {index:4;}">
                    <Coords points="1150,2301 1379,2301 1379,2367 1150,2367"/>
                    <TextEquiv>
                        <Unicode>vérité,</Unicode>
                    </TextEquiv>
                    <TextStyle fontFamily="Times New Roman" fontSize="8.0" bold="true"/>
                </Word>
                <Word id="w_w2aab1b3b2c15b3ac55" language="English" custom="readingOrder {index:5;}">
                    <Coords points="1415,2322 1487,2322 1487,2358 1415,2358"/>
                    <TextEquiv>
                        <Unicode>ce</Unicode>
                    </TextEquiv>
                    <TextStyle fontFamily="Times New Roman" fontSize="8.0" bold="true"/>
                </Word>
                <Word id="w_w2aab1b3b2c15b3ac61" language="English" custom="readingOrder {index:6;}">
                    <Coords points="1513,2308 1680,2308 1680,2360 1513,2360"/>
                    <TextEquiv>
                        <Unicode>n’est</Unicode>
                    </TextEquiv>
                    <TextStyle fontFamily="Times New Roman" fontSize="8.0" bold="true"/>
                </Word>
                <Word id="w_w2aab1b3b2c15b3ac73" language="English" custom="readingOrder {index:7;}">
                    <Coords points="1709,2323 1829,2323 1829,2377 1709,2377"/>
                    <TextEquiv>
                        <Unicode>pas</Unicode>
                    </TextEquiv>
                    <TextStyle fontFamily="Times New Roman" fontSize="8.0" bold="true"/>
                </Word>
                <Word id="w_w2aab1b3b2c15b3ac81" language="English" custom="readingOrder {index:8;}">
                    <Coords points="1861,2306 1900,2306 1900,2360 1861,2360"/>
                    <TextEquiv>
                        <Unicode>à</Unicode>
                    </TextEquiv>
                    <TextStyle fontFamily="Times New Roman" fontSize="8.0" bold="true"/>
                </Word>
                <Word id="w_w2aab1b3b2c15b3ac85" language="English" custom="readingOrder {index:9;}">
                    <Coords points="1932,2324 2025,2324 2025,2360 1932,2360"/>
                    <TextEquiv>
                        <Unicode>un</Unicode>
                    </TextEquiv>
                    <TextStyle fontFamily="Times New Roman" fontSize="8.0" bold="true"/>
                </Word>
                <Word id="w_w2aab1b3b2c15b3ac91" language="English" custom="readingOrder {index:10;}">
                    <Coords points="2063,2307 2355,2307 2355,2362 2063,2362"/>
                    <TextEquiv>
                        <Unicode>écrivain</Unicode>
                    </TextEquiv>
                    <TextStyle fontFamily="Times New Roman" fontSize="8.0" bold="true"/>
                </Word>
                <Word id="w_w2aab1b3b2c15b3ad109" language="English" custom="readingOrder {index:11;}">
                    <Coords points="2387,2324 2467,2324 2467,2360 2387,2360"/>
                    <TextEquiv>
                        <Unicode>ae</Unicode>
                    </TextEquiv>
                    <TextStyle fontFamily="Times New Roman" fontSize="8.0" bold="true"/>
                </Word>
                <Word id="w_w2aab1b3b2c15b3ad115" language="English" custom="readingOrder {index:12;}">
                    <Coords points="2506,2324 2664,2324 2664,2362 2506,2362"/>
                    <TextEquiv>
                        <Unicode>mon</Unicode>
                    </TextEquiv>
                    <TextStyle fontFamily="Times New Roman" fontSize="8.0" bold="true"/>
                </Word>
                <Word id="w_w2aab1b3b2c15b3ad123" language="English" custom="readingOrder {index:13;}">
                    <Coords points="2698,2310 3031,2310 3031,2377 2698,2377"/>
                    <TextEquiv>
                        <Unicode>caractère,</Unicode>
                    </TextEquiv>
                    <TextStyle fontFamily="Times New Roman" fontSize="8.0" bold="true"/>
                </Word>
                <Word id="w_w2aab1b3b2c15b3ad145" language="English" custom="readingOrder {index:14;}">
                    <Coords points="3071,2312 3151,2312 3151,2365 3071,2365"/>
                    <TextEquiv>
                        <Unicode>de</Unicode>
                    </TextEquiv>
                    <TextStyle fontFamily="Times New Roman" fontSize="8.0" bold="true"/>
                </Word>
                <TextEquiv>
                    <Unicode>ses ouvrages. «En vérité, ce n’est pas à un écrivain ae mon caractère, de</Unicode>
                </TextEquiv>
                <TextStyle fontFamily="Times New Roman" fontSize="8.0" bold="true"/>
            </TextLine>
            <TextLine id="tl_22" primaryLanguage="English" custom="readingOrder {index:2;}">
                <Coords points="411,2366 3150,2366 3150,2451 411,2451"/>
                <Baseline points="411,2421 524,2423 946,2424 1204,2425 1300,2427 1513,2428 1868,2428 1907,2429 2026,2430 2218,2429 2462,2446 2625,2431 2986,2431 3150,2432"/>
                <Word id="w_w2aab1b3b2c15b5ab1" language="English" custom="readingOrder {index:0;}">
                    <Coords points="411,2383 524,2383 524,2423 411,2423"/>
                    <TextEquiv>
                        <Unicode>ma</Unicode>
                    </TextEquiv>
                    <TextStyle fontFamily="Times New Roman" fontSize="8.0" bold="true"/>
                </Word>
                <Word id="w_w2aab1b3b2c15b5ab7" language="English" custom="readingOrder {index:1;}">
                    <Coords points="555,2372 946,2372 946,2424 555,2424"/>
                    <TextEquiv>
                        <Unicode>conscience</Unicode>
                    </TextEquiv>
                    <TextStyle fontFamily="Times New Roman" fontSize="8.0" bold="true"/>
                </Word>
                <Word id="w_w2aab1b3b2c15b5ac29" language="English" custom="readingOrder {index:2;}">
                    <Coords points="965,2372 1204,2372 1204,2440 965,2440"/>
                    <TextEquiv>
                        <Unicode>j’aurai</Unicode>
                    </TextEquiv>
                    <TextStyle fontFamily="Times New Roman" fontSize="8.0" bold="true"/>
                </Word>
                <Word id="w_w2aab1b3b2c15b5ac45" language="English" custom="readingOrder {index:3;}">
                    <Coords points="1234,2374 1300,2374 1300,2427 1234,2427"/>
                    <TextEquiv>
                        <Unicode>la</Unicode>
                    </TextEquiv>
                    <TextStyle fontFamily="Times New Roman" fontSize="8.0" bold="true"/>
                </Word>
                <Word id="w_w2aab1b3b2c15b5ac51" language="English" custom="readingOrder {index:4;}">
                    <Coords points="1330,2374 1513,2374 1513,2428 1330,2428"/>
                    <TextEquiv>
                        <Unicode>fierté</Unicode>
                    </TextEquiv>
                    <TextStyle fontFamily="Times New Roman" fontSize="8.0" bold="true"/>
                </Word>
                <Word id="w_w2aab1b3b2c15b5ac65" language="English" custom="readingOrder {index:5;}">
                    <Coords points="1546,2375 1868,2375 1868,2444 1546,2444"/>
                    <TextEquiv>
                        <Unicode>d’ajouter</Unicode>
                    </TextEquiv>
                    <TextStyle fontFamily="Times New Roman" fontSize="8.0" bold="true"/>
                </Word>
                <Word id="w_w2aab1b3b2c15b5ac85" language="English" custom="readingOrder {index:6;}">
                    <Coords points="1896,2395 1907,2395 1907,2429 1896,2429"/>
                    <TextEquiv>
                        <Unicode>:</Unicode>
                    </TextEquiv>
                    <TextStyle fontFamily="Times New Roman" fontSize="8.0" bold="true"/>
                </Word>
                <Word id="w_w2aab1b3b2c15b5ac89" language="English" custom="readingOrder {index:7;}">
                    <Coords points="1944,2375 2026,2375 2026,2430 1944,2430"/>
                    <TextEquiv>
                        <Unicode>de</Unicode>
                    </TextEquiv>
                    <TextStyle fontFamily="Times New Roman" fontSize="8.0" bold="true"/>
                </Word>
                <Word id="w_w2aab1b3b2c15b5ac95" language="English" custom="readingOrder {index:8;}">
                    <Coords points="2058,2393 2218,2393 2218,2430 2058,2430"/>
                    <TextEquiv>
                        <Unicode>mon</Unicode>
                    </TextEquiv>
                    <TextStyle fontFamily="Times New Roman" fontSize="8.0" bold="true"/>
                </Word>
                <Word id="w_w2aab1b3b2c15b5ad103" language="English" custom="readingOrder {index:9;}">
                    <Coords points="2242,2379 2462,2379 2462,2446 2242,2446"/>
                    <TextEquiv>
                        <Unicode>talent,</Unicode>
                    </TextEquiv>
                    <TextStyle fontFamily="Times New Roman" fontSize="8.0" bold="true"/>
                </Word>
                <Word id="w_w2aab1b3b2c15b5ad119" language="English" custom="readingOrder {index:10;}">
                    <Coords points="2499,2394 2625,2394 2625,2445 2499,2445"/>
                    <TextEquiv>
                        <Unicode>que</Unicode>
                    </TextEquiv>
                    <TextStyle fontFamily="Times New Roman" fontSize="8.0" bold="true"/>
                </Word>
                <Word id="w_w2aab1b3b2c15b5ad127" language="English" custom="readingOrder {index:11;}">
                    <Coords points="2652,2376 2986,2376 2986,2432 2652,2432"/>
                    <TextEquiv>
                        <Unicode>devraient</Unicode>
                    </TextEquiv>
                    <TextStyle fontFamily="Times New Roman" fontSize="8.0" bold="true"/>
                </Word>
                <Word id="w_w2aab1b3b2c15b5ad147" language="English" custom="readingOrder {index:12;}">
                    <Coords points="3022,2377 3150,2377 3150,2432 3022,2432"/>
                    <TextEquiv>
                        <Unicode>être</Unicode>
                    </TextEquiv>
                    <TextStyle fontFamily="Times New Roman" fontSize="8.0" bold="true"/>
                </Word>
                <TextEquiv>
                    <Unicode>ma conscience j’aurai la fierté d’ajouter: de mon talent, que devraient être</Unicode>
                </TextEquiv>
                <TextStyle fontFamily="Times New Roman" fontSize="8.0" bold="true"/>
            </TextLine>
            <TextLine id="tl_23" primaryLanguage="English" custom="readingOrder {index:3;}">
                <Coords points="416,2434 1660,2434 1660,2513 416,2513"/>
                <Baseline points="416,2490 721,2493 832,2493 919,2493 1307,2496 1590,2497 1660,2496"/>
                <Word id="w_w2aab1b3b2c15b7ab1" language="English" custom="readingOrder {index:0;}">
                    <Coords points="416,2435 721,2435 721,2493 416,2493"/>
                    <TextEquiv>
                        <Unicode>réservés</Unicode>
                    </TextEquiv>
                    <TextStyle fontFamily="Times New Roman" fontSize="8.0" bold="true"/>
                </Word>
                <Word id="w_w2aab1b3b2c15b7ac19" language="English" custom="readingOrder {index:1;}">
                    <Coords points="748,2440 832,2440 832,2493 748,2493"/>
                    <TextEquiv>
                        <Unicode>de</Unicode>
                    </TextEquiv>
                    <TextStyle fontFamily="Times New Roman" fontSize="8.0" bold="true"/>
                </Word>
                <Word id="w_w2aab1b3b2c15b7ac25" language="English" custom="readingOrder {index:2;}">
                    <Coords points="861,2440 919,2440 919,2493 861,2493"/>
                    <TextEquiv>
                        <Unicode>si</Unicode>
                    </TextEquiv>
                    <TextStyle fontFamily="Times New Roman" fontSize="8.0" bold="true"/>
                </Word>
                <Word id="w_w2aab1b3b2c15b7ac31" language="English" custom="readingOrder {index:3;}">
                    <Coords points="950,2442 1307,2442 1307,2511 950,2511"/>
                    <TextEquiv>
                        <Unicode>poignants</Unicode>
                    </TextEquiv>
                    <TextStyle fontFamily="Times New Roman" fontSize="8.0" bold="true"/>
                </Word>
                <Word id="w_w2aab1b3b2c15b7ac51" language="English" custom="readingOrder {index:4;}">
                    <Coords points="1327,2445 1590,2445 1590,2497 1327,2497"/>
                    <TextEquiv>
                        <Unicode>ennuis.</Unicode>
                    </TextEquiv>
                    <TextStyle fontFamily="Times New Roman" fontSize="8.0" bold="true"/>
                </Word>
                <Word id="w_w2aab1b3b2c15b7ac67" language="English" custom="readingOrder {index:5;}">
                    <Coords points="1633,2461 1660,2461 1660,2496 1633,2496"/>
                    <TextEquiv>
                        <Unicode>»</Unicode>
                    </TextEquiv>
                    <TextStyle fontFamily="Times New Roman" fontSize="8.0" bold="true"/>
                </Word>
                <TextEquiv>
                    <Unicode>réservés de si poignants ennuis.»</Unicode>
                </TextEquiv>
                <TextStyle fontFamily="Times New Roman" fontSize="8.0" bold="true"/>
            </TextLine>
            <TextEquiv>
                <Unicode>Il exprime la douleur qu’il ressent à faire des suppressions dans un de
ses ouvrages. «En vérité, ce n’est pas à un écrivain ae mon caractère, de
ma conscience j’aurai la fierté d’ajouter: de mon talent, que devraient être
réservés de si poignants ennuis.»</Unicode>
            </TextEquiv>
        </TextRegion>
        <TextRegion type="paragraph" id="r_3_1" custom="readingOrder {index:9;}">
            <Coords points="125,2598 3153,2598 3153,2801 125,2801"/>
            <TextLine id="tl_24" primaryLanguage="English" custom="readingOrder {index:0;}">
                <Coords points="126,2599 3152,2599 3152,2698 126,2698"/>
                <Baseline points="126,2674 384,2674 839,2675 1350,2648 1714,2677 2046,2678 2204,2677 3025,2676 3151,2659"/>
                <Word id="w_w2aab1b5b2b1b1ab1" language="English" custom="readingOrder {index:0;}">
                    <Coords points="126,2600 384,2600 384,2674 126,2674"/>
                    <TextEquiv>
                        <Unicode>43507.</Unicode>
                    </TextEquiv>
                    <TextStyle fontFamily="Times New Roman" fontSize="10.5"/>
                </Word>
                <Word id="w_w2aab1b5b2b1b1ac15" language="English" custom="readingOrder {index:1;}">
                    <Coords points="440,2600 839,2600 839,2675 440,2675"/>
                    <TextEquiv>
                        <Unicode>FEBVRE</Unicode>
                    </TextEquiv>
                    <TextStyle fontFamily="Times New Roman" fontSize="10.5"/>
                </Word>
                <Word id="w_w2aab1b5b2b1b1ac29" language="English" custom="readingOrder {index:2;}">
                    <Coords points="874,2603 1350,2603 1350,2696 874,2696"/>
                    <TextEquiv>
                        <Unicode>(Frédéric),-</Unicode>
                    </TextEquiv>
                    <TextStyle fontFamily="Times New Roman" fontSize="10.5"/>
                </Word>
                <Word id="w_w2aab1b5b2b1b1ac55" language="English" custom="readingOrder {index:3;}">
                    <Coords points="1391,2606 1714,2606 1714,2678 1391,2678"/>
                    <TextEquiv>
                        <Unicode>célèbre</Unicode>
                    </TextEquiv>
                    <TextStyle fontFamily="Times New Roman" fontSize="10.5"/>
                </Word>
                <Word id="w_w2aab1b5b2b1b1ac71" language="English" custom="readingOrder {index:4;}">
                    <Coords points="1765,2612 2046,2612 2046,2679 1765,2679"/>
                    <TextEquiv>
                        <Unicode>acteur</Unicode>
                    </TextEquiv>
                    <TextStyle fontFamily="Times New Roman" fontSize="10.5"/>
                </Word>
                <Word id="w_w2aab1b5b2b1b1ac85" language="English" custom="readingOrder {index:5;}">
                    <Coords points="2093,2608 2204,2608 2204,2677 2093,2677"/>
                    <TextEquiv>
                        <Unicode>du</Unicode>
                    </TextEquiv>
                    <TextStyle fontFamily="Times New Roman" fontSize="10.5"/>
                </Word>
                <Word id="w_w2aab1b5b2b1b1ac91" language="English" custom="readingOrder {index:6;}">
                    <Coords points="2249,2605 3025,2605 3025,2697 2249,2697"/>
                    <TextEquiv>
                        <Unicode>Théâtre-Français.</Unicode>
                    </TextEquiv>
                    <TextStyle fontFamily="Times New Roman" fontSize="10.5"/>
                </Word>
                <Word id="w_w2aab1b5b2b1b1ad127" language="English" custom="readingOrder {index:7;}">
                    <Coords points="3069,2648 3151,2648 3151,2659 3069,2659"/>
                    <TextEquiv>
                        <Unicode>—</Unicode>
                    </TextEquiv>
                    <TextStyle fontFamily="Times New Roman" fontSize="10.5"/>
                </Word>
                <TextEquiv>
                    <Unicode>43507. FEBVRE (Frédéric), célèbre acteur du Théâtre-Français. —</Unicode>
                </TextEquiv>
                <TextStyle fontFamily="Times New Roman" fontSize="10.5"/>
            </TextLine>
            <TextLine id="tl_25" primaryLanguage="English" custom="readingOrder {index:1;}">
                <Coords points="502,2698 3149,2698 3149,2800 502,2800"/>
                <Baseline points="502,2767 592,2767 708,2767 852,2783 940,2767 1058,2765 1293,2768 2737,2797 3021,2767 3149,2765"/>
                <Word id="w_w2aab1b5b2b1b3ab1" language="English" custom="readingOrder {index:0;}">
                    <Coords points="502,2700 592,2700 592,2767 502,2767"/>
                    <TextEquiv>
                        <Unicode>L.</Unicode>
                    </TextEquiv>
                    <TextStyle fontFamily="Times New Roman" fontSize="10.5"/>
                </Word>
                <Word id="w_w2aab1b5b2b1b3ab7" language="English" custom="readingOrder {index:1;}">
                    <Coords points="636,2720 708,2720 708,2767 636,2767"/>
                    <TextEquiv>
                        <Unicode>a.</Unicode>
                    </TextEquiv>
                    <TextStyle fontFamily="Times New Roman" fontSize="10.5"/>
                </Word>
                <Word id="w_w2aab1b5b2b1b3ac13" language="English" custom="readingOrder {index:2;}">
                    <Coords points="756,2720 852,2720 852,2783 756,2783"/>
                    <TextEquiv>
                        <Unicode>s.,</Unicode>
                    </TextEquiv>
                    <TextStyle fontFamily="Times New Roman" fontSize="10.5"/>
                </Word>
                <Word id="w_w2aab1b5b2b1b3ac21" language="English" custom="readingOrder {index:3;}">
                    <Coords points="894,2700 940,2700 940,2767 894,2767"/>
                    <TextEquiv>
                        <Unicode>2</Unicode>
                    </TextEquiv>
                    <TextStyle fontFamily="Times New Roman" fontSize="10.5"/>
                </Word>
                <Word id="w_w2aab1b5b2b1b3ac25" language="English" custom="readingOrder {index:4;}">
                    <Coords points="976,2720 1058,2720 1058,2789 976,2789"/>
                    <TextEquiv>
                        <Unicode>p.</Unicode>
                    </TextEquiv>
                    <TextStyle fontFamily="Times New Roman" fontSize="10.5"/>
                </Word>
                <Word id="w_w2aab1b5b2b1b3ac31" language="English" custom="readingOrder {index:5;}">
                    <Coords points="1103,2700 1293,2700 1293,2770 1103,2770"/>
                    <TextEquiv>
                        <Unicode>in-8.</Unicode>
                    </TextEquiv>
                    <TextStyle fontFamily="Times New Roman" fontSize="10.5"/>
                </Word>
                <Word id="w_w2aab1b5b2b1b3ac43" language="English" custom="readingOrder {index:6;}">
                    <Coords points="2717,2775 2737,2775 2737,2797 2717,2797"/>
                    <TextEquiv>
                        <Unicode>,</Unicode>
                    </TextEquiv>
                    <TextStyle fontFamily="Times New Roman" fontSize="10.5"/>
                </Word>
                <Word id="w_w2aab1b5b2b1b3ac47" language="English" custom="readingOrder {index:7;}">
                    <Coords points="2977,2703 3021,2703 3021,2767 2977,2767"/>
                    <TextEquiv>
                        <Unicode>4</Unicode>
                    </TextEquiv>
                    <TextStyle fontFamily="Times New Roman" fontSize="10.5"/>
                </Word>
                <Word id="w_w2aab1b5b2b1b3ac51" language="English" custom="readingOrder {index:8;}">
                    <Coords points="3117,2723 3149,2723 3149,2765 3117,2765"/>
                    <TextEquiv>
                        <Unicode>»</Unicode>
                    </TextEquiv>
                    <TextStyle fontFamily="Times New Roman" fontSize="10.5"/>
                </Word>
                <TextEquiv>
                    <Unicode>L. a. s., 2 p. in-8. 4 »</Unicode>
                </TextEquiv>
                <TextStyle fontFamily="Times New Roman" fontSize="10.5"/>
            </TextLine>
            <TextEquiv>
                <Unicode>43507. FEBVRE (Frédéric), célèbre acteur du Théâtre-Français. —
L. a. s., 2 p. in-8. 4 »</Unicode>
            </TextEquiv>
        </TextRegion>
        <TextRegion type="paragraph" id="r_3_2" custom="readingOrder {index:10;}">
            <Coords points="127,2874 3154,2874 3154,3259 127,3259"/>
            <TextLine id="tl_26" primaryLanguage="English" custom="readingOrder {index:0;}">
                <Coords points="128,2875 3153,2875 3153,2980 128,2980"/>
                <Baseline points="128,2950 386,2949 922,2951 1485,2951 1889,2965 2269,2964 2453,2950 2849,2949 3153,2928"/>
                <Word id="w_w2aab1b5b2b3b1ab1" language="English" custom="readingOrder {index:0;}">
                    <Coords points="128,2880 386,2880 386,2951 128,2951"/>
                    <TextEquiv>
                        <Unicode>43508.</Unicode>
                    </TextEquiv>
                    <TextStyle fontFamily="Times New Roman" fontSize="10.5"/>
                </Word>
                <Word id="w_w2aab1b5b2b3b1ac15" language="English" custom="readingOrder {index:1;}">
                    <Coords points="442,2882 922,2882 922,2953 442,2953"/>
                    <TextEquiv>
                        <Unicode>FERRAND</Unicode>
                    </TextEquiv>
                    <TextStyle fontFamily="Times New Roman" fontSize="10.5"/>
                </Word>
                <Word id="w_w2aab1b5b2b3b1ac31" language="English" custom="readingOrder {index:2;}">
                    <Coords points="966,2884 1485,2884 1485,2969 966,2969"/>
                    <TextEquiv>
                        <Unicode>(Jean-Henri</Unicode>
                    </TextEquiv>
                    <TextStyle fontFamily="Times New Roman" fontSize="10.5"/>
                </Word>
                <Word id="w_w2aab1b5b2b3b1ac55" language="English" custom="readingOrder {index:3;}">
                    <Coords points="1525,2884 1889,2884 1889,2972 1525,2972"/>
                    <TextEquiv>
                        <Unicode>Becaÿs),</Unicode>
                    </TextEquiv>
                    <TextStyle fontFamily="Times New Roman" fontSize="10.5"/>
                </Word>
                <Word id="w_w2aab1b5b2b3b1ac73" language="English" custom="readingOrder {index:4;}">
                    <Coords points="1923,2881 2269,2881 2269,2971 1923,2971"/>
                    <TextEquiv>
                        <Unicode>général,</Unicode>
                    </TextEquiv>
                    <TextStyle fontFamily="Times New Roman" fontSize="10.5"/>
                </Word>
                <Word id="w_w2aab1b5b2b3b1ac91" language="English" custom="readingOrder {index:5;}">
                    <Coords points="2313,2882 2453,2882 2453,2972 2313,2972"/>
                    <TextEquiv>
                        <Unicode>qui</Unicode>
                    </TextEquiv>
                    <TextStyle fontFamily="Times New Roman" fontSize="10.5"/>
                </Word>
                <Word id="w_w2aab1b5b2b3b1ac99" language="English" custom="readingOrder {index:6;}">
                    <Coords points="2495,2880 2849,2880 2849,2950 2495,2950"/>
                    <TextEquiv>
                        <Unicode>défendit</Unicode>
                    </TextEquiv>
                    <TextStyle fontFamily="Times New Roman" fontSize="10.5"/>
                </Word>
                <Word id="w_w2aab1b5b2b3b1ad117" language="English" custom="readingOrder {index:7;}">
                    <Coords points="2879,2881 3153,2881 3153,2949 2879,2949"/>
                    <TextEquiv>
                        <Unicode>Valen¬</Unicode>
                    </TextEquiv>
                    <TextStyle fontFamily="Times New Roman" fontSize="10.5"/>
                </Word>
                <TextEquiv>
                    <Unicode>43508. FERRAND (Jean-Henri Becaÿs), général, qui défendit Valen¬</Unicode>
                </TextEquiv>
                <TextStyle fontFamily="Times New Roman" fontSize="10.5"/>
            </TextLine>
            <TextLine id="tl_27" primaryLanguage="English" custom="readingOrder {index:1;}">
                <Coords points="502,2967 3151,2967 3151,3065 502,3065"/>
                <Baseline points="502,3044 842,3043 1207,3045 1365,3045 1965,3058 2107,3043 2351,3055 2481,3041 2561,3041 2695,3041 3151,3055"/>
                <Word id="w_w2aab1b5b2b3b3ab1" language="English" custom="readingOrder {index:0;}">
                    <Coords points="502,2973 842,2973 842,3046 502,3046"/>
                    <TextEquiv>
                        <Unicode>ciennes</Unicode>
                    </TextEquiv>
                    <TextStyle fontFamily="Times New Roman" fontSize="10.5"/>
                </Word>
                <Word id="w_w2aab1b5b2b3b3ac17" language="English" custom="readingOrder {index:1;}">
                    <Coords points="876,2980 1207,2980 1207,3045 876,3045"/>
                    <TextEquiv>
                        <Unicode>contres</Unicode>
                    </TextEquiv>
                    <TextStyle fontFamily="Times New Roman" fontSize="10.5"/>
                </Word>
                <Word id="w_w2aab1b5b2b3b3ac33" language="English" custom="readingOrder {index:2;}">
                    <Coords points="1245,2977 1365,2977 1365,3046 1245,3046"/>
                    <TextEquiv>
                        <Unicode>les</Unicode>
                    </TextEquiv>
                    <TextStyle fontFamily="Times New Roman" fontSize="10.5"/>
                </Word>
                <Word id="w_w2aab1b5b2b3b3ac41" language="English" custom="readingOrder {index:3;}">
                    <Coords points="1405,2974 1965,2974 1965,3058 1405,3058"/>
                    <TextEquiv>
                        <Unicode>Autrichiens,</Unicode>
                    </TextEquiv>
                    <TextStyle fontFamily="Times New Roman" fontSize="10.5"/>
                </Word>
                <Word id="w_w2aab1b5b2b3b3ac67" language="English" custom="readingOrder {index:4;}">
                    <Coords points="2007,2996 2107,2996 2107,3045 2007,3045"/>
                    <TextEquiv>
                        <Unicode>en</Unicode>
                    </TextEquiv>
                    <TextStyle fontFamily="Times New Roman" fontSize="10.5"/>
                </Word>
                <Word id="w_w2aab1b5b2b3b3ac73" language="English" custom="readingOrder {index:5;}">
                    <Coords points="2147,2973 2351,2973 2351,3055 2147,3055"/>
                    <TextEquiv>
                        <Unicode>1793,</Unicode>
                    </TextEquiv>
                    <TextStyle fontFamily="Times New Roman" fontSize="10.5"/>
                </Word>
                <Word id="w_w2aab1b5b2b3b3ac85" language="English" custom="readingOrder {index:6;}">
                    <Coords points="2385,2971 2481,2971 2481,3041 2385,3041"/>
                    <TextEquiv>
                        <Unicode>né</Unicode>
                    </TextEquiv>
                    <TextStyle fontFamily="Times New Roman" fontSize="10.5"/>
                </Word>
                <Word id="w_w2aab1b5b2b3b3ac91" language="English" custom="readingOrder {index:7;}">
                    <Coords points="2515,2975 2561,2975 2561,3041 2515,3041"/>
                    <TextEquiv>
                        <Unicode>à</Unicode>
                    </TextEquiv>
                    <TextStyle fontFamily="Times New Roman" fontSize="10.5"/>
                </Word>
                <Word id="w_w2aab1b5b2b3b3ac95" language="English" custom="readingOrder {index:8;}">
                    <Coords points="2589,2973 2695,2973 2695,3041 2589,3041"/>
                    <TextEquiv>
                        <Unicode>La</Unicode>
                    </TextEquiv>
                    <TextStyle fontFamily="Times New Roman" fontSize="10.5"/>
                </Word>
                <Word id="w_w2aab1b5b2b3b3ad101" language="English" custom="readingOrder {index:9;}">
                    <Coords points="2725,2970 3151,2970 3151,3055 2725,3055"/>
                    <TextEquiv>
                        <Unicode>Caussade,</Unicode>
                    </TextEquiv>
                    <TextStyle fontFamily="Times New Roman" fontSize="10.5"/>
                </Word>
                <TextEquiv>
                    <Unicode>ciennes contres les Autrichiens, en 1793, né à La Caussade,</Unicode>
                </TextEquiv>
                <TextStyle fontFamily="Times New Roman" fontSize="10.5"/>
            </TextLine>
            <TextLine id="tl_28" primaryLanguage="English" custom="readingOrder {index:2;}">
                <Coords points="500,3059 3151,3059 3151,3162 500,3162"/>
                <Baseline points="500,3159 695,3136 1300,3138 2110,3134 2247,3117 2375,3132 2503,3132 2625,3132 2781,3132 3151,3128"/>
                <Word id="w_w2aab1b5b2b3b5ab1" language="English" custom="readingOrder {index:0;}">
                    <Coords points="500,3067 695,3067 695,3159 500,3159"/>
                    <TextEquiv>
                        <Unicode>près</Unicode>
                    </TextEquiv>
                    <TextStyle fontFamily="Times New Roman" fontSize="10.5"/>
                </Word>
                <Word id="w_w2aab1b5b2b3b5ac11" language="English" custom="readingOrder {index:1;}">
                    <Coords points="732,3068 1300,3068 1300,3157 732,3157"/>
                    <TextEquiv>
                        <Unicode>Monflanquin</Unicode>
                    </TextEquiv>
                    <TextStyle fontFamily="Times New Roman" fontSize="10.5"/>
                </Word>
                <Word id="w_w2aab1b5b2b3b5ac35" language="English" custom="readingOrder {index:2;}">
                    <Coords points="1339,3066 2110,3066 2110,3154 1339,3154"/>
                    <TextEquiv>
                        <Unicode>(Lot-et-Garonne).</Unicode>
                    </TextEquiv>
                    <TextStyle fontFamily="Times New Roman" fontSize="10.5"/>
                </Word>
                <Word id="w_w2aab1b5b2b3b5ac71" language="English" custom="readingOrder {index:3;}">
                    <Coords points="2155,3106 2247,3106 2247,3117 2155,3117"/>
                    <TextEquiv>
                        <Unicode>—</Unicode>
                    </TextEquiv>
                    <TextStyle fontFamily="Times New Roman" fontSize="10.5"/>
                </Word>
                <Word id="w_w2aab1b5b2b3b5ac75" language="English" custom="readingOrder {index:4;}">
                    <Coords points="2291,3066 2375,3066 2375,3134 2291,3134"/>
                    <TextEquiv>
                        <Unicode>L.</Unicode>
                    </TextEquiv>
                    <TextStyle fontFamily="Times New Roman" fontSize="10.5"/>
                </Word>
                <Word id="w_w2aab1b5b2b3b5ac81" language="English" custom="readingOrder {index:5;}">
                    <Coords points="2433,3085 2503,3085 2503,3134 2433,3134"/>
                    <TextEquiv>
                        <Unicode>a.</Unicode>
                    </TextEquiv>
                    <TextStyle fontFamily="Times New Roman" fontSize="10.5"/>
                </Word>
                <Word id="w_w2aab1b5b2b3b5ac87" language="English" custom="readingOrder {index:6;}">
                    <Coords points="2563,3085 2625,3085 2625,3132 2563,3132"/>
                    <TextEquiv>
                        <Unicode>s.</Unicode>
                    </TextEquiv>
                    <TextStyle fontFamily="Times New Roman" fontSize="10.5"/>
                </Word>
                <Word id="w_w2aab1b5b2b3b5ac93" language="English" custom="readingOrder {index:7;}">
                    <Coords points="2681,3085 2781,3085 2781,3132 2681,3132"/>
                    <TextEquiv>
                        <Unicode>au</Unicode>
                    </TextEquiv>
                    <TextStyle fontFamily="Times New Roman" fontSize="10.5"/>
                </Word>
                <Word id="w_w2aab1b5b2b3b5ac99" language="English" custom="readingOrder {index:8;}">
                    <Coords points="2835,3062 3151,3062 3151,3150 2835,3150"/>
                    <TextEquiv>
                        <Unicode>citoyen</Unicode>
                    </TextEquiv>
                    <TextStyle fontFamily="Times New Roman" fontSize="10.5"/>
                </Word>
                <TextEquiv>
                    <Unicode>près Monflanquin (Lot-et-Garonne). — L. a. s. au citoyen</Unicode>
                </TextEquiv>
                <TextStyle fontFamily="Times New Roman" fontSize="10.5"/>
            </TextLine>
            <TextLine id="tl_29" primaryLanguage="English" custom="readingOrder {index:3;}">
                <Coords points="495,3150 3152,3150 3152,3258 495,3258"/>
                <Baseline points="495,3229 955,3243 1484,3246 1606,3228 1966,3227 2096,3225 2244,3240 2318,3225 2422,3223 2482,3223 2740,3225 3022,3220 3152,3216"/>
                <Word id="w_w2aab1b5b2b3b7ab1" language="English" custom="readingOrder {index:0;}">
                    <Coords points="495,3159 955,3159 955,3243 495,3243"/>
                    <TextEquiv>
                        <Unicode>Verrières;</Unicode>
                    </TextEquiv>
                    <TextStyle fontFamily="Times New Roman" fontSize="10.5"/>
                </Word>
                <Word id="w_w2aab1b5b2b3b7ac23" language="English" custom="readingOrder {index:1;}">
                    <Coords points="987,3160 1484,3160 1484,3246 987,3246"/>
                    <TextEquiv>
                        <Unicode>Maëstricht,</Unicode>
                    </TextEquiv>
                    <TextStyle fontFamily="Times New Roman" fontSize="10.5"/>
                </Word>
                <Word id="w_w2aab1b5b2b3b7ac47" language="English" custom="readingOrder {index:2;}">
                    <Coords points="1516,3161 1606,3161 1606,3228 1516,3228"/>
                    <TextEquiv>
                        <Unicode>13</Unicode>
                    </TextEquiv>
                    <TextStyle fontFamily="Times New Roman" fontSize="10.5"/>
                </Word>
                <Word id="w_w2aab1b5b2b3b7ac53" language="English" custom="readingOrder {index:3;}">
                    <Coords points="1632,3157 1966,3157 1966,3229 1632,3229"/>
                    <TextEquiv>
                        <Unicode>ventôse</Unicode>
                    </TextEquiv>
                    <TextStyle fontFamily="Times New Roman" fontSize="10.5"/>
                </Word>
                <Word id="w_w2aab1b5b2b3b7ac69" language="English" custom="readingOrder {index:4;}">
                    <Coords points="1994,3178 2096,3178 2096,3228 1994,3228"/>
                    <TextEquiv>
                        <Unicode>an</Unicode>
                    </TextEquiv>
                    <TextStyle fontFamily="Times New Roman" fontSize="10.5"/>
                </Word>
                <Word id="w_w2aab1b5b2b3b7ac75" language="English" custom="readingOrder {index:5;}">
                    <Coords points="2120,3157 2244,3157 2244,3240 2120,3240"/>
                    <TextEquiv>
                        <Unicode>IX,</Unicode>
                    </TextEquiv>
                    <TextStyle fontFamily="Times New Roman" fontSize="10.5"/>
                </Word>
                <Word id="w_w2aab1b5b2b3b7ac83" language="English" custom="readingOrder {index:6;}">
                    <Coords points="2274,3159 2318,3159 2318,3225 2274,3225"/>
                    <TextEquiv>
                        <Unicode>2</Unicode>
                    </TextEquiv>
                    <TextStyle fontFamily="Times New Roman" fontSize="10.5"/>
                </Word>
                <Word id="w_w2aab1b5b2b3b7ac87" language="English" custom="readingOrder {index:7;}">
                    <Coords points="2344,3176 2422,3176 2422,3247 2344,3247"/>
                    <TextEquiv>
                        <Unicode>p.</Unicode>
                    </TextEquiv>
                    <TextStyle fontFamily="Times New Roman" fontSize="10.5"/>
                </Word>
                <Word id="w_w2aab1b5b2b3b7ac93" language="English" custom="readingOrder {index:8;}">
                    <Coords points="2456,3154 2640,3154 2640,3224 2456,3224"/>
                    <TextEquiv>
                        <Unicode>in-4.</Unicode>
                    </TextEquiv>
                    <TextStyle fontFamily="Times New Roman" fontSize="10.5"/>
                </Word>
                <Word id="w_w2aab1b5b2b3b7b1b1" language="English" custom="readingOrder {index:9;}">
                    <Coords points="2674,3154 2904,3154 2904,3225 2674,3225"/>
                    <TextEquiv>
                        <Unicode>Rare.</Unicode>
                    </TextEquiv>
                    <TextStyle fontFamily="Times New Roman" fontSize="10.5" italic="true"/>
                </Word>
                <Word id="w_w2aab1b5b2b3b7b2b3" language="English" custom="readingOrder {index:10;}">
                    <Coords points="2976,3152 3022,3152 3022,3220 2976,3220"/>
                    <TextEquiv>
                        <Unicode>8</Unicode>
                    </TextEquiv>
                    <TextStyle fontFamily="Times New Roman" fontSize="10.5"/>
                </Word>
                <Word id="w_w2aab1b5b2b3b7b3b1" language="English" custom="readingOrder {index:11;}">
                    <Coords points="3120,3176 3152,3176 3152,3216 3120,3216"/>
                    <TextEquiv>
                        <Unicode>»</Unicode>
                    </TextEquiv>
                    <TextStyle fontFamily="Times New Roman" fontSize="10.5" italic="true"/>
                </Word>
                <TextEquiv>
                    <Unicode>Verrières; Maëstricht, 13 ventôse an IX, 2 p. in-4. Rare. 8 »</Unicode>
                </TextEquiv>
            </TextLine>
            <TextEquiv>
                <Unicode>43508. FERRAND (Jean-Henri Becaÿs), général, qui défendit Valen¬
ciennes contres les Autrichiens, en 1793, né à La Caussade,
près Monflanquin (Lot-et-Garonne). — L. a. s. au citoyen
Verrières; Maëstricht, 13 ventôse an IX, 2 p. in-4. Rare. 8 »</Unicode>
            </TextEquiv>
        </TextRegion>
        <TextRegion type="paragraph" id="r_3_3" custom="readingOrder {index:11;}">
            <Coords points="119,3310 3151,3310 3151,3629 119,3629"/>
            <TextLine id="tl_30" primaryLanguage="English" custom="readingOrder {index:0;}">
                <Coords points="120,3311 3150,3311 3150,3442 120,3442"/>
                <Baseline points="120,3416 381,3415 1042,3415 1098,3431 1528,3412 2208,3408 2417,3421 2548,3404 3004,3401 3150,3399"/>
                <Word id="w_w2aab1b5b2b5b1ab1" language="English" custom="readingOrder {index:0;}">
                    <Coords points="120,3339 381,3339 381,3418 120,3418"/>
                    <TextEquiv>
                        <Unicode>43509.</Unicode>
                    </TextEquiv>
                    <TextStyle fontFamily="Times New Roman" fontSize="10.5"/>
                </Word>
                <Word id="w_w2aab1b5b2b5b1ac15" language="English" custom="readingOrder {index:1;}">
                    <Coords points="436,3325 1042,3325 1042,3417 436,3417"/>
                    <TextEquiv>
                        <Unicode>FEUCHÈRES</Unicode>
                    </TextEquiv>
                    <TextStyle fontFamily="Times New Roman" fontSize="10.5"/>
                </Word>
                <Word id="w_w2aab1b5b2b5b1ac35" language="English" custom="readingOrder {index:2;}">
                    <Coords points="1074,3343 1410,3343 1410,3435 1074,3435"/>
                    <TextEquiv>
                        <Unicode>(Sophie</Unicode>
                    </TextEquiv>
                    <TextStyle fontFamily="Times New Roman" fontSize="10.5"/>
                </Word>
                <Word id="w_w2aab1b5b2b5b1b1b1" language="English" custom="readingOrder {index:3;}">
                    <Coords points="1461,3342 1790,3342 1790,3423 1461,3423"/>
                    <TextEquiv>
                        <Unicode>Dawes,</Unicode>
                    </TextEquiv>
                    <TextStyle fontFamily="Times New Roman" fontSize="8.0" bold="true"/>
                </Word>
                <Word id="w_w2aab1b5b2b5b1b2b1" language="English" custom="readingOrder {index:4;}">
                    <Coords points="1845,3342 2208,3342 2208,3409 1845,3409"/>
                    <TextEquiv>
                        <Unicode>baronne</Unicode>
                    </TextEquiv>
                    <TextStyle fontFamily="Times New Roman" fontSize="10.5"/>
                </Word>
                <Word id="w_w2aab1b5b2b5b1b2c17" language="English" custom="readingOrder {index:5;}">
                    <Coords points="2259,3337 2417,3337 2417,3425 2259,3425"/>
                    <TextEquiv>
                        <Unicode>de),</Unicode>
                    </TextEquiv>
                    <TextStyle fontFamily="Times New Roman" fontSize="10.5"/>
                </Word>
                <Word id="w_w2aab1b5b2b5b1b2c27" language="English" custom="readingOrder {index:6;}">
                    <Coords points="2469,3338 2548,3338 2548,3404 2469,3404"/>
                    <TextEquiv>
                        <Unicode>la</Unicode>
                    </TextEquiv>
                    <TextStyle fontFamily="Times New Roman" fontSize="10.5"/>
                </Word>
                <Word id="w_w2aab1b5b2b5b1b2c33" language="English" custom="readingOrder {index:7;}">
                    <Coords points="2591,3333 3004,3333 3004,3404 2591,3404"/>
                    <TextEquiv>
                        <Unicode>maîtresse</Unicode>
                    </TextEquiv>
                    <TextStyle fontFamily="Times New Roman" fontSize="10.5"/>
                </Word>
                <Word id="w_w2aab1b5b2b5b1b2c53" language="English" custom="readingOrder {index:8;}">
                    <Coords points="3043,3333 3150,3333 3150,3399 3043,3399"/>
                    <TextEquiv>
                        <Unicode>du</Unicode>
                    </TextEquiv>
                    <TextStyle fontFamily="Times New Roman" fontSize="10.5"/>
                </Word>
                <TextEquiv>
                    <Unicode>43509. FEUCHÈRES (Sophie DAWES, baronne de), la maîtresse du</Unicode>
                </TextEquiv>
            </TextLine>
            <TextLine id="tl_31" primaryLanguage="English" custom="readingOrder {index:1;}">
                <Coords points="497,3420 3148,3420 3148,3535 497,3535"/>
                <Baseline points="497,3508 835,3508 1184,3505 1360,3505 1734,3500 1892,3481 2046,3499 2190,3498 2320,3496 2376,3514 3148,3505"/>
                <Word id="w_w2aab1b5b2b5b3ab1" language="English" custom="readingOrder {index:0;}">
                    <Coords points="497,3439 835,3439 835,3509 497,3509"/>
                    <TextEquiv>
                        <Unicode>dernier</Unicode>
                    </TextEquiv>
                    <TextStyle fontFamily="Times New Roman" fontSize="10.5"/>
                </Word>
                <Word id="w_w2aab1b5b2b5b3ac17" language="English" custom="readingOrder {index:1;}">
                    <Coords points="893,3436 1184,3436 1184,3530 893,3530"/>
                    <TextEquiv>
                        <Unicode>prince</Unicode>
                    </TextEquiv>
                    <TextStyle fontFamily="Times New Roman" fontSize="10.5"/>
                </Word>
                <Word id="w_w2aab1b5b2b5b3ac31" language="English" custom="readingOrder {index:2;}">
                    <Coords points="1260,3436 1360,3436 1360,3505 1260,3505"/>
                    <TextEquiv>
                        <Unicode>de</Unicode>
                    </TextEquiv>
                    <TextStyle fontFamily="Times New Roman" fontSize="10.5"/>
                </Word>
                <Word id="w_w2aab1b5b2b5b3ac37" language="English" custom="readingOrder {index:3;}">
                    <Coords points="1430,3433 1734,3433 1734,3504 1430,3504"/>
                    <TextEquiv>
                        <Unicode>Condé.</Unicode>
                    </TextEquiv>
                    <TextStyle fontFamily="Times New Roman" fontSize="10.5"/>
                </Word>
                <Word id="w_w2aab1b5b2b5b3ac51" language="English" custom="readingOrder {index:4;}">
                    <Coords points="1808,3473 1892,3473 1892,3481 1808,3481"/>
                    <TextEquiv>
                        <Unicode>—</Unicode>
                    </TextEquiv>
                    <TextStyle fontFamily="Times New Roman" fontSize="10.5"/>
                </Word>
                <Word id="w_w2aab1b5b2b5b3ac55" language="English" custom="readingOrder {index:5;}">
                    <Coords points="1962,3432 2046,3432 2046,3500 1962,3500"/>
                    <TextEquiv>
                        <Unicode>L.</Unicode>
                    </TextEquiv>
                    <TextStyle fontFamily="Times New Roman" fontSize="10.5"/>
                </Word>
                <Word id="w_w2aab1b5b2b5b3ac61" language="English" custom="readingOrder {index:6;}">
                    <Coords points="2120,3453 2190,3453 2190,3500 2120,3500"/>
                    <TextEquiv>
                        <Unicode>a.</Unicode>
                    </TextEquiv>
                    <TextStyle fontFamily="Times New Roman" fontSize="10.5"/>
                </Word>
                <Word id="w_w2aab1b5b2b5b3ac67" language="English" custom="readingOrder {index:7;}">
                    <Coords points="2258,3452 2320,3452 2320,3499 2258,3499"/>
                    <TextEquiv>
                        <Unicode>s.</Unicode>
                    </TextEquiv>
                    <TextStyle fontFamily="Times New Roman" fontSize="10.5"/>
                </Word>
                <Word id="w_w2aab1b5b2b5b3ac73" language="English" custom="readingOrder {index:8;}">
                    <Coords points="2358,3451 2376,3451 2376,3514 2358,3514"/>
                    <TextEquiv>
                        <Unicode>;</Unicode>
                    </TextEquiv>
                    <TextStyle fontFamily="Times New Roman" fontSize="10.5"/>
                </Word>
                <Word id="w_w2aab1b5b2b5b3ac77" language="English" custom="readingOrder {index:9;}">
                    <Coords points="2448,3424 3148,3424 3148,3505 2448,3505"/>
                    <TextEquiv>
                        <Unicode>Palais-Bourbon,</Unicode>
                    </TextEquiv>
                    <TextStyle fontFamily="Times New Roman" fontSize="10.5"/>
                </Word>
                <TextEquiv>
                    <Unicode>dernier prince de Condé. — L. a. s.; Palais-Bourbon,</Unicode>
                </TextEquiv>
                <TextStyle fontFamily="Times New Roman" fontSize="10.5"/>
            </TextLine>
            <TextLine id="tl_32" primaryLanguage="English" custom="readingOrder {index:2;}">
                <Coords points="495,3510 3146,3510 3146,3628 495,3628"/>
                <Baseline points="495,3602 583,3602 1067,3597 1312,3621 1386,3596 1510,3593 1754,3591 3018,3582 3146,3579"/>
                <Word id="w_w2aab1b5b2b5b5ab1" language="English" custom="readingOrder {index:0;}">
                    <Coords points="495,3533 583,3533 583,3602 495,3602"/>
                    <TextEquiv>
                        <Unicode>31</Unicode>
                    </TextEquiv>
                    <TextStyle fontFamily="Times New Roman" fontSize="10.5"/>
                </Word>
                <Word id="w_w2aab1b5b2b5b5ab7" language="English" custom="readingOrder {index:1;}">
                    <Coords points="629,3530 1067,3530 1067,3602 629,3602"/>
                    <TextEquiv>
                        <Unicode>décembre</Unicode>
                    </TextEquiv>
                    <TextStyle fontFamily="Times New Roman" fontSize="10.5"/>
                </Word>
                <Word id="w_w2aab1b5b2b5b5ac25" language="English" custom="readingOrder {index:2;}">
                    <Coords points="1104,3527 1312,3527 1312,3621 1104,3621"/>
                    <TextEquiv>
                        <Unicode>1833,</Unicode>
                    </TextEquiv>
                    <TextStyle fontFamily="Times New Roman" fontSize="10.5"/>
                </Word>
                <Word id="w_w2aab1b5b2b5b5ac37" language="English" custom="readingOrder {index:3;}">
                    <Coords points="1350,3529 1386,3529 1386,3596 1350,3596"/>
                    <TextEquiv>
                        <Unicode>1</Unicode>
                    </TextEquiv>
                    <TextStyle fontFamily="Times New Roman" fontSize="10.5"/>
                </Word>
                <Word id="w_w2aab1b5b2b5b5ac41" language="English" custom="readingOrder {index:4;}">
                    <Coords points="1430,3549 1510,3549 1510,3618 1430,3618"/>
                    <TextEquiv>
                        <Unicode>p.</Unicode>
                    </TextEquiv>
                    <TextStyle fontFamily="Times New Roman" fontSize="10.5"/>
                </Word>
                <Word id="w_w2aab1b5b2b5b5ac47" language="English" custom="readingOrder {index:5;}">
                    <Coords points="1554,3526 1754,3526 1754,3594 1554,3594"/>
                    <TextEquiv>
                        <Unicode>in-4.</Unicode>
                    </TextEquiv>
                    <TextStyle fontFamily="Times New Roman" fontSize="10.5"/>
                </Word>
                <Word id="w_w2aab1b5b2b5b5ac59" language="English" custom="readingOrder {index:6;}">
                    <Coords points="2932,3514 3018,3514 3018,3582 2932,3582"/>
                    <TextEquiv>
                        <Unicode>10</Unicode>
                    </TextEquiv>
                    <TextStyle fontFamily="Times New Roman" fontSize="10.5"/>
                </Word>
                <Word id="w_w2aab1b5b2b5b5ac65" language="English" custom="readingOrder {index:7;}">
                    <Coords points="3114,3537 3146,3537 3146,3579 3114,3579"/>
                    <TextEquiv>
                        <Unicode>»</Unicode>
                    </TextEquiv>
                    <TextStyle fontFamily="Times New Roman" fontSize="10.5"/>
                </Word>
                <TextEquiv>
                    <Unicode>31 décembre 1833, 1 p. in-4. 10 »</Unicode>
                </TextEquiv>
                <TextStyle fontFamily="Times New Roman" fontSize="10.5"/>
            </TextLine>
            <TextEquiv>
                <Unicode>43509. FEUCHÈRES (Sophie DAWES, baronne de), la maîtresse du
dernier prince de Condé. — L. a. s.; Palais-Bourbon,
31 décembre 1833, 1 p. in-4. 10 »</Unicode>
            </TextEquiv>
        </TextRegion>
        <TextRegion type="paragraph" id="r_3_4" custom="readingOrder {index:12;}">
            <Coords points="395,3673 3146,3673 3146,3847 395,3847"/>
            <TextLine id="tl_33" primaryLanguage="English" custom="readingOrder {index:0;}">
                <Coords points="469,3674 3145,3674 3145,3777 469,3777"/>
                <Baseline points="469,3759 807,3756 888,3754 1322,3750 1685,3747 1855,3746 2411,3740 2534,3738 2948,3733 3145,3730"/>
                <Word id="w_w2aab1b5b2b7b1ab1" language="English" custom="readingOrder {index:0;}">
                    <Coords points="469,3705 807,3705 807,3759 469,3759"/>
                    <TextEquiv>
                        <Unicode>Curieuse</Unicode>
                    </TextEquiv>
                    <TextStyle fontFamily="Times New Roman" fontSize="7.5" bold="true"/>
                </Word>
                <Word id="w_w2aab1b5b2b7b1ac19" language="English" custom="readingOrder {index:1;}">
                    <Coords points="848,3697 1129,3697 1129,3754 848,3754"/>
                    <TextEquiv>
                        <Unicode>lettre.</Unicode>
                    </TextEquiv>
                    <TextStyle fontFamily="Times New Roman" fontSize="7.5" bold="true"/>
                </Word>
                <Word id="w_w2aab1b5b2b7b1b1b1" language="English" custom="readingOrder {index:2;}">
                    <Coords points="1184,3697 1322,3697 1322,3753 1184,3753"/>
                    <TextEquiv>
                        <Unicode>Elle</Unicode>
                    </TextEquiv>
                    <TextStyle fontFamily="Times New Roman" fontSize="8.0" bold="true"/>
                </Word>
                <Word id="w_w2aab1b5b2b7b1b1c11" language="English" custom="readingOrder {index:3;}">
                    <Coords points="1367,3695 1685,3695 1685,3749 1367,3749"/>
                    <TextEquiv>
                        <Unicode>remercie</Unicode>
                    </TextEquiv>
                    <TextStyle fontFamily="Times New Roman" fontSize="8.0" bold="true"/>
                </Word>
                <Word id="w_w2aab1b5b2b7b1b1c29" language="English" custom="readingOrder {index:4;}">
                    <Coords points="1732,3709 1855,3709 1855,3746 1732,3746"/>
                    <TextEquiv>
                        <Unicode>son</Unicode>
                    </TextEquiv>
                    <TextStyle fontFamily="Times New Roman" fontSize="8.0" bold="true"/>
                </Word>
                <Word id="w_w2aab1b5b2b7b1b1c37" language="English" custom="readingOrder {index:5;}">
                    <Coords points="1891,3688 2411,3688 2411,3761 1891,3761"/>
                    <TextEquiv>
                        <Unicode>correspondant</Unicode>
                    </TextEquiv>
                    <TextStyle fontFamily="Times New Roman" fontSize="8.0" bold="true"/>
                </Word>
                <Word id="w_w2aab1b5b2b7b1b1c65" language="English" custom="readingOrder {index:6;}">
                    <Coords points="2453,3686 2534,3686 2534,3740 2453,3740"/>
                    <TextEquiv>
                        <Unicode>de</Unicode>
                    </TextEquiv>
                    <TextStyle fontFamily="Times New Roman" fontSize="8.0" bold="true"/>
                </Word>
                <Word id="w_w2aab1b5b2b7b1b1c71" language="English" custom="readingOrder {index:7;}">
                    <Coords points="2566,3686 2948,3686 2948,3749 2566,3749"/>
                    <TextEquiv>
                        <Unicode>l’hommage</Unicode>
                    </TextEquiv>
                    <TextStyle fontFamily="Times New Roman" fontSize="8.0" bold="true"/>
                </Word>
                <Word id="w_w2aab1b5b2b7b1b1c91" language="English" custom="readingOrder {index:8;}">
                    <Coords points="2991,3679 3145,3679 3145,3733 2991,3733"/>
                    <TextEquiv>
                        <Unicode>d’un</Unicode>
                    </TextEquiv>
                    <TextStyle fontFamily="Times New Roman" fontSize="8.0" bold="true"/>
                </Word>
                <TextEquiv>
                    <Unicode>CURIEUSE LETTRE. Elle remercie son correspondant de l’hommage d’un</Unicode>
                </TextEquiv>
            </TextLine>
            <TextLine id="tl_34" primaryLanguage="English" custom="readingOrder {index:1;}">
                <Coords points="396,3748 2581,3748 2581,3846 396,3846"/>
                <Baseline points="396,3826 566,3827 664,3826 761,3825 1008,3821 1292,3819 1422,3817 1534,3816 1742,3815 1806,3817 2181,3812 2581,3807"/>
                <Word id="w_w2aab1b5b2b7b3ab1" language="English" custom="readingOrder {index:0;}">
                    <Coords points="396,3775 566,3775 566,3827 396,3827"/>
                    <TextEquiv>
                        <Unicode>livre</Unicode>
                    </TextEquiv>
                    <TextStyle fontFamily="Times New Roman" fontSize="8.0" bold="true"/>
                </Word>
                <Word id="w_w2aab1b5b2b7b3ac13" language="English" custom="readingOrder {index:1;}">
                    <Coords points="600,3778 664,3778 664,3827 600,3827"/>
                    <TextEquiv>
                        <Unicode>et</Unicode>
                    </TextEquiv>
                    <TextStyle fontFamily="Times New Roman" fontSize="8.0" bold="true"/>
                </Word>
                <Word id="w_w2aab1b5b2b7b3ac19" language="English" custom="readingOrder {index:2;}">
                    <Coords points="691,3789 761,3789 761,3826 691,3826"/>
                    <TextEquiv>
                        <Unicode>se</Unicode>
                    </TextEquiv>
                    <TextStyle fontFamily="Times New Roman" fontSize="8.0" bold="true"/>
                </Word>
                <Word id="w_w2aab1b5b2b7b3ac25" language="English" custom="readingOrder {index:3;}">
                    <Coords points="794,3771 1008,3771 1008,3841 794,3841"/>
                    <TextEquiv>
                        <Unicode>plaint</Unicode>
                    </TextEquiv>
                    <TextStyle fontFamily="Times New Roman" fontSize="8.0" bold="true"/>
                </Word>
                <Word id="w_w2aab1b5b2b7b3ac39" language="English" custom="readingOrder {index:4;}">
                    <Coords points="1035,3768 1292,3768 1292,3821 1035,3821"/>
                    <TextEquiv>
                        <Unicode>d’avoir</Unicode>
                    </TextEquiv>
                    <TextStyle fontFamily="Times New Roman" fontSize="8.0" bold="true"/>
                </Word>
                <Word id="w_w2aab1b5b2b7b3ac55" language="English" custom="readingOrder {index:5;}">
                    <Coords points="1321,3764 1422,3764 1422,3819 1321,3819"/>
                    <TextEquiv>
                        <Unicode>été</Unicode>
                    </TextEquiv>
                    <TextStyle fontFamily="Times New Roman" fontSize="8.0" bold="true"/>
                </Word>
                <Word id="w_w2aab1b5b2b7b3ac63" language="English" custom="readingOrder {index:6;}">
                    <Coords points="1447,3781 1534,3781 1534,3817 1447,3817"/>
                    <TextEquiv>
                        <Unicode>en</Unicode>
                    </TextEquiv>
                    <TextStyle fontFamily="Times New Roman" fontSize="8.0" bold="true"/>
                </Word>
                <Word id="w_w2aab1b5b2b7b3ac69" language="English" custom="readingOrder {index:7;}">
                    <Coords points="1558,3765 1742,3765 1742,3817 1558,3817"/>
                    <TextEquiv>
                        <Unicode>butte</Unicode>
                    </TextEquiv>
                    <TextStyle fontFamily="Times New Roman" fontSize="8.0" bold="true"/>
                </Word>
                <Word id="w_w2aab1b5b2b7b3ac81" language="English" custom="readingOrder {index:8;}">
                    <Coords points="1767,3761 1806,3761 1806,3817 1767,3817"/>
                    <TextEquiv>
                        <Unicode>à</Unicode>
                    </TextEquiv>
                    <TextStyle fontFamily="Times New Roman" fontSize="8.0" bold="true"/>
                </Word>
                <Word id="w_w2aab1b5b2b7b3ac85" language="English" custom="readingOrder {index:9;}">
                    <Coords points="1838,3762 2181,3762 2181,3830 1838,3830"/>
                    <TextEquiv>
                        <Unicode>d’injustes</Unicode>
                    </TextEquiv>
                    <TextStyle fontFamily="Times New Roman" fontSize="8.0" bold="true"/>
                </Word>
                <Word id="w_w2aab1b5b2b7b3ad107" language="English" custom="readingOrder {index:10;}">
                    <Coords points="2206,3756 2581,3756 2581,3812 2206,3812"/>
                    <TextEquiv>
                        <Unicode>calomnies.</Unicode>
                    </TextEquiv>
                    <TextStyle fontFamily="Times New Roman" fontSize="8.0" bold="true"/>
                </Word>
                <TextEquiv>
                    <Unicode>livre et se plaint d’avoir été en butte à d’injustes calomnies.</Unicode>
                </TextEquiv>
                <TextStyle fontFamily="Times New Roman" fontSize="8.0" bold="true"/>
            </TextLine>
            <TextEquiv>
                <Unicode>CURIEUSE LETTRE. Elle remercie son correspondant de l’hommage d’un
livre et se plaint d’avoir été en butte à d’injustes calomnies.</Unicode>
            </TextEquiv>
        </TextRegion>
        <TextRegion type="paragraph" id="r_3_5" custom="readingOrder {index:13;}">
            <Coords points="114,3901 3143,3901 3143,4215 114,4215"/>
            <TextLine id="tl_35" primaryLanguage="English" custom="readingOrder {index:0;}">
                <Coords points="115,3902 3141,3902 3141,4029 115,4029"/>
                <Baseline points="116,4011 376,4008 942,4001 1375,4012 1499,3997 1863,3994 2359,3983 2471,3982 2791,3978 3141,3956"/>
                <Word id="w_w2aab1b5b2b9b1ab1" language="English" custom="readingOrder {index:0;}">
                    <Coords points="116,3939 376,3939 376,4011 116,4011"/>
                    <TextEquiv>
                        <Unicode>43510.</Unicode>
                    </TextEquiv>
                    <TextStyle fontFamily="Times New Roman" fontSize="10.5"/>
                </Word>
                <Word id="w_w2aab1b5b2b9b1ac15" language="English" custom="readingOrder {index:1;}">
                    <Coords points="434,3932 942,3932 942,4009 434,4009"/>
                    <TextEquiv>
                        <Unicode>FEUILLET</Unicode>
                    </TextEquiv>
                    <TextStyle fontFamily="Times New Roman" fontSize="10.5"/>
                </Word>
                <Word id="w_w2aab1b5b2b9b1ac33" language="English" custom="readingOrder {index:2;}">
                    <Coords points="981,3930 1375,3930 1375,4018 981,4018"/>
                    <TextEquiv>
                        <Unicode>(Octave),</Unicode>
                    </TextEquiv>
                    <TextStyle fontFamily="Times New Roman" fontSize="10.5"/>
                </Word>
                <Word id="w_w2aab1b5b2b9b1ac53" language="English" custom="readingOrder {index:3;}">
                    <Coords points="1422,3928 1499,3928 1499,3997 1422,3997"/>
                    <TextEquiv>
                        <Unicode>le</Unicode>
                    </TextEquiv>
                    <TextStyle fontFamily="Times New Roman" fontSize="10.5"/>
                </Word>
                <Word id="w_w2aab1b5b2b9b1ac59" language="English" custom="readingOrder {index:4;}">
                    <Coords points="1539,3924 1863,3924 1863,3996 1539,3996"/>
                    <TextEquiv>
                        <Unicode>célèbre</Unicode>
                    </TextEquiv>
                    <TextStyle fontFamily="Times New Roman" fontSize="10.5"/>
                </Word>
                <Word id="w_w2aab1b5b2b9b1ac75" language="English" custom="readingOrder {index:5;}">
                    <Coords points="1901,3917 2359,3917 2359,3993 1901,3993"/>
                    <TextEquiv>
                        <Unicode>romancier</Unicode>
                    </TextEquiv>
                    <TextStyle fontFamily="Times New Roman" fontSize="10.5"/>
                </Word>
                <Word id="w_w2aab1b5b2b9b1ac95" language="English" custom="readingOrder {index:6;}">
                    <Coords points="2396,3919 2471,3919 2471,3982 2396,3982"/>
                    <TextEquiv>
                        <Unicode>et</Unicode>
                    </TextEquiv>
                    <TextStyle fontFamily="Times New Roman" fontSize="10.5"/>
                </Word>
                <Word id="w_w2aab1b5b2b9b1ad101" language="English" custom="readingOrder {index:7;}">
                    <Coords points="2508,3916 2791,3916 2791,3981 2508,3981"/>
                    <TextEquiv>
                        <Unicode>auteur</Unicode>
                    </TextEquiv>
                    <TextStyle fontFamily="Times New Roman" fontSize="10.5"/>
                </Word>
                <Word id="w_w2aab1b5b2b9b1ad115" language="English" custom="readingOrder {index:8;}">
                    <Coords points="2828,3908 3141,3908 3141,3978 2828,3978"/>
                    <TextEquiv>
                        <Unicode>drama¬</Unicode>
                    </TextEquiv>
                    <TextStyle fontFamily="Times New Roman" fontSize="10.5"/>
                </Word>
                <TextEquiv>
                    <Unicode>43510. FEUILLET (Octave), le célèbre romancier et auteur drama¬</Unicode>
                </TextEquiv>
                <TextStyle fontFamily="Times New Roman" fontSize="10.5"/>
            </TextLine>
            <TextLine id="tl_36" primaryLanguage="English" custom="readingOrder {index:1;}">
                <Coords points="492,3994 3142,3994 3142,4124 492,4124"/>
                <Baseline points="492,4101 749,4108 1162,4093 1308,4091 1848,4084 2302,4075 2431,4056 2556,4070 2660,4072 2771,4068 2890,4069 3141,4046"/>
                <Word id="w_w2aab1b5b2b9b3ab1" language="English" custom="readingOrder {index:0;}">
                    <Coords points="492,4031 749,4031 749,4120 492,4120"/>
                    <TextEquiv>
                        <Unicode>tique,</Unicode>
                    </TextEquiv>
                    <TextStyle fontFamily="Times New Roman" fontSize="10.5"/>
                </Word>
                <Word id="w_w2aab1b5b2b9b3ac15" language="English" custom="readingOrder {index:1;}">
                    <Coords points="792,4022 1162,4022 1162,4094 792,4094"/>
                    <TextEquiv>
                        <Unicode>membre</Unicode>
                    </TextEquiv>
                    <TextStyle fontFamily="Times New Roman" fontSize="10.5"/>
                </Word>
                <Word id="w_w2aab1b5b2b9b3ac29" language="English" custom="readingOrder {index:2;}">
                    <Coords points="1207,4021 1308,4021 1308,4091 1207,4091"/>
                    <TextEquiv>
                        <Unicode>de</Unicode>
                    </TextEquiv>
                    <TextStyle fontFamily="Times New Roman" fontSize="10.5"/>
                </Word>
                <Word id="w_w2aab1b5b2b9b3ac35" language="English" custom="readingOrder {index:3;}">
                    <Coords points="1357,4017 1848,4017 1848,4090 1357,4090"/>
                    <TextEquiv>
                        <Unicode>l’Académie</Unicode>
                    </TextEquiv>
                    <TextStyle fontFamily="Times New Roman" fontSize="10.5"/>
                </Word>
                <Word id="w_w2aab1b5b2b9b3ac57" language="English" custom="readingOrder {index:4;}">
                    <Coords points="1877,4010 2302,4010 2302,4098 1877,4098"/>
                    <TextEquiv>
                        <Unicode>française.</Unicode>
                    </TextEquiv>
                    <TextStyle fontFamily="Times New Roman" fontSize="10.5"/>
                </Word>
                <Word id="w_w2aab1b5b2b9b3ac79" language="English" custom="readingOrder {index:5;}">
                    <Coords points="2345,4046 2431,4046 2431,4056 2345,4056"/>
                    <TextEquiv>
                        <Unicode>—</Unicode>
                    </TextEquiv>
                    <TextStyle fontFamily="Times New Roman" fontSize="10.5"/>
                </Word>
                <Word id="w_w2aab1b5b2b9b3ac83" language="English" custom="readingOrder {index:6;}">
                    <Coords points="2473,4006 2556,4006 2556,4072 2473,4072"/>
                    <TextEquiv>
                        <Unicode>L.</Unicode>
                    </TextEquiv>
                    <TextStyle fontFamily="Times New Roman" fontSize="10.5"/>
                </Word>
                <Word id="w_w2aab1b5b2b9b3ac89" language="English" custom="readingOrder {index:7;}">
                    <Coords points="2589,4022 2660,4022 2660,4072 2589,4072"/>
                    <TextEquiv>
                        <Unicode>a.</Unicode>
                    </TextEquiv>
                    <TextStyle fontFamily="Times New Roman" fontSize="10.5"/>
                </Word>
                <Word id="w_w2aab1b5b2b9b3ac95" language="English" custom="readingOrder {index:8;}">
                    <Coords points="2709,4021 2771,4021 2771,4071 2709,4071"/>
                    <TextEquiv>
                        <Unicode>s.</Unicode>
                    </TextEquiv>
                    <TextStyle fontFamily="Times New Roman" fontSize="10.5"/>
                </Word>
                <Word id="w_w2aab1b5b2b9b3ad101" language="English" custom="readingOrder {index:9;}">
                    <Coords points="2815,4001 2890,4001 2890,4087 2815,4087"/>
                    <TextEquiv>
                        <Unicode>(à</Unicode>
                    </TextEquiv>
                    <TextStyle fontFamily="Times New Roman" fontSize="10.5"/>
                </Word>
                <Word id="w_w2aab1b5b2b9b3ad107" language="English" custom="readingOrder {index:10;}">
                    <Coords points="2937,3999 3141,3999 3141,4068 2937,4068"/>
                    <TextEquiv>
                        <Unicode>Ana¬</Unicode>
                    </TextEquiv>
                    <TextStyle fontFamily="Times New Roman" fontSize="10.5"/>
                </Word>
                <TextEquiv>
                    <Unicode>tique, membre de l’Académie française. — L. a. s. (à Ana¬</Unicode>
                </TextEquiv>
                <TextStyle fontFamily="Times New Roman" fontSize="10.5"/>
            </TextLine>
            <TextLine id="tl_37" primaryLanguage="English" custom="readingOrder {index:2;}">
                <Coords points="488,4084 3136,4084 3136,4214 488,4214"/>
                <Baseline points="488,4191 657,4190 809,4186 958,4185 1279,4202 1326,4200 1830,4195 1960,4171 2323,4168 2565,4180 2644,4162 2765,4159 2914,4159 3135,4154"/>
                <Word id="w_w2aab1b5b2b9b5ab1" language="English" custom="readingOrder {index:0;}">
                    <Coords points="488,4122 657,4122 657,4191 488,4191"/>
                    <TextEquiv>
                        <Unicode>tole</Unicode>
                    </TextEquiv>
                    <TextStyle fontFamily="Times New Roman" fontSize="10.5"/>
                </Word>
                <Word id="w_w2aab1b5b2b9b5ac11" language="English" custom="readingOrder {index:1;}">
                    <Coords points="706,4117 809,4117 809,4187 706,4187"/>
                    <TextEquiv>
                        <Unicode>de</Unicode>
                    </TextEquiv>
                    <TextStyle fontFamily="Times New Roman" fontSize="10.5"/>
                </Word>
                <Word id="w_w2aab1b5b2b9b5ac17" language="English" custom="readingOrder {index:2;}">
                    <Coords points="848,4118 958,4118 958,4185 848,4185"/>
                    <TextEquiv>
                        <Unicode>La</Unicode>
                    </TextEquiv>
                    <TextStyle fontFamily="Times New Roman" fontSize="10.5"/>
                </Word>
                <Word id="w_w2aab1b5b2b9b5ac23" language="English" custom="readingOrder {index:3;}">
                    <Coords points="988,4116 1279,4116 1279,4204 988,4204"/>
                    <TextEquiv>
                        <Unicode>Forge)</Unicode>
                    </TextEquiv>
                    <TextStyle fontFamily="Times New Roman" fontSize="10.5"/>
                </Word>
                <Word id="w_w2aab1b5b2b9b5ac37" language="English" custom="readingOrder {index:4;}">
                    <Coords points="1305,4137 1326,4137 1326,4200 1305,4200"/>
                    <TextEquiv>
                        <Unicode>;</Unicode>
                    </TextEquiv>
                    <TextStyle fontFamily="Times New Roman" fontSize="10.5"/>
                </Word>
                <Word id="w_w2aab1b5b2b9b5ac41" language="English" custom="readingOrder {index:5;}">
                    <Coords points="1365,4108 1830,4108 1830,4195 1365,4195"/>
                    <TextEquiv>
                        <Unicode>Versailles,</Unicode>
                    </TextEquiv>
                    <TextStyle fontFamily="Times New Roman" fontSize="10.5"/>
                </Word>
                <Word id="w_w2aab1b5b2b9b5ac65" language="English" custom="readingOrder {index:6;}">
                    <Coords points="1875,4106 1960,4106 1960,4174 1875,4174"/>
                    <TextEquiv>
                        <Unicode>21</Unicode>
                    </TextEquiv>
                    <TextStyle fontFamily="Times New Roman" fontSize="10.5"/>
                </Word>
                <Word id="w_w2aab1b5b2b9b5ac71" language="English" custom="readingOrder {index:7;}">
                    <Coords points="1993,4100 2323,4100 2323,4173 1993,4173"/>
                    <TextEquiv>
                        <Unicode>octobre</Unicode>
                    </TextEquiv>
                    <TextStyle fontFamily="Times New Roman" fontSize="10.5"/>
                </Word>
                <Word id="w_w2aab1b5b2b9b5ac87" language="English" custom="readingOrder {index:8;}">
                    <Coords points="2365,4094 2565,4094 2565,4180 2365,4180"/>
                    <TextEquiv>
                        <Unicode>1883,</Unicode>
                    </TextEquiv>
                    <TextStyle fontFamily="Times New Roman" fontSize="10.5"/>
                </Word>
                <Word id="w_w2aab1b5b2b9b5ac99" language="English" custom="readingOrder {index:9;}">
                    <Coords points="2609,4095 2644,4095 2644,4162 2609,4162"/>
                    <TextEquiv>
                        <Unicode>1</Unicode>
                    </TextEquiv>
                    <TextStyle fontFamily="Times New Roman" fontSize="10.5"/>
                </Word>
                <Word id="w_w2aab1b5b2b9b5ad103" language="English" custom="readingOrder {index:10;}">
                    <Coords points="2687,4112 2765,4112 2765,4183 2687,4183"/>
                    <TextEquiv>
                        <Unicode>p.</Unicode>
                    </TextEquiv>
                    <TextStyle fontFamily="Times New Roman" fontSize="10.5"/>
                </Word>
                <Word id="w_w2aab1b5b2b9b5ad109" language="English" custom="readingOrder {index:11;}">
                    <Coords points="2799,4091 2914,4091 2914,4178 2799,4178"/>
                    <TextEquiv>
                        <Unicode>1/2</Unicode>
                    </TextEquiv>
                    <TextStyle fontFamily="Times New Roman" fontSize="10.5"/>
                </Word>
                <Word id="w_w2aab1b5b2b9b5ad117" language="English" custom="readingOrder {index:12;}">
                    <Coords points="2951,4088 3135,4088 3135,4157 2951,4157"/>
                    <TextEquiv>
                        <Unicode>in-8.</Unicode>
                    </TextEquiv>
                    <TextStyle fontFamily="Times New Roman" fontSize="10.5"/>
                </Word>
                <TextEquiv>
                    <Unicode>tole de La Forge); Versailles, 21 octobre 1883, 1 p. 1/2 in-8.</Unicode>
                </TextEquiv>
                <TextStyle fontFamily="Times New Roman" fontSize="10.5"/>
            </TextLine>
            <TextEquiv>
                <Unicode>43510. FEUILLET (Octave), le célèbre romancier et auteur drama¬
tique, membre de l’Académie française. — L. a. s. (à Ana¬
tole de La Forge); Versailles, 21 octobre 1883, 1 p. 1/2 in-8.</Unicode>
            </TextEquiv>
        </TextRegion>
        <TextRegion type="paragraph" id="r_3_6" custom="readingOrder {index:14;}">
            <Coords points="2912,4177 3127,4177 3127,4250 2912,4250"/>
            <TextLine id="tl_38" primaryLanguage="English" custom="readingOrder {index:0;}">
                <Coords points="2913,4178 3126,4178 3126,4249 2913,4249"/>
                <Baseline points="2913,4247 2948,4247 3126,4241"/>
                <Word id="w_w2aab1b5b2c11b1ab1" language="English" custom="readingOrder {index:0;}">
                    <Coords points="2913,4180 3000,4180 3000,4249 2913,4249"/>
                    <TextEquiv>
                        <Unicode>12</Unicode>
                    </TextEquiv>
                    <TextStyle fontFamily="Times New Roman" fontSize="9.5" bold="true"/>
                </Word>
                <Word id="w_w2aab1b5b2c11b1b1b3" language="English" custom="readingOrder {index:1;}">
                    <Coords points="3098,4204 3126,4204 3126,4241 3098,4241"/>
                    <TextEquiv>
                        <Unicode>»</Unicode>
                    </TextEquiv>
                    <TextStyle fontFamily="Times New Roman" fontSize="6.0"/>
                </Word>
                <TextEquiv>
                    <Unicode>12 »</Unicode>
                </TextEquiv>
            </TextLine>
            <TextEquiv>
                <Unicode>12 »</Unicode>
            </TextEquiv>
        </TextRegion>
        <TextRegion type="paragraph" id="r_3_7" custom="readingOrder {index:15;}">
            <Coords points="392,4328 3144,4328 3144,4728 392,4728"/>
            <TextLine id="tl_39" primaryLanguage="English" custom="readingOrder {index:0;}">
                <Coords points="467,4329 3140,4329 3140,4455 467,4455"/>
                <Baseline points="467,4429 803,4425 886,4424 1227,4420 1331,4420 1551,4415 1695,4412 1983,4405 2108,4403 2276,4400 2575,4394 2913,4390 3018,4387 3139,4384"/>
                <Word id="w_w2aab1b5b2c13b1ab1" language="English" custom="readingOrder {index:0;}">
                    <Coords points="467,4374 803,4374 803,4429 467,4429"/>
                    <TextEquiv>
                        <Unicode>Curieuse</Unicode>
                    </TextEquiv>
                    <TextStyle fontFamily="Times New Roman" fontSize="7.5" bold="true"/>
                </Word>
                <Word id="w_w2aab1b5b2c13b1ac19" language="English" custom="readingOrder {index:1;}">
                    <Coords points="846,4367 1125,4367 1125,4426 846,4426"/>
                    <TextEquiv>
                        <Unicode>lettre.</Unicode>
                    </TextEquiv>
                    <TextStyle fontFamily="Times New Roman" fontSize="7.5" bold="true"/>
                </Word>
                <Word id="w_w2aab1b5b2c13b1b1b1" language="English" custom="readingOrder {index:2;}">
                    <Coords points="1174,4367 1227,4367 1227,4420 1174,4420"/>
                    <TextEquiv>
                        <Unicode>Il</Unicode>
                    </TextEquiv>
                    <TextStyle fontFamily="Times New Roman" fontSize="8.0" bold="true"/>
                </Word>
                <Word id="w_w2aab1b5b2c13b1b1b7" language="English" custom="readingOrder {index:3;}">
                    <Coords points="1268,4366 1331,4366 1331,4420 1268,4420"/>
                    <TextEquiv>
                        <Unicode>le</Unicode>
                    </TextEquiv>
                    <TextStyle fontFamily="Times New Roman" fontSize="8.0" bold="true"/>
                </Word>
                <Word id="w_w2aab1b5b2c13b1b1c13" language="English" custom="readingOrder {index:4;}">
                    <Coords points="1376,4357 1620,4357 1620,4418 1376,4418"/>
                    <TextEquiv>
                        <Unicode>félicite</Unicode>
                    </TextEquiv>
                    <TextStyle fontFamily="Times New Roman" fontSize="8.0" bold="true"/>
                </Word>
                <Word id="w_w2aab1b5b2c13b1b2b1" language="English" custom="readingOrder {index:5;}">
                    <Coords points="1656,4356 1695,4356 1695,4427 1656,4427"/>
                    <TextEquiv>
                        <Unicode>à</Unicode>
                    </TextEquiv>
                    <TextStyle fontFamily="Times New Roman" fontSize="7.5" bold="true"/>
                </Word>
                <Word id="w_w2aab1b5b2c13b1b3b1" language="English" custom="readingOrder {index:6;}">
                    <Coords points="1737,4368 1983,4368 1983,4435 1737,4435"/>
                    <TextEquiv>
                        <Unicode>propos</Unicode>
                    </TextEquiv>
                    <TextStyle fontFamily="Times New Roman" fontSize="8.0" bold="true"/>
                </Word>
                <Word id="w_w2aab1b5b2c13b1b3c15" language="English" custom="readingOrder {index:7;}">
                    <Coords points="2025,4349 2108,4349 2108,4404 2025,4404"/>
                    <TextEquiv>
                        <Unicode>de</Unicode>
                    </TextEquiv>
                    <TextStyle fontFamily="Times New Roman" fontSize="8.0" bold="true"/>
                </Word>
                <Word id="w_w2aab1b5b2c13b1b3c21" language="English" custom="readingOrder {index:8;}">
                    <Coords points="2155,4364 2276,4364 2276,4403 2155,4403"/>
                    <TextEquiv>
                        <Unicode>son</Unicode>
                    </TextEquiv>
                    <TextStyle fontFamily="Times New Roman" fontSize="8.0" bold="true"/>
                </Word>
                <Word id="w_w2aab1b5b2c13b1b3c29" language="English" custom="readingOrder {index:9;}">
                    <Coords points="2311,4345 2575,4345 2575,4399 2311,4399"/>
                    <TextEquiv>
                        <Unicode>dernier</Unicode>
                    </TextEquiv>
                    <TextStyle fontFamily="Times New Roman" fontSize="8.0" bold="true"/>
                </Word>
                <Word id="w_w2aab1b5b2c13b1b3c45" language="English" custom="readingOrder {index:10;}">
                    <Coords points="2617,4340 2913,4340 2913,4393 2617,4393"/>
                    <TextEquiv>
                        <Unicode>discours</Unicode>
                    </TextEquiv>
                    <TextStyle fontFamily="Times New Roman" fontSize="8.0" bold="true"/>
                </Word>
                <Word id="w_w2aab1b5b2c13b1b3c63" language="English" custom="readingOrder {index:11;}">
                    <Coords points="2956,4339 3018,4339 3018,4387 2956,4387"/>
                    <TextEquiv>
                        <Unicode>et</Unicode>
                    </TextEquiv>
                    <TextStyle fontFamily="Times New Roman" fontSize="8.0" bold="true"/>
                </Word>
                <Word id="w_w2aab1b5b2c13b1b3c69" language="English" custom="readingOrder {index:12;}">
                    <Coords points="3047,4333 3139,4333 3139,4386 3047,4386"/>
                    <TextEquiv>
                        <Unicode>lui</Unicode>
                    </TextEquiv>
                    <TextStyle fontFamily="Times New Roman" fontSize="8.0" bold="true"/>
                </Word>
                <TextEquiv>
                    <Unicode>CURIEUSE LETTRE. Il le félicite à propos de son dernier discours et lui</Unicode>
                </TextEquiv>
            </TextLine>
            <TextLine id="tl_40" primaryLanguage="English" custom="readingOrder {index:1;}">
                <Coords points="398,4396 3138,4396 3138,4529 398,4529"/>
                <Baseline points="398,4516 644,4509 879,4494 1022,4493 1145,4492 1232,4489 1690,4479 2054,4487 2139,4473 2314,4470 2527,4464 2738,4461 3138,4453"/>
                <Word id="w_w2aab1b5b2c13b3ab1" language="English" custom="readingOrder {index:0;}">
                    <Coords points="398,4442 644,4442 644,4516 398,4516"/>
                    <TextEquiv>
                        <Unicode>prédit,</Unicode>
                    </TextEquiv>
                    <TextStyle fontFamily="Times New Roman" fontSize="8.0" bold="true"/>
                </Word>
                <Word id="w_w2aab1b5b2c13b3ac17" language="English" custom="readingOrder {index:1;}">
                    <Coords points="680,4442 879,4442 879,4523 680,4523"/>
                    <TextEquiv>
                        <Unicode>qu’au</Unicode>
                    </TextEquiv>
                    <TextStyle fontFamily="Times New Roman" fontSize="8.0" bold="true"/>
                </Word>
                <Word id="w_w2aab1b5b2c13b3ac29" language="English" custom="readingOrder {index:2;}">
                    <Coords points="911,4456 1022,4456 1022,4495 911,4495"/>
                    <TextEquiv>
                        <Unicode>cas</Unicode>
                    </TextEquiv>
                    <TextStyle fontFamily="Times New Roman" fontSize="8.0" bold="true"/>
                </Word>
                <Word id="w_w2aab1b5b2c13b3ac37" language="English" custom="readingOrder {index:3;}">
                    <Coords points="1055,4437 1145,4437 1145,4492 1055,4492"/>
                    <TextEquiv>
                        <Unicode>où</Unicode>
                    </TextEquiv>
                    <TextStyle fontFamily="Times New Roman" fontSize="8.0" bold="true"/>
                </Word>
                <Word id="w_w2aab1b5b2c13b3ac43" language="English" custom="readingOrder {index:4;}">
                    <Coords points="1183,4439 1232,4439 1232,4498 1183,4498"/>
                    <TextEquiv>
                        <Unicode>il</Unicode>
                    </TextEquiv>
                    <TextStyle fontFamily="Times New Roman" fontSize="8.0" bold="true"/>
                </Word>
                <Word id="w_w2aab1b5b2c13b3ac49" language="English" custom="readingOrder {index:5;}">
                    <Coords points="1270,4429 1690,4429 1690,4489 1270,4489"/>
                    <TextEquiv>
                        <Unicode>deviendrait</Unicode>
                    </TextEquiv>
                    <TextStyle fontFamily="Times New Roman" fontSize="8.0" bold="true"/>
                </Word>
                <Word id="w_w2aab1b5b2c13b3ac73" language="English" custom="readingOrder {index:6;}">
                    <Coords points="1732,4426 2054,4426 2054,4487 1732,4487"/>
                    <TextEquiv>
                        <Unicode>ministre,</Unicode>
                    </TextEquiv>
                    <TextStyle fontFamily="Times New Roman" fontSize="8.0" bold="true"/>
                </Word>
                <Word id="w_w2aab1b5b2c13b3ac93" language="English" custom="readingOrder {index:7;}">
                    <Coords points="2088,4420 2139,4420 2139,4473 2088,4473"/>
                    <TextEquiv>
                        <Unicode>il</Unicode>
                    </TextEquiv>
                    <TextStyle fontFamily="Times New Roman" fontSize="8.0" bold="true"/>
                </Word>
                <Word id="w_w2aab1b5b2c13b3ac99" language="English" custom="readingOrder {index:8;}">
                    <Coords points="2169,4432 2314,4432 2314,4472 2169,4472"/>
                    <TextEquiv>
                        <Unicode>sera</Unicode>
                    </TextEquiv>
                    <TextStyle fontFamily="Times New Roman" fontSize="8.0" bold="true"/>
                </Word>
                <Word id="w_w2aab1b5b2c13b3ad109" language="English" custom="readingOrder {index:9;}">
                    <Coords points="2354,4411 2527,4411 2527,4469 2354,4469"/>
                    <TextEquiv>
                        <Unicode>aimé</Unicode>
                    </TextEquiv>
                    <TextStyle fontFamily="Times New Roman" fontSize="8.0" bold="true"/>
                </Word>
                <Word id="w_w2aab1b5b2c13b3ad119" language="English" custom="readingOrder {index:10;}">
                    <Coords points="2569,4424 2738,4424 2738,4480 2569,4480"/>
                    <TextEquiv>
                        <Unicode>pour</Unicode>
                    </TextEquiv>
                    <TextStyle fontFamily="Times New Roman" fontSize="8.0" bold="true"/>
                </Word>
                <Word id="w_w2aab1b5b2c13b3ad129" language="English" custom="readingOrder {index:11;}">
                    <Coords points="2782,4402 3138,4402 3138,4460 2782,4460"/>
                    <TextEquiv>
                        <Unicode>lui-même.</Unicode>
                    </TextEquiv>
                    <TextStyle fontFamily="Times New Roman" fontSize="8.0" bold="true"/>
                </Word>
                <TextEquiv>
                    <Unicode>prédit, qu’au cas où il deviendrait ministre, il sera aimé pour lui-même.</Unicode>
                </TextEquiv>
                <TextStyle fontFamily="Times New Roman" fontSize="8.0" bold="true"/>
            </TextLine>
            <TextLine id="tl_41" primaryLanguage="English" custom="readingOrder {index:2;}">
                <Coords points="400,4466 3143,4466 3143,4588 400,4588"/>
                <Baseline points="400,4567 428,4567 544,4567 722,4565 887,4564 1170,4560 1301,4559 1508,4554 1689,4550 1924,4545 2132,4542 2414,4536 2714,4530 2794,4529 3015,4524 3143,4522"/>
                <Word id="w_w2aab1b5b2c13b5ab1" language="English" custom="readingOrder {index:0;}">
                    <Coords points="400,4533 428,4533 428,4567 400,4567"/>
                    <TextEquiv>
                        <Unicode>«</Unicode>
                    </TextEquiv>
                    <TextStyle fontFamily="Times New Roman" fontSize="8.0" bold="true"/>
                </Word>
                <Word id="w_w2aab1b5b2c13b5ab5" language="English" custom="readingOrder {index:1;}">
                    <Coords points="466,4513 544,4513 544,4568 466,4568"/>
                    <TextEquiv>
                        <Unicode>Je</Unicode>
                    </TextEquiv>
                    <TextStyle fontFamily="Times New Roman" fontSize="8.0" bold="true"/>
                </Word>
                <Word id="w_w2aab1b5b2c13b5ac11" language="English" custom="readingOrder {index:2;}">
                    <Coords points="591,4514 722,4514 722,4566 591,4566"/>
                    <TextEquiv>
                        <Unicode>n’ai</Unicode>
                    </TextEquiv>
                    <TextStyle fontFamily="Times New Roman" fontSize="8.0" bold="true"/>
                </Word>
                <Word id="w_w2aab1b5b2c13b5ac21" language="English" custom="readingOrder {index:3;}">
                    <Coords points="766,4526 887,4526 887,4580 766,4580"/>
                    <TextEquiv>
                        <Unicode>pas</Unicode>
                    </TextEquiv>
                    <TextStyle fontFamily="Times New Roman" fontSize="8.0" bold="true"/>
                </Word>
                <Word id="w_w2aab1b5b2c13b5ac29" language="English" custom="readingOrder {index:4;}">
                    <Coords points="930,4509 1170,4509 1170,4563 930,4563"/>
                    <TextEquiv>
                        <Unicode>besoin</Unicode>
                    </TextEquiv>
                    <TextStyle fontFamily="Times New Roman" fontSize="8.0" bold="true"/>
                </Word>
                <Word id="w_w2aab1b5b2c13b5ac43" language="English" custom="readingOrder {index:5;}">
                    <Coords points="1218,4504 1301,4504 1301,4560 1218,4560"/>
                    <TextEquiv>
                        <Unicode>de</Unicode>
                    </TextEquiv>
                    <TextStyle fontFamily="Times New Roman" fontSize="8.0" bold="true"/>
                </Word>
                <Word id="w_w2aab1b5b2c13b5ac49" language="English" custom="readingOrder {index:6;}">
                    <Coords points="1341,4517 1508,4517 1508,4560 1341,4560"/>
                    <TextEquiv>
                        <Unicode>vous</Unicode>
                    </TextEquiv>
                    <TextStyle fontFamily="Times New Roman" fontSize="8.0" bold="true"/>
                </Word>
                <Word id="w_w2aab1b5b2c13b5ac59" language="English" custom="readingOrder {index:7;}">
                    <Coords points="1546,4498 1689,4498 1689,4552 1546,4552"/>
                    <TextEquiv>
                        <Unicode>dire</Unicode>
                    </TextEquiv>
                    <TextStyle fontFamily="Times New Roman" fontSize="8.0" bold="true"/>
                </Word>
                <Word id="w_w2aab1b5b2c13b5ac69" language="English" custom="readingOrder {index:8;}">
                    <Coords points="1728,4495 1924,4495 1924,4564 1728,4564"/>
                    <TextEquiv>
                        <Unicode>qu’en</Unicode>
                    </TextEquiv>
                    <TextStyle fontFamily="Times New Roman" fontSize="8.0" bold="true"/>
                </Word>
                <Word id="w_w2aab1b5b2c13b5ac81" language="English" custom="readingOrder {index:9;}">
                    <Coords points="1966,4505 2132,4505 2132,4546 1966,4546"/>
                    <TextEquiv>
                        <Unicode>vous</Unicode>
                    </TextEquiv>
                    <TextStyle fontFamily="Times New Roman" fontSize="8.0" bold="true"/>
                </Word>
                <Word id="w_w2aab1b5b2c13b5ac91" language="English" custom="readingOrder {index:10;}">
                    <Coords points="2175,4488 2414,4488 2414,4554 2175,4554"/>
                    <TextEquiv>
                        <Unicode>voyant</Unicode>
                    </TextEquiv>
                    <TextStyle fontFamily="Times New Roman" fontSize="8.0" bold="true"/>
                </Word>
                <Word id="w_w2aab1b5b2c13b5ad105" language="English" custom="readingOrder {index:11;}">
                    <Coords points="2450,4476 2714,4476 2714,4534 2450,4534"/>
                    <TextEquiv>
                        <Unicode>nommé</Unicode>
                    </TextEquiv>
                    <TextStyle fontFamily="Times New Roman" fontSize="8.0" bold="true"/>
                </Word>
                <Word id="w_w2aab1b5b2c13b5ad117" language="English" custom="readingOrder {index:12;}">
                    <Coords points="2754,4476 2794,4476 2794,4529 2754,4529"/>
                    <TextEquiv>
                        <Unicode>à</Unicode>
                    </TextEquiv>
                    <TextStyle fontFamily="Times New Roman" fontSize="8.0" bold="true"/>
                </Word>
                <Word id="w_w2aab1b5b2c13b5ad121" language="English" custom="readingOrder {index:13;}">
                    <Coords points="2833,4473 3015,4473 3015,4528 2833,4528"/>
                    <TextEquiv>
                        <Unicode>Paris</Unicode>
                    </TextEquiv>
                    <TextStyle fontFamily="Times New Roman" fontSize="8.0" bold="true"/>
                </Word>
                <Word id="w_w2aab1b5b2c13b5ad133" language="English" custom="readingOrder {index:14;}">
                    <Coords points="3057,4484 3143,4484 3143,4523 3057,4523"/>
                    <TextEquiv>
                        <Unicode>en</Unicode>
                    </TextEquiv>
                    <TextStyle fontFamily="Times New Roman" fontSize="8.0" bold="true"/>
                </Word>
                <TextEquiv>
                    <Unicode>« Je n’ai pas besoin de vous dire qu’en vous voyant nommé à Paris en</Unicode>
                </TextEquiv>
                <TextStyle fontFamily="Times New Roman" fontSize="8.0" bold="true"/>
            </TextLine>
            <TextLine id="tl_42" primaryLanguage="English" custom="readingOrder {index:3;}">
                <Coords points="393,4533 3143,4533 3143,4659 393,4659"/>
                <Baseline points="394,4655 729,4635 931,4631 1085,4631 1330,4638 1637,4620 1846,4616 2114,4611 2183,4611 2492,4603 2586,4602 2755,4599 2835,4598 3047,4592 3143,4591"/>
                <Word id="w_w2aab1b5b2c13b7ab1" language="English" custom="readingOrder {index:0;}">
                    <Coords points="394,4580 729,4580 729,4655 394,4655"/>
                    <TextEquiv>
                        <Unicode>première</Unicode>
                    </TextEquiv>
                    <TextStyle fontFamily="Times New Roman" fontSize="8.0" bold="true"/>
                </Word>
                <Word id="w_w2aab1b5b2c13b7ac19" language="English" custom="readingOrder {index:1;}">
                    <Coords points="754,4581 931,4581 931,4650 754,4650"/>
                    <TextEquiv>
                        <Unicode>ligne</Unicode>
                    </TextEquiv>
                    <TextStyle fontFamily="Times New Roman" fontSize="8.0" bold="true"/>
                </Word>
                <Word id="w_w2aab1b5b2c13b7ac31" language="English" custom="readingOrder {index:2;}">
                    <Coords points="967,4576 1085,4576 1085,4648 967,4648"/>
                    <TextEquiv>
                        <Unicode>j’ai</Unicode>
                    </TextEquiv>
                    <TextStyle fontFamily="Times New Roman" fontSize="8.0" bold="true"/>
                </Word>
                <Word id="w_w2aab1b5b2c13b7ac41" language="English" custom="readingOrder {index:3;}">
                    <Coords points="1126,4571 1330,4571 1330,4638 1126,4638"/>
                    <TextEquiv>
                        <Unicode>salué,</Unicode>
                    </TextEquiv>
                    <TextStyle fontFamily="Times New Roman" fontSize="8.0" bold="true"/>
                </Word>
                <Word id="w_w2aab1b5b2c13b7ac55" language="English" custom="readingOrder {index:4;}">
                    <Coords points="1378,4583 1637,4583 1637,4626 1378,4626"/>
                    <TextEquiv>
                        <Unicode>comme</Unicode>
                    </TextEquiv>
                    <TextStyle fontFamily="Times New Roman" fontSize="8.0" bold="true"/>
                </Word>
                <Word id="w_w2aab1b5b2c13b7ac67" language="English" custom="readingOrder {index:5;}">
                    <Coords points="1679,4578 1846,4578 1846,4619 1679,4619"/>
                    <TextEquiv>
                        <Unicode>vous</Unicode>
                    </TextEquiv>
                    <TextStyle fontFamily="Times New Roman" fontSize="8.0" bold="true"/>
                </Word>
                <Word id="w_w2aab1b5b2c13b7ac77" language="English" custom="readingOrder {index:6;}">
                    <Coords points="1888,4560 2114,4560 2114,4616 1888,4616"/>
                    <TextEquiv>
                        <Unicode>faisiez</Unicode>
                    </TextEquiv>
                    <TextStyle fontFamily="Times New Roman" fontSize="8.0" bold="true"/>
                </Word>
                <Word id="w_w2aab1b5b2c13b7ac93" language="English" custom="readingOrder {index:7;}">
                    <Coords points="2144,4556 2183,4556 2183,4611 2144,4611"/>
                    <TextEquiv>
                        <Unicode>à</Unicode>
                    </TextEquiv>
                    <TextStyle fontFamily="Times New Roman" fontSize="8.0" bold="true"/>
                </Word>
                <Word id="w_w2aab1b5b2c13b7ac97" language="English" custom="readingOrder {index:8;}">
                    <Coords points="2220,4551 2492,4551 2492,4610 2220,4610"/>
                    <TextEquiv>
                        <Unicode>l’Odéon</Unicode>
                    </TextEquiv>
                    <TextStyle fontFamily="Times New Roman" fontSize="8.0" bold="true"/>
                </Word>
                <Word id="w_w2aab1b5b2c13b7ad113" language="English" custom="readingOrder {index:9;}">
                    <Coords points="2526,4549 2586,4549 2586,4602 2526,4602"/>
                    <TextEquiv>
                        <Unicode>le</Unicode>
                    </TextEquiv>
                    <TextStyle fontFamily="Times New Roman" fontSize="8.0" bold="true"/>
                </Word>
                <Word id="w_w2aab1b5b2c13b7ad119" language="English" custom="readingOrder {index:10;}">
                    <Coords points="2620,4546 2755,4546 2755,4601 2620,4601"/>
                    <TextEquiv>
                        <Unicode>soir</Unicode>
                    </TextEquiv>
                    <TextStyle fontFamily="Times New Roman" fontSize="8.0" bold="true"/>
                </Word>
                <Word id="w_w2aab1b5b2c13b7ad129" language="English" custom="readingOrder {index:11;}">
                    <Coords points="2791,4543 2835,4543 2835,4598 2791,4598"/>
                    <TextEquiv>
                        <Unicode>d</Unicode>
                    </TextEquiv>
                    <TextStyle fontFamily="Times New Roman" fontSize="8.0" bold="true"/>
                </Word>
                <Word id="w_w2aab1b5b2c13b7b1b1" language="English" custom="readingOrder {index:12;}">
                    <Coords points="2839,4541 3047,4541 3047,4597 2839,4597"/>
                    <TextEquiv>
                        <Unicode>'Echec</Unicode>
                    </TextEquiv>
                    <TextStyle fontFamily="Times New Roman" fontSize="8.0" bold="true" italic="true"/>
                </Word>
                <Word id="w_w2aab1b5b2c13b7b1c15" language="English" custom="readingOrder {index:13;}">
                    <Coords points="3087,4541 3143,4541 3143,4592 3087,4592"/>
                    <TextEquiv>
                        <Unicode>et</Unicode>
                    </TextEquiv>
                    <TextStyle fontFamily="Times New Roman" fontSize="8.0" bold="true" italic="true"/>
                </Word>
                <TextEquiv>
                    <Unicode>première ligne j’ai salué, comme vous faisiez à l’Odéon le soir d'Echec et</Unicode>
                </TextEquiv>
            </TextLine>
            <TextLine id="tl_43" primaryLanguage="English" custom="readingOrder {index:4;}">
                <Coords points="395,4615 2601,4615 2601,4727 395,4727"/>
                <Baseline points="395,4709 463,4709 806,4704 965,4701 1063,4700 1518,4692 1716,4688 1878,4684 2139,4694 2333,4675 2490,4672 2531,4670 2600,4668"/>
                <Word id="w_w2aab1b5b2c13b9ab1" language="English" custom="readingOrder {index:0;}">
                    <Coords points="395,4657 552,4657 552,4709 395,4709"/>
                    <TextEquiv>
                        <Unicode>mat</Unicode>
                    </TextEquiv>
                    <TextStyle fontFamily="Times New Roman" fontSize="8.0" bold="true" italic="true"/>
                </Word>
                <Word id="w_w2aab1b5b2c13b9b1b3" language="English" custom="readingOrder {index:1;}">
                    <Coords points="589,4652 806,4652 806,4706 589,4706"/>
                    <TextEquiv>
                        <Unicode>Faites</Unicode>
                    </TextEquiv>
                    <TextStyle fontFamily="Times New Roman" fontSize="8.0" bold="true"/>
                </Word>
                <Word id="w_w2aab1b5b2c13b9b1c17" language="English" custom="readingOrder {index:2;}">
                    <Coords points="833,4665 965,4665 965,4719 833,4719"/>
                    <TextEquiv>
                        <Unicode>que</Unicode>
                    </TextEquiv>
                    <TextStyle fontFamily="Times New Roman" fontSize="8.0" bold="true"/>
                </Word>
                <Word id="w_w2aab1b5b2c13b9b1c25" language="English" custom="readingOrder {index:3;}">
                    <Coords points="998,4648 1063,4648 1063,4700 998,4700"/>
                    <TextEquiv>
                        <Unicode>la</Unicode>
                    </TextEquiv>
                    <TextStyle fontFamily="Times New Roman" fontSize="8.0" bold="true"/>
                </Word>
                <Word id="w_w2aab1b5b2c13b9b1c31" language="English" custom="readingOrder {index:4;}">
                    <Coords points="1094,4643 1518,4643 1518,4714 1094,4714"/>
                    <TextEquiv>
                        <Unicode>République</Unicode>
                    </TextEquiv>
                    <TextStyle fontFamily="Times New Roman" fontSize="8.0" bold="true"/>
                </Word>
                <Word id="w_w2aab1b5b2c13b9b1c53" language="English" custom="readingOrder {index:5;}">
                    <Coords points="1545,4651 1716,4651 1716,4692 1545,4692"/>
                    <TextEquiv>
                        <Unicode>nous</Unicode>
                    </TextEquiv>
                    <TextStyle fontFamily="Times New Roman" fontSize="8.0" bold="true"/>
                </Word>
                <Word id="w_w2aab1b5b2c13b9b1c63" language="English" custom="readingOrder {index:6;}">
                    <Coords points="1750,4633 1878,4633 1878,4687 1750,4687"/>
                    <TextEquiv>
                        <Unicode>soit</Unicode>
                    </TextEquiv>
                    <TextStyle fontFamily="Times New Roman" fontSize="8.0" bold="true"/>
                </Word>
                <Word id="w_w2aab1b5b2c13b9b1c73" language="English" custom="readingOrder {index:7;}">
                    <Coords points="1906,4628 2139,4628 2139,4699 1906,4699"/>
                    <TextEquiv>
                        <Unicode>légère,</Unicode>
                    </TextEquiv>
                    <TextStyle fontFamily="Times New Roman" fontSize="8.0" bold="true"/>
                </Word>
                <Word id="w_w2aab1b5b2c13b9b1c89" language="English" custom="readingOrder {index:8;}">
                    <Coords points="2174,4639 2333,4639 2333,4679 2174,4679"/>
                    <TextEquiv>
                        <Unicode>mon</Unicode>
                    </TextEquiv>
                    <TextStyle fontFamily="Times New Roman" fontSize="8.0" bold="true"/>
                </Word>
                <Word id="w_w2aab1b5b2c13b9b1c97" language="English" custom="readingOrder {index:9;}">
                    <Coords points="2356,4620 2490,4620 2490,4675 2356,4675"/>
                    <TextEquiv>
                        <Unicode>ami</Unicode>
                    </TextEquiv>
                    <TextStyle fontFamily="Times New Roman" fontSize="8.0" bold="true"/>
                </Word>
                <Word id="w_w2aab1b5b2c13b9b1d105" language="English" custom="readingOrder {index:10;}">
                    <Coords points="2519,4621 2531,4621 2531,4670 2519,4670"/>
                    <TextEquiv>
                        <Unicode>!</Unicode>
                    </TextEquiv>
                    <TextStyle fontFamily="Times New Roman" fontSize="8.0" bold="true"/>
                </Word>
                <Word id="w_w2aab1b5b2c13b9b1d109" language="English" custom="readingOrder {index:11;}">
                    <Coords points="2573,4634 2600,4634 2600,4668 2573,4668"/>
                    <TextEquiv>
                        <Unicode>»</Unicode>
                    </TextEquiv>
                    <TextStyle fontFamily="Times New Roman" fontSize="8.0" bold="true"/>
                </Word>
                <TextEquiv>
                    <Unicode>mat. Faites que la République nous soit légère, mon ami ! »</Unicode>
                </TextEquiv>
            </TextLine>
            <TextEquiv>
                <Unicode>CURIEUSE LETTRE. Il le félicite à propos de son dernier discours et lui
prédit, qu’au cas où il deviendrait ministre, il sera aimé pour lui-même.
« Je n’ai pas besoin de vous dire qu’en vous voyant nommé à Paris en
première ligne j’ai salué, comme vous faisiez à l’Odéon le soir d'Echec et
mat. Faites que la République nous soit légère, mon ami ! »</Unicode>
            </TextEquiv>
        </TextRegion>
        <TextRegion type="paragraph" id="r_3_8" custom="readingOrder {index:16;}">
            <Coords points="107,4766 3146,4766 3146,5193 107,5193"/>
            <TextLine id="tl_44" primaryLanguage="English" custom="readingOrder {index:0;}">
                <Coords points="108,4767 3145,4767 3145,4918 108,4918"/>
                <Baseline points="108,4894 370,4889 1467,4876 1641,4872 2029,4866 2679,4852 2875,4865 3144,4823"/>
                <Word id="w_w2aab1b5b2c15b1ab1" language="English" custom="readingOrder {index:0;}">
                    <Coords points="108,4822 370,4822 370,4894 108,4894"/>
                    <TextEquiv>
                        <Unicode>43511.</Unicode>
                    </TextEquiv>
                    <TextStyle fontFamily="Times New Roman" fontSize="10.5"/>
                </Word>
                <Word id="w_w2aab1b5b2c15b1ac15" language="English" custom="readingOrder {index:1;}">
                    <Coords points="424,4805 1467,4805 1467,4890 424,4890"/>
                    <TextEquiv>
                        <Unicode>FONTENAY-MAREUIL</Unicode>
                    </TextEquiv>
                    <TextStyle fontFamily="Times New Roman" fontSize="10.5"/>
                </Word>
                <Word id="w_w2aab1b5b2c15b1ac49" language="English" custom="readingOrder {index:2;}">
                    <Coords points="1507,4795 1927,4795 1927,4892 1507,4892"/>
                    <TextEquiv>
                        <Unicode>(François</Unicode>
                    </TextEquiv>
                    <TextStyle fontFamily="Times New Roman" fontSize="10.5"/>
                </Word>
                <Word id="w_w2aab1b5b2c15b1b1b1" language="English" custom="readingOrder {index:3;}">
                    <Coords points="1959,4793 2273,4793 2273,4871 1959,4871"/>
                    <TextEquiv>
                        <Unicode>Duval,</Unicode>
                    </TextEquiv>
                    <TextStyle fontFamily="Times New Roman" fontSize="10.5"/>
                </Word>
                <Word id="w_w2aab1b5b2c15b1b2b3" language="English" custom="readingOrder {index:4;}">
                    <Coords points="2315,4782 2679,4782 2679,4876 2315,4876"/>
                    <TextEquiv>
                        <Unicode>marquis</Unicode>
                    </TextEquiv>
                    <TextStyle fontFamily="Times New Roman" fontSize="10.5"/>
                </Word>
                <Word id="w_w2aab1b5b2c15b1b2c19" language="English" custom="readingOrder {index:5;}">
                    <Coords points="2717,4778 2875,4778 2875,4869 2717,4869"/>
                    <TextEquiv>
                        <Unicode>de),</Unicode>
                    </TextEquiv>
                    <TextStyle fontFamily="Times New Roman" fontSize="10.5"/>
                </Word>
                <Word id="w_w2aab1b5b2c15b1b2c29" language="English" custom="readingOrder {index:6;}">
                    <Coords points="2915,4771 3144,4771 3144,4869 2915,4869"/>
                    <TextEquiv>
                        <Unicode>géné¬</Unicode>
                    </TextEquiv>
                    <TextStyle fontFamily="Times New Roman" fontSize="10.5"/>
                </Word>
                <TextEquiv>
                    <Unicode>43511. FONTENAY-MAREUIL (François Duval, marquis de), géné¬</Unicode>
                </TextEquiv>
            </TextLine>
            <TextLine id="tl_45" primaryLanguage="English" custom="readingOrder {index:1;}">
                <Coords points="487,4858 3139,4858 3139,5005 487,5005"/>
                <Baseline points="488,4982 610,4981 752,4979 1291,4984 1405,4968 1811,4962 1949,4960 2453,4930 2605,4946 2767,4960 3011,4939 3139,4932"/>
                <Word id="w_w2aab1b5b2c15b3ab1" language="English" custom="readingOrder {index:0;}">
                    <Coords points="488,4911 610,4911 610,4982 488,4982"/>
                    <TextEquiv>
                        <Unicode>ral</Unicode>
                    </TextEquiv>
                    <TextStyle fontFamily="Times New Roman" fontSize="10.5"/>
                </Word>
                <Word id="w_w2aab1b5b2c15b3ab9" language="English" custom="readingOrder {index:1;}">
                    <Coords points="676,4913 752,4913 752,4979 676,4979"/>
                    <TextEquiv>
                        <Unicode>et</Unicode>
                    </TextEquiv>
                    <TextStyle fontFamily="Times New Roman" fontSize="10.5"/>
                </Word>
                <Word id="w_w2aab1b5b2c15b3ac15" language="English" custom="readingOrder {index:2;}">
                    <Coords points="815,4901 1291,4901 1291,4996 815,4996"/>
                    <TextEquiv>
                        <Unicode>diplomate,</Unicode>
                    </TextEquiv>
                    <TextStyle fontFamily="Times New Roman" fontSize="10.5"/>
                </Word>
                <Word id="w_w2aab1b5b2c15b3ac37" language="English" custom="readingOrder {index:3;}">
                    <Coords points="1357,4893 1649,4893 1649,4968 1357,4968"/>
                    <TextEquiv>
                        <Unicode>auteur</Unicode>
                    </TextEquiv>
                    <TextStyle fontFamily="Times New Roman" fontSize="10.5"/>
                </Word>
                <Word id="w_w2aab1b5b2c15b3b1b1" language="English" custom="readingOrder {index:4;}">
                    <Coords points="1708,4892 1811,4892 1811,4964 1708,4964"/>
                    <TextEquiv>
                        <Unicode>de</Unicode>
                    </TextEquiv>
                    <TextStyle fontFamily="Times New Roman" fontSize="10.5" italic="true"/>
                </Word>
                <Word id="w_w2aab1b5b2c15b3b1b7" language="English" custom="readingOrder {index:5;}">
                    <Coords points="1864,4882 2299,4882 2299,4960 1864,4960"/>
                    <TextEquiv>
                        <Unicode>Mémoires.</Unicode>
                    </TextEquiv>
                    <TextStyle fontFamily="Times New Roman" fontSize="10.5" italic="true"/>
                </Word>
                <Word id="w_w2aab1b5b2c15b3b2b3" language="English" custom="readingOrder {index:6;}">
                    <Coords points="2367,4920 2453,4920 2453,4930 2367,4930"/>
                    <TextEquiv>
                        <Unicode>—</Unicode>
                    </TextEquiv>
                    <TextStyle fontFamily="Times New Roman" fontSize="10.5"/>
                </Word>
                <Word id="w_w2aab1b5b2c15b3b2b7" language="English" custom="readingOrder {index:7;}">
                    <Coords points="2518,4878 2605,4878 2605,4947 2518,4947"/>
                    <TextEquiv>
                        <Unicode>L.</Unicode>
                    </TextEquiv>
                    <TextStyle fontFamily="Times New Roman" fontSize="10.5"/>
                </Word>
                <Word id="w_w2aab1b5b2c15b3b2c13" language="English" custom="readingOrder {index:8;}">
                    <Coords points="2672,4895 2767,4895 2767,4960 2672,4960"/>
                    <TextEquiv>
                        <Unicode>s.,</Unicode>
                    </TextEquiv>
                    <TextStyle fontFamily="Times New Roman" fontSize="10.5"/>
                </Word>
                <Word id="w_w2aab1b5b2c15b3b2c21" language="English" custom="readingOrder {index:9;}">
                    <Coords points="2818,4889 3011,4889 3011,4943 2818,4943"/>
                    <TextEquiv>
                        <Unicode>avec</Unicode>
                    </TextEquiv>
                    <TextStyle fontFamily="Times New Roman" fontSize="10.5"/>
                </Word>
                <Word id="w_w2aab1b5b2c15b3b2c31" language="English" custom="readingOrder {index:10;}">
                    <Coords points="3064,4864 3139,4864 3139,4933 3064,4933"/>
                    <TextEquiv>
                        <Unicode>la</Unicode>
                    </TextEquiv>
                    <TextStyle fontFamily="Times New Roman" fontSize="10.5"/>
                </Word>
                <TextEquiv>
                    <Unicode>ral et diplomate, auteur de Mémoires. — L. s., avec la</Unicode>
                </TextEquiv>
            </TextLine>
            <TextLine id="tl_46" primaryLanguage="English" custom="readingOrder {index:2;}">
                <Coords points="489,4950 3136,4950 3136,5104 489,5104"/>
                <Baseline points="489,5075 931,5064 1134,5063 1185,5078 1523,5074 1650,5058 2010,5049 2246,5060 2326,5043 2460,5042 2760,5037 3136,5019"/>
                <Word id="w_w2aab1b5b2c15b5ab1" language="English" custom="readingOrder {index:0;}">
                    <Coords points="489,4998 931,4998 931,5091 489,5091"/>
                    <TextEquiv>
                        <Unicode>souscript.</Unicode>
                    </TextEquiv>
                    <TextStyle fontFamily="Times New Roman" fontSize="10.5"/>
                </Word>
                <Word id="w_w2aab1b5b2c15b5ac23" language="English" custom="readingOrder {index:1;}">
                    <Coords points="971,4998 1134,4998 1134,5065 971,5065"/>
                    <TextEquiv>
                        <Unicode>aut.</Unicode>
                    </TextEquiv>
                    <TextStyle fontFamily="Times New Roman" fontSize="10.5"/>
                </Word>
                <Word id="w_w2aab1b5b2c15b5ac33" language="English" custom="readingOrder {index:2;}">
                    <Coords points="1162,5015 1185,5015 1185,5078 1162,5078"/>
                    <TextEquiv>
                        <Unicode>;</Unicode>
                    </TextEquiv>
                    <TextStyle fontFamily="Times New Roman" fontSize="10.5"/>
                </Word>
                <Word id="w_w2aab1b5b2c15b5ac37" language="English" custom="readingOrder {index:3;}">
                    <Coords points="1241,4991 1523,4991 1523,5074 1241,5074"/>
                    <TextEquiv>
                        <Unicode>Rome,</Unicode>
                    </TextEquiv>
                    <TextStyle fontFamily="Times New Roman" fontSize="10.5"/>
                </Word>
                <Word id="w_w2aab1b5b2c15b5ac49" language="English" custom="readingOrder {index:4;}">
                    <Coords points="1563,4988 1650,4988 1650,5061 1563,5061"/>
                    <TextEquiv>
                        <Unicode>31</Unicode>
                    </TextEquiv>
                    <TextStyle fontFamily="Times New Roman" fontSize="10.5"/>
                </Word>
                <Word id="w_w2aab1b5b2c15b5ac55" language="English" custom="readingOrder {index:5;}">
                    <Coords points="1681,4981 2010,4981 2010,5078 1681,5078"/>
                    <TextEquiv>
                        <Unicode>janvier</Unicode>
                    </TextEquiv>
                    <TextStyle fontFamily="Times New Roman" fontSize="10.5"/>
                </Word>
                <Word id="w_w2aab1b5b2c15b5ac71" language="English" custom="readingOrder {index:6;}">
                    <Coords points="2043,4976 2246,4976 2246,5060 2043,5060"/>
                    <TextEquiv>
                        <Unicode>1642,</Unicode>
                    </TextEquiv>
                    <TextStyle fontFamily="Times New Roman" fontSize="10.5"/>
                </Word>
                <Word id="w_w2aab1b5b2c15b5ac83" language="English" custom="readingOrder {index:7;}">
                    <Coords points="2291,4975 2326,4975 2326,5043 2291,5043"/>
                    <TextEquiv>
                        <Unicode>1</Unicode>
                    </TextEquiv>
                    <TextStyle fontFamily="Times New Roman" fontSize="10.5"/>
                </Word>
                <Word id="w_w2aab1b5b2c15b5ac87" language="English" custom="readingOrder {index:8;}">
                    <Coords points="2381,4993 2460,4993 2460,5065 2381,5065"/>
                    <TextEquiv>
                        <Unicode>p.</Unicode>
                    </TextEquiv>
                    <TextStyle fontFamily="Times New Roman" fontSize="10.5"/>
                </Word>
                <Word id="w_w2aab1b5b2c15b5ac93" language="English" custom="readingOrder {index:9;}">
                    <Coords points="2503,4967 2760,4967 2760,5043 2503,5043"/>
                    <TextEquiv>
                        <Unicode>in-fol.</Unicode>
                    </TextEquiv>
                    <TextStyle fontFamily="Times New Roman" fontSize="10.5"/>
                </Word>
                <Word id="w_w2aab1b5b2c15b5ad109" language="English" custom="readingOrder {index:10;}">
                    <Coords points="2803,4957 3136,4957 3136,5049 2803,5049"/>
                    <TextEquiv>
                        <Unicode>Légères</Unicode>
                    </TextEquiv>
                    <TextStyle fontFamily="Times New Roman" fontSize="10.5"/>
                </Word>
                <TextEquiv>
                    <Unicode>souscript. aut. ; Rome, 31 janvier 1642, 1 p. in-fol. Légères</Unicode>
                </TextEquiv>
                <TextStyle fontFamily="Times New Roman" fontSize="10.5"/>
            </TextLine>
            <TextLine id="tl_47" primaryLanguage="English" custom="readingOrder {index:3;}">
                <Coords points="486,5039 3132,5039 3132,5192 486,5192"/>
                <Baseline points="486,5171 517,5171 1069,5156 1264,5158 3005,5120 3131,5110"/>
                <Word id="w_w2aab1b5b2c15b7ab1" language="English" custom="readingOrder {index:0;}">
                    <Coords points="486,5094 799,5094 799,5182 486,5182"/>
                    <TextEquiv>
                        <Unicode>taches.</Unicode>
                    </TextEquiv>
                    <TextStyle fontFamily="Times New Roman" fontSize="10.5"/>
                </Word>
                <Word id="w_w2aab1b5b2c15b7b1b1" language="English" custom="readingOrder {index:1;}">
                    <Coords points="844,5086 1069,5086 1069,5181 844,5181"/>
                    <TextEquiv>
                        <Unicode>(Coll.</Unicode>
                    </TextEquiv>
                    <TextStyle fontFamily="Times New Roman" fontSize="10.5" italic="true"/>
                </Word>
                <Word id="w_w2aab1b5b2c15b7b1c15" language="English" custom="readingOrder {index:2;}">
                    <Coords points="1112,5084 1516,5084 1516,5175 1112,5175"/>
                    <TextEquiv>
                        <Unicode>Rathery).</Unicode>
                    </TextEquiv>
                    <TextStyle fontFamily="Times New Roman" fontSize="10.5" italic="true"/>
                </Word>
                <Word id="w_w2aab1b5b2c15b7b2b3" language="English" custom="readingOrder {index:3;}">
                    <Coords points="2920,5048 3005,5048 3005,5121 2920,5121"/>
                    <TextEquiv>
                        <Unicode>10</Unicode>
                    </TextEquiv>
                    <TextStyle fontFamily="Times New Roman" fontSize="10.5"/>
                </Word>
                <Word id="w_w2aab1b5b2c15b7b2b9" language="English" custom="readingOrder {index:4;}">
                    <Coords points="3100,5063 3131,5063 3131,5110 3100,5110"/>
                    <TextEquiv>
                        <Unicode>»</Unicode>
                    </TextEquiv>
                    <TextStyle fontFamily="Times New Roman" fontSize="10.5"/>
                </Word>
                <TextEquiv>
                    <Unicode>taches. (Coll. Rathery). 10 »</Unicode>
                </TextEquiv>
            </TextLine>
            <TextEquiv>
                <Unicode>43511. FONTENAY-MAREUIL (François Duval, marquis de), géné¬
ral et diplomate, auteur de Mémoires. — L. s., avec la
souscript. aut. ; Rome, 31 janvier 1642, 1 p. in-fol. Légères
taches. (Coll. Rathery). 10 »</Unicode>
            </TextEquiv>
        </TextRegion>
        <SeparatorRegion id="r_4" custom="readingOrder {index:17;}">
            <Coords points="2586,5231 3118,5231 3118,5249 2586,5249"/>
        </SeparatorRegion>
        <SeparatorRegion id="r_5" custom="readingOrder {index:18;}">
            <Coords points="1137,5272 1622,5272 1622,5282 1137,5282"/>
        </SeparatorRegion>
        <SeparatorRegion id="r_6" custom="readingOrder {index:19;}">
            <Coords points="1890,5253 2368,5253 2368,5267 1890,5267"/>
        </SeparatorRegion>
        <SeparatorRegion id="r_7" custom="readingOrder {index:20;}">
            <Coords points="0,0 0,0 0,0 0,0"/>
        </SeparatorRegion>
    </Page>
</PcGts>
