3227 5375
1395 46 1769 133 -3-
57 233 305 303 43461.
361 225 805 299 ANTOINE
842 228 977 296 DE
1013 230 1511 315 BOURBON,
1549 236 1671 302 roi
1712 236 1809 304 de
1848 237 2226 320 Navarre,
2264 239 2452 328 père
2492 241 2588 310 de
2629 244 2873 313 Henri
2908 246 3030 317 IV.

547 318 630 386 E.
678 339 770 400 s.,
816 338 1012 388 avec
1051 319 1127 387 la
1168 324 1713 413 souscription
1766 331 1956 409 aut.,
1999 328 2041 395 à
2090 327 2496 400 Sébastien
2538 333 2635 402 de
2685 335 2731 401 F
2741 333 3034 404 Aubes-

420 408 639 500 pine,
704 408 1286 479 ambassadeur
1348 431 1447 480 en
1510 412 1875 503 Espagne
1917 437 1937 502 ;
1997 417 3024 512 Saint-Germain-en-Laye,

426 503 468 569 3
509 496 941 569 décembre
985 499 1185 584 1561,
1228 501 1270 569 2
1303 523 1380 592 p.
1425 501 1776 572 in-folio.
2811 514 2898 582 25
2997 537 3027 579 »

401 670 601 723 Pièce
637 669 1051 732 historique.
1099 669 1151 721 Il
1191 667 1516 724 l’informe
1560 688 1687 739 que
1731 673 1964 744 depuis
1999 694 2068 731 sa
2109 679 2404 734 dernière
2434 682 2618 744 lettre
2649 682 2697 734 il
2727 697 2764 734 a
2796 696 2877 732 eu
2909 695 3036 732 une

335 738 797 792 conversation
827 753 985 791 avec
1016 735 1530 791 l’ambassadeur
1557 740 1931 812 d’Espagne,
1967 747 2081 814 qui
2112 748 2203 799 lui
2230 761 2267 800 a
2298 747 2514 800 donné
2545 748 2679 800 bon
2705 746 2922 813 espoir
2953 761 3036 798 au

337 805 505 873 sujet
551 804 666 858 des
712 804 1071 858 intentions
1104 803 1195 856 du
1228 806 1327 858 roi
1370 804 1726 877 d’Espagne
1770 812 2215 866 relativement
2243 813 2280 865 à
2305 816 2368 867 la
2393 817 2691 868 Navarre.
2722 814 2866 866 Afin
2913 827 3038 875 que

335 875 416 927 M.
471 871 553 926 de
608 873 1029 941 l’Aubespine
1086 871 1214 924 soit
1272 888 1357 927 au
1407 880 1680 931 courant
1726 878 1809 930 de
1857 894 1960 931 ses
2008 880 2362 933 intentions
2410 882 2458 934 il
2510 883 2603 932 lui
2647 879 2878 932 envoie
2926 877 3041 931 des

337 941 764 994 instructions
815 956 935 1008 par
994 955 1086 991 un
1129 942 1423 994 courrier
1458 943 1589 997 très
1634 945 1747 999 sûr
1796 950 1856 999 et
1897 946 1989 997 lui
2035 946 2250 1000 donne
2294 948 2459 1001 dans
2496 951 2657 999 cette
2704 947 2886 996 lettre
2928 945 3043 1006 des

337 1009 763 1061 instructions
808 1006 1140 1074 générales
1179 1023 1348 1077 pour
1378 1011 1439 1064 la
1472 1010 1790 1067 direction
1822 1012 1938 1066 des
1968 1011 2424 1080 négociations.
2470 1030 2495 1066 «
2527 1013 2703 1065 Vous
2731 1011 3040 1064 entendez

336 1076 673 1130 Monsieur
721 1074 804 1128 de
849 1076 1165 1142 Lymoges
1211 1077 1455 1132 mieulx
1497 1096 1624 1146 que
1661 1081 1728 1146 je
1772 1096 1854 1132 ne
1901 1094 2066 1132 vous
2108 1097 2275 1148 puys
2323 1080 2580 1143 escrire,
2626 1092 2878 1130 comme
2914 1084 3048 1132 cest

338 1144 563 1197 affaire
593 1159 660 1195 se
688 1142 845 1210 doyt
868 1158 1157 1210 manyer,
1183 1146 1297 1213 qui
1323 1145 1461 1199 fera
1482 1156 1608 1214 que
1628 1148 1695 1214 je
1722 1163 1873 1201 men
1899 1152 2255 1215 remectray
2279 1163 2317 1200 a
2334 1162 2519 1208 vous,
2543 1146 2656 1211 qui
2676 1144 3045 1199 considérez

337 1212 493 1264 bien
536 1211 716 1264 aussi
762 1225 891 1279 que
930 1226 1069 1265 mes
1105 1212 1607 1280 prédécesseurs
1639 1219 1703 1268 et
1730 1230 1899 1283 moy,
1935 1218 2202 1268 n’avons
2228 1229 2346 1283 pas
2388 1211 2666 1266 actendu
2704 1212 2758 1262 si
2788 1211 3045 1279 longue¬

339 1283 524 1331 ment
557 1279 622 1329 la
653 1279 880 1331 raison
916 1278 1074 1332 d’un
1113 1280 1170 1332 si
1199 1280 1370 1334 beau
1409 1285 1472 1334 et
1508 1284 1563 1336 si
1593 1285 1827 1336 ancien
1859 1286 2187 1350 Royaume
2220 1298 2347 1349 que
2379 1279 2564 1344 celuy
2599 1278 2760 1330 dont
2776 1278 2841 1345 je
2866 1285 3044 1348 porte

336 1348 395 1399 le
423 1346 615 1412 tiltre,
645 1361 817 1415 pour
843 1362 948 1400 me
977 1351 1315 1402 contanter
1346 1348 1427 1406 de
1459 1366 1608 1422 peu,
1636 1366 1718 1403 ne
1755 1350 1835 1403 de
1863 1351 2057 1403 chose
2084 1351 2198 1416 qui
2229 1364 2310 1400 ne
2336 1347 2470 1399 fust
2500 1346 2691 1412 digne
2718 1345 2797 1397 de
2823 1362 2987 1415 moy.
3021 1367 3045 1396 »

62 1520 313 1589 43462.
368 1518 848 1590 ARNOULD
925 1520 1310 1606 (Arthur),
1384 1523 1740 1591 membre
1807 1521 1908 1588 de
1979 1519 2056 1588 la
2141 1519 2582 1587 Commune
2663 1517 2760 1585 de
2837 1518 3042 1599 1871,

429 1608 749 1680 célèbre
802 1612 1288 1682 romancier.
1330 1652 1414 1663 —
1464 1613 1506 1680 3
1554 1611 1606 1680 1.
1666 1632 1734 1677 a.
1792 1632 1852 1678 s.
1888 1632 1906 1693 ;
1964 1606 2326 1692 Genève^
2360 1607 2558 1687 1879,
2614 1608 2700 1677 10
2742 1629 2814 1698 p.
2860 1607 3042 1676 in-8.

2828 1698 2913 1765 15
3008 1722 3041 1765 »

405 1870 880 1924 Intéressantes
924 1872 1145 1923 lettres
1178 1868 1266 1922 où
1302 1871 1351 1922 il
1388 1870 1662 1937 critique
1705 1869 1767 1919 la
1805 1867 2122 1935 politique
2160 1864 2248 1916 du
2280 1865 2447 1932 parti
2490 1864 2890 1933 républicain
2934 1865 3046 1931 qui

337 1939 642 1992 s’attache
673 1940 827 2007 plus
857 1954 985 1992 aux
1016 1937 1494 2017 personnalités
1524 1937 1758 2003 qu’aux
1783 1934 2134 2003 principes.
2171 1949 2198 1983 «
2231 1931 2395 1985 Tant
2422 1948 2545 2000 que
2571 1931 2777 1997 Grévy
2814 1947 2956 1984 sera
2984 1929 3046 1982 là

336 2007 383 2058 il
411 2009 517 2074 n’y
542 2021 704 2060 aura
743 2021 862 2076 pas
890 2006 1058 2075 péril
1095 2022 1177 2057 en
1207 2006 1270 2057 la
1302 2005 1633 2066 demeure,
1675 2004 1841 2054 mais
1867 2001 1933 2067 je
1968 2001 2180 2051 crains
2219 2000 2373 2067 qu’il
2404 2015 2483 2055 ne
2518 2001 2648 2053 s’en
2686 1998 2956 2066 dégoûte
2989 2001 3050 2049 et

335 2090 417 2126 ne
454 2077 588 2127 s’en
620 2075 770 2127 aille
805 2078 951 2143 trop
985 2073 1079 2126 tôt
1103 2088 1274 2142 pour
1298 2075 1357 2125 le
1380 2073 1550 2125 salut
1575 2070 1655 2122 de
1687 2071 1749 2122 la
1783 2067 2212 2136 République.
2253 2084 2278 2117 »

60 2249 308 2320 43463.
366 2247 672 2315 BARNI
726 2247 1035 2333 (Jules),
1091 2244 1579 2336 philosophe
1631 2245 1709 2310 et
1757 2241 2081 2310 homme
2133 2238 2549 2329 politique,
2589 2238 3057 2306 traducteur

426 2336 527 2407 de
568 2337 806 2420 Kant,
849 2336 952 2405 né
991 2337 1038 2404 à
1077 2335 1302 2406 Lille.
1352 2374 1432 2384 —
1467 2334 1552 2401 L.
1597 2353 1666 2401 a.
1713 2352 1774 2399 s.
1815 2351 1916 2401 au
1955 2334 2274 2403 recteur
2309 2329 2408 2398 de
2439 2325 2918 2398 l’Académie
2957 2326 3058 2395 de

427 2430 711 2499 Rouen
745 2452 763 2513 ;
808 2428 1120 2510 Rouen,
1164 2427 1250 2495 27
1292 2422 1722 2494 décembre
1764 2421 1964 2503 1852,
2008 2422 2042 2489 1
2074 2443 2152 2512 p.
2198 2420 2382 2489 in-8.
2882 2417 2926 2483 5
3024 2439 3056 2481 »

400 2612 728 2666 Curieuse
776 2609 990 2663 pièce.
1043 2609 1096 2660 Il
1140 2607 1322 2659 vient
1370 2603 1806 2674 d’apprendre
1857 2617 1983 2669 que
2027 2601 2085 2653 le
2141 2615 2332 2653 cours
2387 2598 2468 2650 de
2523 2594 2937 2666 philosophie
2982 2594 3064 2645 de

328 2680 549 2736 l’école
578 2679 878 2733 normale
906 2679 1089 2733 vient
1115 2674 1314 2730 d’être
1348 2671 1692 2743 suspendu
1724 2676 1786 2726 et
1818 2687 1944 2740 que
1975 2667 2385 2740 l’agrégation
2413 2666 2493 2719 de
2526 2662 2941 2734 philosophie
2970 2664 3068 2715 est

330 2748 734 2821 supprimée.
771 2768 798 2799 <r
847 2749 966 2802 Ces
1011 2761 1311 2799 mesures
1350 2747 1415 2797 et
1454 2745 1551 2796 les
1590 2741 1890 2794 desseins
1929 2738 2194 2806 qu’elles
2237 2735 2638 2803 témoignent
2681 2748 2784 2786 me
2822 2732 3069 2783 tracent

331 2836 441 2873 ma
489 2818 802 2873 conduite
848 2836 860 2871 :
903 2817 971 2885 je
1017 2831 1101 2867 ne
1146 2812 1564 2867 conserverai
1608 2825 1725 2880 pas
1771 2810 2128 2875 davantage
2174 2806 2288 2858 des
2333 2803 2658 2857 fonctions
2704 2798 3064 2852 désormais

332 2905 485 2943 sans
513 2886 761 2956 dignité
796 2890 860 2939 et
888 2901 1042 2940 sans
1069 2880 1592 2953 indépendance.
1628 2879 1700 2931 Je
1726 2878 1913 2931 viens
1949 2876 2119 2928 donc
2150 2889 2315 2926 vous
2347 2874 2649 2924 remettre
2681 2884 2787 2922 ma
2820 2865 3062 2920 démis¬

331 2959 499 3013 sion.
538 2974 566 3010 »

56 3136 302 3206 43464.
360 3129 786 3204 BARRIAS
877 3125 1541 3216 (Louis-Ernest),
1633 3118 1953 3190 célèbre
2029 3116 2467 3206 sculpteur,
2543 3109 2899 3180 membre
2971 3105 3069 3175 de

419 3222 917 3296 l’Académie
958 3221 1102 3291 des
1148 3213 1662 3289 Beaux-Arts.
1708 3253 1792 3261 —
1829 3210 1916 3281 L.
1962 3231 2030 3280 a.
2078 3230 2138 3278 s.
2176 3229 2192 3292 ;
2247 3208 2314 3275 2.
2370 3227 2448 3296 p.
2505 3204 2622 3287 1/2
2669 3198 2852 3269 in-8.
2907 3198 3074 3266 Peu

422 3338 817 3390 commun.
2852 3289 2940 3358 10
3040 3310 3074 3354 »

57 3496 303 3569 43465.
363 3494 627 3564 BART
669 3492 958 3577 (Jean),
1004 3508 1114 3558 un
1150 3484 1294 3556 des
1334 3481 1522 3575 plus
1550 3479 1910 3550 illustres
1952 3479 2028 3544 et
2066 3473 2250 3564 plus
2278 3466 2744 3560 populaires
2770 3460 3078 3532 marins

423 3587 524 3658 de
611 3584 688 3655 la
765 3585 1107 3665 France,
1176 3575 1279 3650 né
1340 3577 1387 3645 à
1466 3570 1989 3661 Dunkerque.
2068 3604 2152 3614 —
2208 3563 2292 3631 P.
2388 3580 2424 3628 s
2462 3580 2481 3642 ;
2556 3554 3079 3644 Dunkerque,

420 3681 512 3752 29
562 3678 774 3751 avril
829 3675 1035 3758 1680,
1079 3674 1121 3743 2
1161 3693 1241 3766 p.
1293 3666 1551 3739 in-fol.
1607 3661 1785 3736 Très
1825 3682 2007 3731 rare
2049 3676 2185 3727 sur
2203 3651 2509 3744 papier.
2861 3644 2949 3716 80
3051 3667 3085 3712 »

400 3866 706 3920 Superbe
761 3860 974 3918 pièce.
1030 3860 1177 3912 Etat
1226 3855 1344 3909 des
1397 3853 1616 3906 vivres
1674 3846 1832 3918 qu’il
1879 3843 2020 3897 faut
2062 3837 2458 3905 embarquer
2512 3831 2680 3887 dans
2730 3832 2794 3884 la
2843 3827 3089 3897 frégate

331 3934 607 3991 Sorcière
615 3978 627 4001 ,
664 3926 1103 3987 commandée
1138 3942 1259 3998 par
1285 3925 1345 3979 le
1380 3918 1708 3993 capitaine
1739 3917 1901 3970 Jean
1929 3912 2097 3965 Bart.

55 4115 303 4189 43466.
361 4112 775 4186 BAUDRY
848 4108 1136 4198 (Paul),
1216 4104 1290 4173 le
1368 4097 1690 4173 célèbre
1764 4087 2100 4185 peintre.
2176 4124 2258 4133 —
2328 4083 2414 4152 L.
2494 4102 2564 4151 a.
2640 4101 2702 4149 s.
2750 4100 2768 4162 ;
2842 4074 3094 4156 Paris,

429 4209 516 4278 18
551 4206 716 4278 mai
761 4204 969 4287 1860,
1014 4202 1047 4271 1
1096 4220 1175 4294 p.
1220 4194 1408 4269 in-8.
1454 4193 1686 4264 Rare.
2876 4167 2962 4238 10
3062 4190 3094 4233 »

402 4383 572 4438 Jolie
606 4383 794 4437 lettre
837 4377 924 4435 où
958 4377 1004 4433 il
1041 4392 1109 4430 se
1156 4372 1376 4429 refuse
1409 4367 1447 4423 à
1480 4365 1704 4437 porter
1731 4373 1860 4414 une
1885 4350 2342 4427 appréciation
2371 4365 2487 4405 sur
2518 4364 2641 4403 son
2672 4359 2915 4401 œuvre.
2967 4358 2992 4393 «
3038 4338 3102 4395 Si

324 4455 394 4525 je
421 4469 591 4509 vous
625 4452 858 4520 disais,
900 4463 1162 4505 comme
1189 4445 1326 4515 j’en
1357 4439 1422 4497 ai
1453 4432 1692 4491 l’envie
1720 4441 1733 4453 '

578 4542 605 4578 «
645 4525 782 4579 Mes
817 4520 1017 4596 petits
1055 4520 1206 4573 sont
1231 4513 1542 4581 mignons

577 4612 603 4649 «
644 4597 890 4659 Beaux,
915 4592 1076 4647 bien
1108 4587 1263 4643 faits
1294 4587 1357 4637 et
1381 4577 1539 4649 jolis
1576 4588 1691 4628 sur
1716 4574 1865 4624 tous
1899 4569 2080 4621 leurs
2114 4575 2586 4634 compagnons,

321 4667 390 4737 je
426 4666 717 4721 n’aurais
757 4665 932 4738 plus,
976 4677 1061 4718 en
1104 4672 1217 4714 cas
1261 4652 1346 4708 de
1377 4646 1865 4706 mésaventure,
1910 4639 1971 4693 le
2015 4635 2194 4692 droit
2235 4634 2318 4691 de
2351 4649 2458 4688 me
2501 4626 2802 4702 plaindre
2835 4625 2898 4678 et
2929 4621 3101 4684 c’est,

329 4752 499 4792 vous
539 4739 600 4792 le
642 4732 1122 4798 reconnaîtrez,
1171 4730 1363 4782 notre
1409 4718 1553 4775 seul
1597 4727 1887 4779 recours,
1935 4724 2206 4764 recours
2236 4706 2395 4762 bien
2421 4700 2753 4766 innocent,
2790 4695 3012 4749 contre
3042 4689 3107 4742 la

329 4808 632 4881 critique.
684 4824 710 4861 »
755 4803 787 4868 \

54 4977 310 5053 43467.
366 4953 917 5052 BÉRANGER
989 4963 1545 5064 (Pierre-Jean
1608 4953 1771 5049 de),
1830 4951 1907 5025 le
1972 4947 2297 5027 célèbre
2370 4932 2946 5023 chansonnier.
3026 4968 3112 4980 —

426 5073 513 5152 L.
560 5094 631 5150 a.
680 5094 745 5149 s.
784 5095 803 5165 ;
853 5073 886 5148 1
925 5092 1006 5169 p.
1047 5061 1240 5142 in-8,
2930 5023 2976 5099 3
3077 5048 3109 5096 v
