3215 5412
1466 139 1552 151 -
1604 97 1649 173 5
1698 144 1784 156 -

472 284 800 357 bataille
842 285 1110 361 d’Iéna
1152 311 1252 363 en
1284 296 1486 370 1806.
1524 342 1596 350 —
1650 302 1692 371 8
1734 304 1782 373 1.
1832 325 1932 388 a.,
1978 324 2077 377 en
2113 304 2465 397 français
2495 307 2693 381 dont
2721 310 2759 381 7
2795 312 3136 405 signées,

472 402 574 449 au
638 377 964 452 célèbre
1022 384 1468 478 diplomate
1528 396 1842 485 anglais
1896 397 2256 471 William
2317 403 2728 477 Hamilton
2769 433 2798 496 ;
2859 408 3036 480 1766
3089 410 3134 483 à

470 472 676 558 1769,
720 473 811 543 42
846 494 928 568 p.
972 476 1141 548 in-4
1174 501 1280 551 ou
1322 483 1516 569 in-8,
1562 488 2061 587 enveloppes
2109 500 2187 565 et
2227 498 2577 569 cachets.
2869 502 3001 572 100
3101 532 3131 569 »

447 633 838 691 Important
883 641 1177 696 dossier.
1222 642 1465 701 Toutes
1513 663 1620 703 ces
1652 651 1874 706 lettres
1913 660 2029 709 ont
2061 655 2159 710 été
2199 656 2429 714 écrites
2467 664 2666 714 avant
2702 659 3137 716 l’avènement

379 702 470 759 du
499 706 746 774 prince.
782 706 957 763 Elles
986 708 1286 767 donnent
1323 714 1819 777 d’intéressants
1854 722 2087 780 détails
2123 743 2237 781 sur
2268 744 2372 783 ses
2406 742 2685 799 voyages
2717 729 2756 785 à
2788 730 3031 800 Naples
3068 736 3132 785 et

379 773 418 829 à
451 774 654 827 Paris.
693 775 794 829 On
830 792 873 845 y
903 782 1137 834 trouve
1182 780 1300 836 des
1337 787 1692 844 anecdotes
1724 794 2060 849 curieuses
2102 813 2215 850 sur
2258 797 2338 852 de
2382 799 2622 868 grands
2664 813 3133 870 personnages,

377 860 508 897 une
536 845 855 927 piquante
888 847 1344 919 appréciation
1378 872 1493 909 sur
1517 858 1613 913 les
1645 860 1925 918 femmes
1960 881 2041 919 en
2068 865 2348 935 général,
2392 873 2509 923 etc,
2549 870 2634 921 Le
2668 869 2798 922 duc
2835 868 3017 938 parle
3049 868 3130 922 de

378 929 568 967 vases
603 914 951 985 étrusques
981 922 1043 973 et
1074 919 1403 979 demande
1431 929 1880 996 qu’Hamilton
1910 934 2005 988 lui
2039 936 2272 988 envoie
2306 940 2448 990 tout
2472 953 2543 991 ce
2577 940 2692 1006 qui
2726 936 3015 1007 paraîtra
3049 938 3130 991 de

378 984 550 1037 beau
583 1001 666 1037 en
699 988 1032 1057 musique.
1062 1021 1131 1028 —
1156 992 1334 1047 Dans
1367 1012 1499 1051 une
1537 999 1722 1055 lettre
1768 1001 1955 1056 datée
1995 1004 2078 1056 de
2110 1006 2515 1071 Brunswick,
2563 1007 2623 1059 le
2654 1009 2723 1060 20
2758 1006 2926 1058 avril
2973 1006 3128 1070 1769,

380 1053 428 1106 il
452 1052 572 1106 fait
601 1056 662 1108 le
696 1059 976 1120 portrait
1002 1058 1093 1113 du
1131 1061 1230 1114 roi
1270 1062 1352 1118 de
1386 1066 1763 1126 Danemark
1794 1072 1909 1141 qui
1942 1078 2041 1126 est
2071 1089 2246 1126 venu
2279 1073 2445 1127 dans
2478 1079 2641 1128 cette
2674 1074 2847 1127 ville.
2886 1092 2913 1126 «
2953 1074 3003 1128 Il
3035 1082 3132 1129 est

380 1121 463 1176 de
501 1123 565 1177 la
601 1124 779 1178 taille
819 1142 1078 1183 comme
1121 1132 1293 1186 celui
1331 1133 1413 1188 de
1452 1138 1691 1208 Naples
1729 1140 1929 1194 l’étoit
1964 1143 2229 1210 lorsque
2255 1142 2322 1209 je
2354 1144 2460 1196 l’ai
2490 1160 2598 1196 vu.
2630 1144 2681 1196 Il
2716 1159 2755 1196 a
2784 1143 3126 1215 beaucoup

381 1191 669 1263 d’esprit.
709 1196 867 1248 L’on
899 1213 981 1250 ne
1015 1204 1174 1268 peut
1199 1199 1334 1257 être
1362 1205 1510 1274 plus
1538 1209 1673 1277 poli
1707 1211 1864 1279 qu’il
1895 1211 1917 1263 1
1938 1215 2054 1277 est,
2085 1216 2148 1263 et
2177 1212 2226 1263 il
2258 1216 2356 1264 est
2379 1212 2743 1281 beaucoup^
2757 1212 2905 1280 plus
2943 1214 3127 1282 porté

380 1278 552 1335 pour
600 1264 637 1316 F
641 1264 1021 1334 Angleterre
1071 1284 1198 1337 que
1253 1289 1424 1343 pour
1470 1276 1533 1330 la
1582 1277 1849 1347 France,
1894 1281 2226 1349 pourquoi
2276 1280 2322 1332 il
2365 1296 2404 1333 a
2446 1279 2648 1348 gagné
2697 1295 2828 1332 une
2883 1283 3125 1350 grande

379 1332 753 1403 popularité
779 1335 885 1389 ici.
923 1353 949 1391 »

107 1471 355 1545 43478.
411 1472 734 1544 BULOZ
763 1475 1243 1568 (François),
1275 1482 1349 1552 le
1377 1481 1811 1556 fondateur
1837 1487 1937 1556 de
1965 1488 2041 1559 la
2072 1488 2326 1563 Revue
2354 1487 2488 1558 des
2512 1485 3119 1581 Deux-Mondes,

473 1564 885 1637 directeur
923 1567 1033 1639 du
1083 1571 1427 1645 Théâtre
1471 1575 1849 1668 français.
1895 1621 1979 1629 —
2032 1580 2120 1649 13
2157 1580 2209 1647 1.
2255 1600 2325 1647 a.
2369 1579 2414 1646 à
2451 1579 2553 1646 M.
2595 1577 2695 1649 de
2735 1580 3119 1665 Forcade,

471 1656 561 1728 30
599 1681 679 1751 p.
725 1660 915 1730 in-8.
2897 1672 2983 1741 10
3087 1700 3115 1739 »

447 1803 923 1862 Intéressantes
967 1810 1190 1864 lettres
1228 1816 1442 1867 toutes
1481 1812 1786 1870 relatives
1822 1817 1862 1871 à
1896 1816 1961 1871 la
1992 1816 2469 1871 collaboration
2500 1817 2582 1870 de
2614 1818 2694 1873 M.
2724 1817 2807 1872 de
2831 1818 3118 1874 Forcade

376 1873 414 1928 à
444 1875 509 1928 la
540 1875 745 1930 Revue
771 1878 875 1931 des
907 1878 1384 1936 Deux-Mondes.

105 2011 355 2084 43479.
409 2015 747 2088 BYRON
805 2020 1091 2108 (Noël),
1141 2020 1513 2094 l’illustre
1569 2025 1805 2118 poète
1869 2022 2206 2115 anglais.
2250 2064 2334 2076 —
2388 2023 2472 2096 L.
2528 2047 2598 2096 a.
2650 2050 2712 2097 s.
2758 2030 2800 2098 à
2840 2026 3114 2120 Henry

469 2106 843 2179 Webster
872 2136 891 2199 ;
955 2113 1273 2199 Venise,
1325 2116 1417 2184 28
1473 2138 1689 2186 mars
1743 2119 1943 2200 1818,
1985 2122 2031 2187 2
2067 2140 2146 2209 p.
2202 2116 2386 2188 in-4.
2438 2118 2760 2211 Coupée
2804 2121 3008 2190 dans
3040 2121 3114 2190 le

472 2200 620 2271 bas
660 2202 770 2269 du
808 2204 1166 2294 premier
1202 2202 1536 2291 feuillet,
1592 2208 1690 2278 de
1736 2213 1950 2278 sorte
1992 2210 2187 2299 qu’il
2227 2231 2573 2302 manque
2613 2211 2823 2280 deux
2855 2211 3113 2300 lignes

472 2312 576 2361 au
616 2314 856 2365 verso
898 2300 976 2363 et
1002 2316 1104 2363 au
1144 2299 1392 2368 recto.
1446 2298 1624 2369 Très
1664 2321 1868 2368 rare.
2887 2303 2977 2370 40
3079 2326 3109 2367 »

446 2436 883 2493 Intéressante
905 2441 1091 2495 lettre
1114 2444 1382 2498 relative
1402 2444 1440 2497 à
1461 2444 1578 2497 des
1597 2446 1934 2516 peintures
1956 2446 2118 2499 dont
2137 2448 2184 2499 il
2206 2463 2273 2499 se
2289 2446 2520 2516 charge
2539 2446 2796 2501 défaire
2813 2445 3113 2501 exécuter

375 2506 493 2559 des
525 2508 767 2577 copies.
805 2510 857 2562 Il
887 2510 947 2563 le
972 2513 1116 2580 prie
1149 2511 1231 2564 de
1261 2513 1323 2566 le
1349 2514 1653 2584 rappeler
1674 2531 1761 2567 au
1787 2516 2101 2567 souvenir
2125 2515 2207 2567 de
2235 2531 2338 2569 ses
2363 2516 2531 2569 amis
2563 2517 3018 2584 d’Angleterre.

103 2643 347 2718 43480.
405 2645 1031 2721 CAGLIOSTRO
1093 2651 1527 2743 (Giuseppe
1565 2652 1979 2737 Balsamo,
2033 2652 2208 2743 dit),
2270 2654 2346 2724 le
2408 2651 2730 2727 fameux
2786 2660 3114 2728 aventu¬

467 2740 657 2809 rier.
717 2782 801 2790 —
849 2741 933 2811 L.
991 2764 1063 2811 a.
1121 2744 1165 2811 à
1215 2764 1303 2813 sa
1347 2744 1643 2815 femme
1675 2767 1693 2830 ;
1757 2747 1799 2814 4
1847 2743 2174 2829 février,
2216 2746 2260 2815 2
2296 2768 2374 2838 p.
2426 2744 2612 2816 in-4.
2676 2745 2856 2816 Très
2904 2769 3112 2817 rare.

2841 2839 2976 2908 100
3079 2864 3110 2903 »

442 2978 754 3033 Curieuse
798 2978 983 3035 lettre
1022 2983 1277 3050 intime,
1326 2983 1413 3036 où
1451 2984 1500 3037 il
1543 2981 1708 3037 rend
1744 2977 1966 3052 grâces
2009 3001 2138 3038 aux
2178 2981 2348 3038 amis
2384 2982 2500 3053 qui
2537 2989 2866 3053 prennent
2894 2991 3041 3056 part
3077 2983 3115 3039 à

373 3046 549 3100 leurs
593 3048 864 3103 intérêts
909 3067 1280 3104 communs.
1325 3069 1351 3104 «
1391 3052 1443 3104 Il
1484 3052 1624 3105 faut
1665 3052 1809 3105 leur
1852 3051 1993 3105 dire
2038 3065 2165 3121 que
2199 3069 2367 3106 nous
2394 3070 2477 3105 ne
2512 3068 2798 3106 sommes
2845 3070 2960 3123 pas
2996 3055 3112 3106 des

373 3118 701 3186 capucins.
743 3136 770 3169 »
805 3114 1278 3188 Témoignages
1306 3120 1387 3173 de
1419 3119 1783 3174 tendresse.

107 3251 353 3324 43481.
409 3255 1101 3329 CAILLEBOTTE
1149 3260 1587 3346 (Gustave),
1639 3259 1983 3351 peintre,
2041 3280 2150 3327 un
2204 3258 2348 3328 des
2402 3258 2624 3328 chefs
2680 3259 2778 3328 de
2828 3254 3106 3328 l’école

463 3346 1199 3440 impressionniste.
1247 3392 1329 3400 —
1387 3353 1473 3420 L.
1523 3371 1593 3420 a.
1663 3371 1725 3419 s.
1781 3351 1827 3418 à
1877 3371 1987 3418 un
2050 3350 2394 3439 critique
2458 3348 2704 3438 d’art;
2760 3350 2846 3417 17
2904 3347 3108 3420 avril

467 3439 671 3526 1879,
713 3441 757 3510 3
787 3463 867 3533 p.
913 3441 1101 3511 in-8.
2928 3440 2972 3507 5
3070 3465 3104 3506 »

441 3586 492 3638 Il
523 3587 583 3640 le
610 3589 926 3643 remercie
960 3589 1213 3643 d’avoir
1236 3586 1375 3660 pris
1408 3588 1471 3642 la
1502 3585 1771 3643 défense
1800 3588 1881 3641 de
1914 3587 2137 3642 l’école
2169 3587 2759 3659 impressionniste.

108 3718 350 3793 43482.
408 3724 910 3798 CAROLINE
950 3726 1578 3810 D’AUTRICHE,
1634 3729 1858 3799 reine
1910 3725 2010 3797 de
2055 3726 2375 3817 Naples,
2419 3745 2641 3793 sœur
2679 3724 2777 3795 de
2817 3724 3063 3795 Marie
3071 3764 3101 3833 ;

464 3818 948 3903 Antoinette,
980 3819 1284 3911 épouse
1314 3819 1412 3890 de
1440 3819 1902 3889 Ferdinand
1930 3819 2051 3901 IV,
2081 3816 2437 3886 fameuse
2467 3835 2617 3905 par
2657 3836 2741 3885 sa
2771 3812 3101 3885 cruauté

465 3915 541 3978 et
593 3931 743 4000 par
789 3909 867 3978 la
917 3910 1203 3981 faveur
1251 3911 1541 4001 qu’elle
1593 3909 1939 3981 accorda
1977 3910 2024 3977 à
2062 3910 2316 3977 Acton
2358 3910 2435 3975 et
2472 3908 2519 3975 à
2566 3905 2754 3997 lady
2796 3905 3100 3975 Hamil¬

463 4002 629 4068 ton.
671 4043 753 4050 —
795 4003 879 4071 L.
925 4024 995 4071 a.
1041 4024 1137 4085 s.,
1181 4023 1281 4073 en
1319 4001 1699 4091 français,
1743 4003 1789 4070 à
1827 4019 1985 4069 une
2017 3998 2226 4067 amie
2258 4018 2276 4081 ;
2330 3996 2720 4081 Palerme,
2770 3997 2858 4067 23
2896 3998 3102 4067 avril

467 4091 669 4175 1809,
709 4094 755 4161 2
793 4114 871 4185 p.
915 4095 1105 4164 in-4.
2832 4087 2964 4156 100
3066 4112 3096 4153 »

439 4246 737 4305 Superbe
793 4261 1067 4317 lettre,
1120 4249 1208 4305 où
1256 4247 1378 4305 elle
1431 4268 1499 4304 se
1548 4248 1759 4320 plaint
1806 4246 1887 4300 de
1939 4262 2010 4300 sa
2059 4245 2518 4300 malheureuse
2564 4245 2894 4311 situation,
2944 4262 2970 4296 «
3018 4260 3101 4297 ne

369 4323 679 4385 pouvant,
728 4321 797 4373 ni
841 4325 1039 4389 ayant
1074 4319 1444 4373 l’authorité
1488 4319 1570 4372 de
1613 4318 1776 4371 faire
1818 4317 1877 4367 le
1920 4314 2078 4368 bien
2121 4319 2185 4367 et
2218 4319 2482 4383 portant
2522 4315 2948 4383 injustement
2988 4328 3102 4366 sur

371 4398 509 4437 mes
551 4385 817 4458 épaules
861 4393 1004 4442 tout
1041 4390 1100 4441 le
1145 4387 1363 4443 blâme
1407 4388 1498 4441 du
1545 4388 1675 4440 mal
1707 4401 1755 4436 ».
1800 4385 1885 4435 Le
1914 4382 2043 4435 duc
2075 4381 2412 4437 d’Orléans
2450 4382 3029 4461 (Louis-Philippe)
3062 4396 3098 4433 a

367 4453 559 4520 passé
596 4457 880 4524 quelque
913 4463 1126 4527 temps
1158 4472 1315 4511 avec
1348 4456 1470 4509 elle
1506 4455 1545 4508 à
1584 4454 1878 4507 Palerme
1917 4454 1981 4503 et
2022 4452 2071 4504 il
2101 4455 2199 4504 est
2229 4453 2399 4521 parti
2431 4467 2601 4518 pour
2632 4451 2924 4517 Caglian.
2963 4449 3098 4501 Elle

370 4522 676 4577 voudrait
735 4527 881 4578 voir
934 4527 994 4578 le
1049 4523 1313 4594 général
1362 4526 1591 4588 Stuart,
1651 4537 1760 4574 car
1809 4520 1867 4572 le
1917 4525 2214 4572 moment
2258 4525 2355 4574 est
2400 4519 2640 4573 décisif
2681 4523 2745 4570 et
2798 4534 2884 4569 on
2942 4521 3102 4585 peut

368 4587 630 4659 espérer
663 4610 789 4661 que
820 4597 965 4648 tout
995 4596 1319 4662 changera
1344 4608 1426 4645 en
1458 4592 1635 4654 bien,
1666 4603 1818 4642 sans
1845 4589 2003 4655 quoi
2034 4589 2336 4659 l’Europe
2369 4593 2467 4643 est
2496 4586 2765 4657 perdue.

101 4715 345 4801 43483.
401 4726 811 4801 CASELLI
853 4731 1341 4819 (Giovanni),
1383 4726 1809 4822 physicien
1851 4725 2156 4809 italien,
2200 4728 2628 4799 inventeur
2676 4723 2864 4792 d’un
2912 4718 3100 4792 télé¬

459 4822 759 4911 graphe
813 4822 1283 4914 électrique,
1337 4815 1631 4909 adopté
1679 4836 1779 4885 en
1837 4817 2142 4887 France
2194 4839 2292 4888 en
2348 4815 2548 4887 1865.
2592 4852 2676 4864 —
2724 4813 2806 4882 P.
2864 4832 2936 4879 a.
2982 4833 3044 4880 s.
3076 4835 3096 4896 ;

458 4909 712 4998 Paris,
752 4915 845 4984 24
880 4934 1101 4985 mars
1138 4913 1344 4997 1860,
1386 4913 1423 4980 1
1468 4930 1546 4999 p.
1586 4907 1830 4977 in-12.
2915 4902 2962 4969 6
3061 4928 3092 4966 »

436 5063 754 5121 Souvenir
794 5069 1060 5125 adressé
1096 5070 1134 5124 à
1172 5065 1383 5123 l’abbé
1428 5064 1684 5131 Moigno
1719 5067 1781 5116 et
1825 5065 2166 5137 reproduit
2203 5082 2322 5148 par
2360 5061 2690 5135 l’appareil
2730 5059 2810 5113 de
2838 5058 3096 5121 Caselli,

369 5133 482 5198 qui
509 5133 784 5191 donnait
808 5155 891 5193 en
924 5140 1207 5209 quelque
1241 5139 1412 5191 sorte
1445 5149 1537 5187 un
1568 5132 1917 5188 fac-similé
1950 5134 2031 5187 de
2060 5134 2400 5191 l’écriture.

2822 5270 2847 5321 1
