3132 5331
1407 192 1491 205 -
1547 144 1592 220 4
1614 162 1620 167 ■
1641 185 1725 199 —

94 390 332 465 43468.
390 377 640 457 BERT
692 365 968 458 (Paul),
1017 354 1334 430 célèbre
1389 349 1674 418 savant
1725 345 1802 412 et
1847 339 2179 409 homme
2233 339 2514 415 d’Etat.
2560 386 2642 398 —
2684 352 2766 424 L.
2806 379 2874 429 a.
2920 384 2980 435 s.
3024 370 3068 442 à

445 492 549 544 un
591 454 877 553 député
905 478 919 543 ;
963 448 1215 531 Paris,
1259 444 1343 515 21
1377 437 1647 533 juillet
1687 433 1891 516 1882,
1929 432 1973 502 4
2009 454 2089 523 p.
2121 432 2310 502 in-8.
2853 453 2936 525 10
3031 487 3061 529 >'

423 632 739 683 Curieuse
779 615 987 672 pièce.
1036 612 1088 665 Il
1119 625 1200 664 ne
1245 605 1410 662 croit
1456 615 1573 671 pas
1620 596 1778 666 qu’il
1828 593 2261 664 appartienne
2308 593 2344 647 à
2389 596 2532 650 leur
2574 600 2945 668 génération
2987 617 3065 675 de

356 698 614 768 séparer
654 687 903 756 l’Eglise
948 681 1169 738 d’avec
1215 670 1415 732 l’État.
1472 671 1522 723 Il
1569 671 1667 722 est
1708 665 1916 718 d’avis
1961 662 2042 715 de
2083 662 2258 716 tenir
2303 663 2499 719 d’une
2531 671 2710 725 main
2747 674 2946 737 ferme
2978 701 3062 742 un

356 762 558 832 clergé
596 759 911 828 puissant,
956 750 1335 811 ambitieux,
1381 740 1614 795 maître
1658 736 1775 789 des
1821 733 2004 791 âmes
2036 749 2159 802 par
2188 732 2252 785 la
2284 736 2538 788 terreur
2569 742 2631 791 et
2658 740 3062 824 l’espérance,

357 852 383 887 «
422 848 502 886 en
534 825 868 884 attendant
898 837 1024 893 que
1059 814 1450 873 l’éducation
1489 806 1736 862 morale
1783 807 1845 856 et
1886 802 2168 869 civique,
2220 800 2440 856 entrée
2495 804 2702 862 d’hier
2744 811 2904 871 dans
2949 837 3064 880 nos

356 900 581 963 écoles,
620 897 710 951 ait
739 892 1005 964 produit
1041 888 1156 942 des
1182 880 1593 956 générations
1631 875 1833 927 libres
1873 873 1937 924 et
1979 871 2223 936 viriles,
2260 872 2563 942 capables
2598 875 2677 931 de
2710 880 2940 942 braver
2975 892 3064 948 les

356 982 654 1024 menaces
681 968 743 1021 et
767 965 859 1017 les
892 970 1263 1033 promesses
1291 948 1650 1021 également
1684 939 2149 1009 chimériques.
2184 956 2210 990 »

92 1122 334 1196 43469.
390 1118 686 1191 BIRON
744 1112 1098 1202 (Charles
1150 1094 1248 1176 de
1306 1092 2010 1177 Gontaut-Biron,
2080 1092 2238 1163 duc
2303 1091 2459 1179 de),
2503 1096 2903 1176 maréchal
2965 1108 3059 1181 de

452 1213 780 1289 France,
846 1202 1100 1275 favori
1160 1188 1486 1268 d’Henri
1543 1188 1640 1258 IV
1693 1184 1890 1277 qu’il
1951 1184 2223 1267 trahit,
2292 1183 2657 1279 décapité
2706 1213 2802 1262 en
2860 1197 3052 1272 1602.

453 1345 535 1353 —
573 1302 655 1370 P.
695 1322 755 1367 s.
793 1321 809 1382 ;
853 1294 1099 1376 Paris,
1131 1291 1217 1359 22
1245 1280 1685 1357 novembre
1713 1278 1985 1359 1599,1
2019 1300 2097 1369 p.
2137 1275 2486 1348 in-folio.
2518 1276 2744 1351 Rare.
2844 1288 2928 1357 25
3024 1317 3054 1359 »

431 1458 834 1516 Ratification
875 1454 990 1507 des
1032 1447 1286 1503 articles
1330 1443 1420 1496 du
1465 1443 1717 1493 contrat
1765 1437 1846 1489 de
1892 1437 2178 1510 mariage
2223 1434 2318 1494 de.
2353 1452 2474 1489 son
2513 1436 2682 1492 frère
2728 1442 2934 1500 Jehan
2978 1448 3056 1503 de

365 1531 641 1582 Contant
663 1525 744 1579 de
775 1524 970 1576 Biron
1000 1532 1154 1572 avec
1179 1510 1556 1581 Jacqueline
1584 1508 1668 1561 de
1705 1507 1987 1560 Contant
2012 1505 2092 1558 de
2121 1505 2590 1561 Saint-Geniès.

105 1690 345 1759 43470.
399 1684 715 1757 BLANC
779 1680 1103 1768 (Louis),
1167 1672 1483 1744 célèbre
1535 1672 1861 1739 homme
1919 1667 2342 1758 politique,
2404 1667 2794 1740 historien
2846 1674 2940 1744 de
2988 1676 3062 1747 la

456 1773 929 1845 Révolution
988 1766 1404 1854 française.
1468 1804 1548 1811 —
1624 1763 1708 1830 L.
1772 1782 1840 1829 a.
1900 1781 1962 1828 s.
2026 1759 2071 1828 à
2128 1758 2393 1828 Henri
2447 1760 2709 1850 Heine
2739 1785 2753 1850 ;
2815 1767 3059 1852 Paris,

452 1868 541 1936 24
567 1862 1015 1953 septembre
1056 1858 1257 1940 1840,
1303 1883 1335 1924 i
1377 1877 1455 1946 p.
1494 1854 1681 1922 in-4.
2853 1857 2936 1927 10
3032 1884 3062 1925 »

435 2024 750 2079 Curieuse
793 2018 998 2072 pièce.
1047 2018 1097 2067 Il
1140 2016 1232 2068 lui
1265 2028 1563 2067 annonce
1598 2027 1725 2079 que
1740 2011 1825 2063 /la
1857 2011 2100 2063 lecture
2136 2007 2216 2061 de
2251 2010 2572 2077 quelques
2617 2012 2885 2080 pensées
2923 2031 3063 2069 con¬

366 2095 590 2143 tenues
634 2087 798 2140 dans
833 2101 935 2140 ses
973 2086 1383 2137 charmantes
1414 2081 1754 2134 fantaisies
1779 2079 1874 2131 lui
1912 2094 1950 2131 a
1981 2075 2234 2147 prouvé
2273 2078 2430 2146 qu’il
2461 2095 2543 2133 ne
2576 2083 2922 2148 partageait
2951 2100 3060 2153 pas

368 2174 467 2210 ses
500 2155 865 2208 tendances.
897 2156 947 2207 Il
980 2153 1099 2204 cite
1126 2149 1377 2205 celle-ci
1410 2168 1422 2201 :
1459 2167 1485 2200 «
1514 2149 1565 2200 A
1592 2149 1747 2217 quoi
1780 2148 1914 2199 bon
1946 2150 2085 2199 tant
2111 2146 2192 2198 de
2221 2150 2552 2199 tourment
2583 2151 2611 2199 ?
2642 2148 2874 2203 J’aurai
2903 2152 3060 2206 beau

364 2242 468 2277 me
508 2224 791 2277 sacrifier
831 2238 999 2291 pour
1039 2221 1098 2272 le
1142 2221 1312 2272 salut
1341 2216 1621 2287 général,
1668 2217 1821 2284 quel
1863 2220 2177 2283 avantage
2216 2230 2300 2268 en
2331 2214 2779 2268 résulterait-il
2817 2235 2977 2287 pour
3005 2222 3061 2273 le

366 2292 605 2345 monde
636 2295 664 2342 ?
697 2307 722 2341 »
762 2291 814 2343 11
854 2291 947 2342 lui
980 2288 1232 2341 déclare
1271 2287 1426 2355 qu’il
1459 2302 1540 2338 ne
1574 2290 1731 2354 peut
1762 2283 2015 2337 insérer
2053 2284 2134 2336 de
2168 2285 2565 2337 semblables
2604 2285 2871 2354 pensées
2903 2287 3061 2341 dans

367 2377 493 2413 une
526 2374 720 2413 revue
759 2359 871 2425 qui
910 2358 1210 2427 s’appelle
1248 2357 1305 2408 le
1351 2355 1630 2422 Progrès.
1671 2372 1695 2405 «
1741 2354 2183 2406 Voulez-vous
2224 2354 2457 2422 qu’elle
2500 2369 2567 2407 se
2602 2353 2844 2407 suicide
2876 2359 2903 2407 ?
2945 2372 2969 2409 »
3015 2357 3064 2408 Il

366 2429 638 2480 termine
667 2443 748 2478 en
776 2426 1146 2479 souhaitant
1167 2440 1237 2477 sa
1268 2423 1625 2493 prochaine
1654 2423 2065 2483 conversion.

104 2577 344 2647 43471.
400 2576 654 2645 BLOY
704 2574 1006 2660 (Léon),
1056 2572 1486 2643 secrétaire
1538 2572 1638 2641 de
1690 2573 2004 2662 Barbey
2058 2571 2579 2662 d’Aurévilly,
2623 2572 3067 2642 romancier

458 2666 641 2735 d’un
713 2665 961 2746 talent
1031 2664 1395 2755 original.
1447 2706 1541 2732 .—
1606 2656 1691 2733 L.
1753 2685 1823 2733 a.
1893 2685 1955 2732 s.
2023 2665 2069 2732 à
2129 2667 2227 2733 M.
2295 2663 2682 2734 d’Hubert
2728 2689 2744 2752 ;
2820 2664 3062 2747 Paris,

457 2759 499 2825 6
537 2757 865 2826 octobre
903 2756 1103 2840 1890,
1145 2754 1187 2824 2
1227 2778 1301 2846 p.
1341 2755 1527 2825 in-8.
1575 2756 1963 2825 Curieuse.
2896 2758 2936 2824 3
3032 2781 3060 2818 »

104 2922 344 2998 43472.
400 2923 1063 2997 BOUCHEREAU
1108 2927 2006 3016 (Augustin-François),
2062 2925 2357 3016 député
2419 2927 2517 2996 de
2571 2929 2861 2995 l’Aisne
2915 2927 2955 2995 à
2993 2926 3067 2992 la

458 3018 981 3101 Convention,
1036 3016 1137 3086 né
1186 3020 1231 3087 à
1276 3018 2117 3088 Troizelet-Chatillon
2178 3019 2508 3106 (Aisne),
2555 3060 2636 3070 —
2689 3020 2772 3087 L.
2827 3040 2894 3087 a.
2951 3039 3012 3084 s.
3045 3039 3064 3099 ;

459 3109 815 3199 Chauny,
859 3110 943 3176 17
983 3107 1397 3191 nivôse.au
1437 3109 1525 3192 V,
1569 3111 1603 3176 1
1643 3131 1719 3200 p.
1763 3110 1949 3178 in-4.
2898 3109 2940 3176 5
3036 3130 3066 3173 »

435 3267 641 3319 Lettre
668 3265 930 3319 relative
961 3266 1000 3320 à
1024 3268 1086 3320 la
1119 3267 1496 3321 destitution
1523 3268 1637 3321 des
1664 3267 1896 3337 gardes
1930 3268 2011 3322 de
2045 3270 2105 3323 la
2137 3268 2305 3323 foret
2338 3269 2418 3323 de
2454 3267 2859 3338 Compïègne.

101 3427 344 3495 43473.
397 3427 894 3497 BOUILHET
923 3429 1250 3514 (Louis),
1281 3428 1600 3500 célèbre
1627 3433 2090 3500 romancier
2123 3437 2200 3503 et
2225 3439 2515 3502 auteur
2545 3429 3066 3517 dramatique,

460 3522 740 3587 auteur
793 3519 892 3586 de
951 3519 1026 3589 la
1077 3520 1589 3610 Conjuration
1643 3522 2105 3594 d’Amboise.
2175 3567 2261 3574 —
2322 3525 2404 3592 L.
2474 3547 2542 3592 a.
2602 3544 2712 3607 s.;
2770 3521 3064 3596 Rouen,

459 3610 563 3677 1er
599 3607 787 3678 août
825 3610 1027 3692 1867,
1069 3612 1113 3680 2
1151 3632 1229 3701 p.
1275 3613 1389 3695 1/2
1429 3612 1615 3681 in-8.
2896 3609 2936 3678 3
3034 3631 3062 3670 »

103 3774 345 3843 43474.
401 3776 875 3849 BOUSSION
913 3780 1267 3869 (Pierre),
1307 3781 1599 3872 député
1639 3784 1747 3853 du
1793 3787 2462 3858 Lot-et-Garonne
2514 3788 2558 3857 à
2598 3787 2674 3856 la
2708 3785 3064 3854 Conven¬

458 3867 652 3949 tion,
716 3867 812 3938 né
874 3870 916 3937 à
974 3873 1296 3941 Lauzun
1356 3875 2128 3966 (Lot-et-Garonne).
2192 3921 2273 3928 —
2355 3881 2437 3948 L.
2499 3900 2569 3949 a.
2639 3899 2699 3945 s.
2737 3896 2753 3959 ;
2821 3867 3065 3947 Paris,

456 3956 500 4025 9
538 3958 862 4047 prairial
902 3982 1002 4032 an
1042 3963 1162 4046 IV,
1208 3965 1238 4032 1
1284 3988 1360 4057 p.
1404 3965 1590 4034 in-4.
2901 3963 2939 4030 4
3035 3981 3063 4022 »

106 4122 346 4189 43475.
402 4124 974 4202 BROSTARET
1012 4135 1682 4245 (Jean-Bafjtiste),
1738 4139 2030 4232 député
2082 4145 2180 4215 de
2232 4145 2309 4212 la
2357 4132 2931 4214 sénéchaussée
2973 4127 3065 4195 de

460 4212 715 4288 Nérac
766 4241 919 4290 aux
968 4226 1673 4300 Etats-Généraux.
1719 4274 1803 4281 —
1856 4235 1941 4302 L.
1996 4256 2067 4304 a.
2112 4257 2175 4305 s.
2210 4259 2231 4320 ;
2275 4236 2528 4319 Paris,
2581 4233 2670 4303 22
2707 4217 3066 4320 pluviôse

461 4325 561 4374 an
601 4308 719 4393 IV,
761 4312 793 4379 1
827 4333 903 4402 p.
945 4314 1129 4385 in-4.
2900 4314 2940 4381 4
3036 4330 3066 4371 »

109 4469 351 4539 43476.
403 4473 901 4552 BROUSSEL
985 4486 1343 4575 (Pierre),
1433 4496 1869 4580 çonseiller
1957 4520 2057 4569 au
2133 4499 2592 4570 Parlement
2652 4493 2750 4563 de
2822 4480 3064 4559 Paris,

461 4563 775 4640 fameux
821 4594 969 4662 par
1017 4597 1161 4648 son
1203 4580 1371 4654 rôle
1413 4588 1769 4676 pendant
1813 4588 1889 4658 la
1929 4590 2279 4674 Fronde,
2324 4603 2830 4682 gouverneur
2866 4577 2960 4645 de
2998 4570 3070 4640 la

463 4656 782 4731 Bastille
844 4669 920 4732 et
974 4666 1258 4755 prévôt
1314 4675 1456 4746 des
1496 4681 2010 4751 marchands.
2056 4724 2140 4732 —
2182 4685 2266 4752 P.
2323 4705 2431 4771 s.;
2491 4685 2559 4751 P
2571 4699 2597 4732 1-
2633 4672 2833 4748 avril
2877 4661 3069 4743 1648,

464 4746 496 4812 1
542 4768 616 4839 p.
662 4752 922 4827 in-fol.
966 4759 1190 4832 Rare.
1600 4791 1620 4823 '
1922 4793 1940 4822 f
2861 4758 2945 4830 10
3039 4775 3071 4815 »

112 4904 350 4978 43477.
404 4914 1624 5013 BRUNSWICK-LUNEBOURG
1664 4945 2054 5029 (Charles,
2098 4947 2258 5018 duc
2303 4947 2463 5035 de),
2507 4938 2819 5016 célèbre
2869 4923 3077 5019 capi¬

464 5008 675 5078 taine
734 5021 1135 5107 prussien,
1186 5031 1325 5122 qui
1378 5036 1709 5105 envahit
1758 5036 1833 5106 la
1886 5038 2193 5111 France
2244 5059 2344 5108 en
2401 5039 2576 5108 1792
2625 5039 2702 5104 et
2739 5029 2966 5111 lança
3003 5015 3074 5085 le

468 5100 875 5179 manifeste
931 5114 1069 5204 qui
1123 5128 1353 5215 porte
1417 5145 1565 5202 son
1631 5149 1849 5217 nom,
1919 5128 2189 5207 blessé
2247 5124 2840 5204 mortellement
2894 5114 2938 5188 à
2998 5106 3072 5181 la
