3237 5381
1463 116 1786 187 -6-
134 296 380 372 43484.
440 301 992 370 CAVALOTTI
1044 302 1336 382 (Felice
1390 302 1544 390 de),
1606 303 1922 378 célèbre
1976 309 2326 390 écrivain
2378 333 2452 397 et
2484 333 2790 419 homme
2822 354 3059 441 d’Etat

494 391 796 467 italien,
832 386 966 456 tué
995 388 1486 459 récemment
1524 413 1622 461 en
1662 393 1872 466 duel.
1912 437 1994 450 —
2034 400 2116 470 L.
2159 427 2228 473 a.
2273 430 2332 479 s.
2365 416 2410 482 à
2435 438 2540 489 un
2567 432 2720 499 ami
2743 456 2762 519 ;
2791 439 3054 540 Meina,

491 479 577 544 12
605 476 871 564 juillet
913 477 1114 563 1887,
1150 478 1194 545 6
1232 499 1310 568 p.
1354 480 1542 550 in-8.
2855 531 2939 603 25
3028 569 3060 613 »

466 632 730 683 Lettre
761 643 882 682 des
915 642 1074 685 plus
1108 647 1475 701 curieuses,
1513 635 1598 689 où
1629 638 1676 691 il
1706 638 1764 691 le
1799 644 2106 699 remercie
2148 647 2227 701 de
2265 652 2684 724 l’affectueuse
2714 674 2888 736 lettre
2918 695 3062 756 qu’il

393 698 487 749 lui
523 712 562 747 a
602 695 906 749 adressée
938 715 1061 767 par
1089 699 1149 751 le
1188 705 1374 755 canal
1397 703 1479 757 de
1516 705 1552 755 Y
1556 704 1945 760 Evénement.
1976 710 2027 762 Il
2057 719 2154 767 est
2181 717 2588 783 absolument
2610 733 2893 801 d’accord
2916 767 3060 814 avec

391 765 485 815 lui
520 778 633 814 sur
662 764 725 817 la
755 762 1074 820 nécessité
1112 768 1193 820 de
1227 770 1511 839 dissiper
1535 772 1628 824 les
1662 786 1903 842 nuages
1932 781 2108 833 entre
2140 782 2357 840 l’Italie
2385 795 2445 843 et
2467 794 2528 846 la
2558 796 2808 862 France.
2838 813 2886 867 Il
2913 817 3058 892 faut,

393 829 589 894 dit-il,
619 830 1052 886 abandonner
1068 836 1163 887 les
1189 839 1369 890 voies
1398 838 1590 891 d’une
1617 840 1931 908 politique
1957 850 2296 915 mesquine
2321 870 2485 923 pour
2508 861 2599 918 les
2624 874 2850 934 grands
2870 881 3060 945 idéals

391 896 547 947 d’un
596 912 910 955 commun
958 902 1193 956 destin.
1230 905 1281 957 Il
1323 906 1609 974 rappelle
1660 922 1786 973 que
1840 910 1933 962 les
1974 915 2211 977 grands
2255 917 2463 976 deuils
2505 942 2748 989 comme
2791 957 2941 1002 ceux
2985 954 3059 1009 de

390 964 725 1018 Garibaldi
756 972 820 1020 et
858 968 939 1021 de
977 970 1197 1023 Victor
1234 974 1418 1039 Hugo
1457 977 1572 1025 ont
1599 973 1717 1025 fait
1744 974 1950 1030 battre
1980 994 2018 1031 a
2059 981 2373 1040 l’unisson
2400 990 2493 1044 les
2523 1010 2727 1054 cœurs
2758 1005 2867 1063 des
2903 1015 3060 1074 deux

385 1033 680 1102 peuples,
715 1039 778 1087 et
802 1038 1170 1105 cependant
1198 1040 1261 1092 la
1287 1044 1456 1091 mort
1477 1039 1557 1092 de
1585 1040 1914 1096 Garibaldi
1935 1049 2031 1099 est
2048 1064 2367 1108 survenue
2398 1059 2582 1126 après
2614 1066 2808 1125 Tunis
2840 1083 2899 1131 et
2914 1085 3060 1140 celle

385 1088 606 1152 Victor
638 1102 822 1171 Hugo
866 1106 1058 1185 après
1103 1107 1166 1159 la
1196 1107 1578 1159 conclusion
1603 1106 1684 1160 de
1722 1109 1784 1164 la
1814 1112 2003 1180 triple
2040 1115 2330 1172 alliance.
2371 1122 2421 1174 Il
2445 1127 2664 1195 espère
2695 1151 2814 1202 que
2852 1142 3058 1205 l’Italie

434 1168 675 1223 rendra
706 1176 851 1240 part
892 1188 929 1225 a
959 1174 1024 1227 la
1061 1174 1415 1242 prochaine
1446 1173 1571 1226 fête
1611 1173 1692 1228 de
1727 1190 1796 1229 sa
1840 1193 2016 1232 sœur
2046 1182 2242 1236 latine
2275 1193 2336 1239 et
2371 1203 2494 1256 que
2530 1195 2762 1255 l’heure
2799 1221 3060 1271 sonnera

433 1236 640 1290 ientôt
664 1239 746 1292 de
780 1256 848 1293 se
882 1241 1077 1294 sortir
1102 1241 1217 1294 des
1242 1244 1450 1311 pattes
1479 1240 1560 1294 de
1598 1255 1755 1309 sang
1786 1244 1866 1297 de
1896 1247 1959 1299 la
1984 1247 2279 1319 Triplice.

112 1371 362 1441 43485.
422 1373 912 1447 CAVELIER
950 1378 1257 1466 (Jules),
1309 1375 1631 1446 célèbre
1673 1382 2107 1472 sculpteur,
2147 1390 2499 1462 membre
2553 1395 2649 1467 de
2682 1400 3056 1483 l’Institut.

480 1467 676 1535 —L.
742 1488 812 1535 a.
882 1488 946 1536 s.
1011 1468 1055 1535 à
1095 1467 1429 1536 Anatole
1469 1465 1567 1536 de
1627 1469 1737 1538 La
1775 1471 2025 1562 Forge
2057 1496 2075 1558 ;
2139 1477 2387 1564 Paris,
2423 1483 2465 1550 8
2515 1485 2820 1571 janvier
2872 1497 3060 1585 1886,

475 1555 520 1624 3
555 1577 635 1646 p.
679 1558 867 1627 in-8.
2895 1585 2937 1655 8
3033 1614 3061 1657 s

450 1713 497 1763 11
525 1711 988 1766 recommande
1015 1728 1106 1765 un
1139 1710 1219 1766 de
1254 1728 1355 1765 ses
1395 1711 1627 1768 élèves.
1659 1715 1747 1768 La
1776 1717 1960 1771 lettre
1999 1723 2181 1789 porte
2222 1737 2348 1777 une
2375 1728 2663 1795 apostille
2694 1737 2816 1787 aut.
2856 1739 2963 1806 sig.
2988 1740 3064 1795 de

382 1779 463 1831 M.
499 1780 777 1833 Barrias.

102 1913 354 1981 43486.
410 1913 808 1985 CHANZY
844 1916 1253 2005 (Eugène),
1295 1917 1609 1987 illustre
1645 1917 1993 2008 général,
2031 1924 2169 2014 qui
2207 1924 2435 1996 battit
2465 1928 2581 1998 les
2621 1932 3067 2010 Allemands

470 2005 516 2072 à
556 2003 1011 2075 Coulmiers
1045 2012 1121 2075 et
1159 2008 1205 2076 à
1243 2007 1515 2099 Patay.
1555 2048 1641 2061 —
1681 2011 1763 2080 L.
1809 2032 1877 2079 a.
1919 2033 1979 2080 s.
2021 2035 2039 2099 ;
2083 2015 2343 2104 (1872),
2387 2018 2423 2085 1
2459 2039 2535 2108 p.
2579 2019 2757 2090 in-8.
2853 2026 2935 2095 10
3025 2051 3055 2096 »

97 2160 349 2233 43487.
407 2161 1012 2234 CHARLOTTE
1060 2164 1194 2233 DE
1256 2165 1652 2251 PRUSSE,
1716 2189 1938 2239 sœur
2000 2168 2108 2238 du
2172 2172 2422 2261 grand
2484 2175 2872 2264 Frédéric,
2936 2180 3068 2252 du¬

467 2253 755 2323 chesse
797 2254 895 2323 de
937 2255 2080 2344 Brunswick-WolfFenbutteî,
2124 2264 2598 2352 protectrice
2638 2266 2774 2336 des
2810 2275 2962 2340 arts
2998 2278 3070 2342 et

464 2343 611 2412 des
666 2344 972 2428 lettres,
1041 2348 1736 2436 correspondante
1795 2355 1872 2418 et
1919 2351 2128 2419 amie
2183 2353 2282 2422 de
2317 2353 2690 2439 Voltaire,
2744 2397 2820 2405 —
2865 2360 2944 2428 L.
2995 2381 3062 2430 a.

462 2457 560 2518 s.,
614 2455 716 2505 en
768 2434 1125 2524 français
1209 2439 1281 2524 (à
1331 2437 1709 2527 Voltaire)
1751 2462 1769 2526 ;
1821 2441 2119 2525 Berlin,
2181 2442 2265 2511 10
2327 2442 2771 2528 décembre,
2831 2448 2941 2531 1/2
2991 2471 3063 2539 p.

464 2525 654 2595 in-8.
698 2526 898 2597 Très
928 2527 1131 2618 jolie
1173 2533 1249 2598 et
1287 2547 1467 2600 rare
1509 2530 1765 2621 pièce.
2861 2536 2945 2606 25
3037 2564 3067 2602 »

435 2684 826 2739 Charmante
867 2680 1073 2756 épître
1104 2705 1116 2739 :
1169 2704 1196 2739 «
1241 2686 1317 2740 Je
1355 2702 1439 2739 ne
1482 2686 1762 2757 possède
1805 2688 1992 2758 point
2037 2689 2368 2743 l’heureux
2410 2692 2608 2745 talent
2649 2690 2726 2745 de
2761 2690 2917 2746 faire
2963 2690 3071 2746 des

361 2757 533 2808 Vers.
575 2754 801 2808 Fautte
842 2753 924 2807 de
971 2759 1106 2808 cest
1150 2759 1485 2822 avantage,
1521 2756 1798 2825 j’espère
1856 2773 1981 2824 que
2039 2774 2203 2812 vous
2260 2758 2542 2812 voudrés
2586 2761 2900 2813 rescevoir
2940 2776 3071 2813 mes

365 2822 836 2876 remercimens
872 2835 955 2875 en
987 2838 1182 2892 prose
1215 2839 1387 2894 pour
1417 2830 1599 2877 votre
1630 2825 1814 2878 billet
1847 2827 2149 2892 obligent.
2178 2827 2252 2878 Je
2278 2831 2546 2894 regrette
2585 2827 2664 2881 de
2695 2843 2773 2879 ne
2809 2828 3076 2897 pouvoir

363 2893 663 2961 profitter
695 2891 777 2944 de
809 2894 993 2944 votre
1031 2893 1512 2946 conversation.
1545 2894 1622 2945 Je
1661 2893 1797 2946 suis
1830 2893 2191 2962 persuadée
2230 2895 2460 2963 qu’elle
2496 2911 2565 2948 ce
2605 2896 2916 2961 distingue
2942 2898 3074 2946 tou¬

355 2962 565 3028 jours.
603 2960 898 3030 L’esprit,
927 2961 988 3012 le
1024 2962 1301 3027 sçavoir,
1335 2961 1805 3030 l’enjouement
1835 2966 1897 3014 et
1927 2961 1988 3015 la
2019 2960 2239 3030 gayeté
2269 2967 2416 3015 sont
2440 2962 2555 3016 des
2590 2963 2753 3015 dons
2780 2962 2891 3030 qui
2918 2977 3076 3015 vous

363 3033 513 3082 sont
569 3030 625 3081 si
680 3028 974 3083 naturels
1033 3030 1224 3099 qu’ils
1286 3044 1371 3081 ne
1440 3033 1728 3100 peuvent
1789 3045 1916 3099 que
1973 3029 2346 3084 contribués
2404 3047 2487 3084 au
2541 3032 2831 3084 charmes
2885 3028 2962 3081 de
3020 3030 3080 3082 la

363 3096 672 3152 société...
709 3114 736 3149 »

79 3238 333 3310 43488.
391 3235 858 3313 CHARRAS
931 3229 2042 3330 (Jean-Baptiste-Adolphe),
2114 3235 2428 3307 célèbre
2500 3237 2818 3306 homme
2888 3232 3084 3325 poli¬

449 3330 677 3423 tique
735 3328 1282 3421 républicain.
1310 3335 1388 3400 et
1438 3327 1800 3400 écrivain
1854 3327 2258 3397 militaire.
2314 3368 2400 3378 —
2450 3328 2532 3396 L.
2588 3348 2658 3396 a.
2714 3323 2772 3394 s.
2828 3323 2968 3394 Ch.
3010 3321 3084 3409 (à

449 3422 673 3493 Jules
713 3421 986 3512 Barni)
1020 3443 1040 3508 ;
1084 3421 1300 3507 Bâle,
1336 3421 1426 3490 23
1466 3421 1670 3492 avril
1712 3420 1914 3504 1863,
1950 3421 1994 3490 4
2042 3440 2120 3512 p.
2164 3419 2348 3488 in-8.
2868 3414 2952 3484 10
3048 3434 3080 3479 »

427 3580 756 3638 Curieuse
789 3582 1068 3648 lettre,
1107 3581 1159 3634 Il
1194 3580 1589 3634 l’entretient
1625 3577 1708 3633 de
1749 3594 1853 3633 ses
1893 3582 2162 3633 travaux
2190 3580 2251 3631 et
2277 3572 2369 3630 lui
2402 3589 2694 3629 annonce
2721 3571 2874 3640 qu’il
2904 3586 2941 3624 a
2970 3569 3085 3623 fait

354 3668 487 3710 une
520 3651 880 3707 réfutation
907 3650 991 3705 de
1020 3652 1120 3705 150
1145 3663 1343 3721 pages
1373 3664 1487 3703 sur
1519 3649 1751 3702 Thiers
1787 3648 1944 3719 qu’il
1968 3650 2123 3701 veut
2159 3648 2385 3700 mettre
2416 3662 2440 3696 «
2477 3659 2559 3697 en
2589 3643 2784 3709 figure
2811 3637 2991 3692 d’âne
3023 3640 3084 3689 et

346 3721 432 3777 de
475 3727 800 3778 menteur.
850 3721 951 3775 On
995 3723 1270 3791 regrette
1314 3718 1472 3772 bien
1516 3718 1597 3771 de
1643 3718 1895 3772 n’avoir
1939 3731 2030 3788 pu
2077 3730 2241 3769 vous
2293 3710 2621 3777 entendre,
2666 3722 2793 3761 une
2835 3705 2957 3761 fois
2997 3719 3081 3759 au

353 3794 596 3860 moins,
632 3808 749 3847 sur
779 3795 882 3846 cet
912 3790 1166 3845 affreux
1196 3789 1361 3860 petit
1390 3787 1860 3859 bonapartiste.
1893 3803 1920 3839 »

73 3933 329 4006 43489.
387 3932 937 4006 CHARTRAN
994 3928 1506 4026 (Théobald),
1574 3926 1894 4002 célèbre
1952 3923 2264 4017 peintre
2320 3911 2948 4005 contemporain.
3000 3947 3076 3960 —

446 4028 532 4099 L.
572 4048 644 4098 a.
690 4042 787 4113 s.;
832 4026 869 4095 1
912 4048 993 4120 p.
1031 4025 1223 4097 in-4.
2906 4001 2950 4069 5
3044 4022 3076 4066 »

70 4190 326 4262 43490.
384 4187 1255 4263 CHAUDES-AIGUES
1313 4187 1751 4280 (Jacques),
1817 4175 2265 4249 littérateur
2313 4174 2389 4240 et
2457 4165 2819 4255 critique,
2889 4158 3083 4229 dont

441 4284 564 4355 les
637 4300 1041 4374 ouvrages
1101 4287 1287 4355 sont
1343 4270 1829 4352 recherchés
1894 4288 2041 4361 par
2095 4264 2213 4335 les
2275 4255 2815 4349 bibliophiles,
2881 4249 2977 4321 né
3037 4248 3081 4316 à

447 4376 779 4448 Sauthia
821 4375 1284 4471 (Piémont).
1332 4414 1416 4426 —
1460 4372 1544 4444 L.
1590 4390 1660 4441 a.
1702 4388 1762 4436 s.
1814 4365 1858 4435 à
1910 4360 2008 4432 M.
2056 4358 2158 4430 de
2204 4351 2586 4436 Béthune,
2640 4348 2677 4416 1
2718 4355 2794 4438 p.
2850 4340 3076 4414 in-12.

443 4470 677 4542 Rare.
1526 4470 1594 4535 Y
1624 4505 1634 4528 -
1878 4468 1898 4473 ’
2910 4433 2952 4504 5
3048 4454 3080 4499 »

68 4634 324 4707 43491.
380 4612 1064 4708 CHÊNEDOLLÉ
1117 4622 1791 4724 (Charles-Julien
1841 4613 2097 4695 Liout
2145 4612 2303 4704 de),
2349 4606 2611 4706 poète,
2667 4603 2944 4674 auteur
2981 4591 3087 4666 du

444 4726 680 4800 Génie
724 4730 820 4801 de
874 4729 1265 4817 l’homme,
1321 4726 1425 4800 né
1477 4728 1521 4800 à
1567 4725 1779 4797 Vire.
1827 4758 1911 4771 —
1945 4714 2029 4787 L.
2087 4733 2155 4785 a.
2203 4729 2263 4780 s.
2309 4705 2353 4777 à
2399 4702 2719 4776 Choron
2751 4714 2769 4781 ;
2825 4688 3086 4782 (Vire),

442 4822 488 4893 3
520 4822 973 4898 novembre
1013 4823 1219 4911 1809,
1265 4825 1301 4897 1
1344 4844 1425 4918 p.
1471 4821 1659 4894 in-8.
1749 4879 1761 4885 .
2872 4781 2958 4858 10
3056 4803 3088 4850 »

418 4984 684 5040 Choron
720 4985 819 5039 lui
856 4989 1056 5054 ayant
1091 4984 1211 5040 fait
1241 4983 1586 5058 présenter
1617 4999 1749 5040 une
1781 4981 1968 5039 lettre
2006 4972 2087 5032 de
2124 4968 2370 5040 change
2409 4974 2577 5036 pour
2614 4971 2681 5013 se
2712 4951 2873 5010 faire
2899 4958 3094 5022 payer

348 5053 547 5111 d’une
585 5055 782 5124 dette,
830 5052 1353 5112 Chênedollélui
1386 5054 1718 5126 témoigne
1765 5067 1886 5110 son
1913 5042 2338 5106 étonnement
2371 5034 2453 5092 de
2487 5033 2546 5087 le
2585 5027 2729 5087 voir
2769 5036 2939 5091 user,
2966 5015 3093 5073 vis-

347 5122 525 5181 à-vis
558 5125 642 5180 de
674 5121 790 5193 lui,
826 5124 988 5181 d’un
1016 5127 1381 5184 semblable
1407 5125 1716 5201 procédé.
