2093 3391
577 225 681 301 DU
747 225 1007 303 DROIT
1071 229 1171 303 DE
1237 227 1653 309 CITATION

579 345 795 423 DANS
869 347 1019 423 LES
1095 347 1657 427 CATALOGUES

325 537 415 567 Avec
434 536 611 568 l’autorité
627 538 688 577 qui
705 538 868 569 s’attache
887 538 908 570 à
927 540 1000 570 tout
1018 548 1051 570 ce
1070 540 1157 580 qu’il
1176 541 1269 579 écrit,
1290 542 1344 573 il/.
1367 542 1460 573 Paul
1479 543 1621 583 Soudai;
1640 553 1660 574 a
1679 544 1823 582 soulevé,
1842 547 1930 579 dans
1951 557 1999 579 un

227 584 372 615 numéro
391 584 502 615 récent
518 585 564 615 du
584 585 729 625 Temps,
751 595 817 617 une
836 587 991 626 question
1011 588 1071 627 qui
1091 588 1251 620 intéresse
1269 599 1314 620 au
1333 590 1414 629 plus
1433 591 1517 621 haut
1534 592 1635 631 point
1653 591 1700 622 les
1717 593 1888 625 acheteurs
1906 597 1936 626 et
1955 595 2000 626 les

228 632 395 663 vendeurs
414 632 696 673 d’autographes.
722 634 778 665 Un
797 636 921 665 auteur
938 636 1198 675 contemporain
1216 638 1337 668 trouva
1356 638 1467 675 citées,
1486 639 1573 669 dans
1594 648 1640 670 un
1661 640 1837 679 catalogue
1854 642 1893 673 de
1909 651 2000 674 mar¬

227 680 352 717 chand,
372 680 532 720 quelques
553 680 665 720 lignes
684 681 769 712 d’un
793 682 885 712 billet
905 683 992 722 qu’il
1010 683 1105 714 avait
1122 684 1216 723 jadis
1236 685 1374 715 adressé
1391 685 1411 716 à
1432 695 1478 716 un
1500 687 1573 717 ami
1591 688 1622 717 et
1640 687 1722 718 dont
1743 688 1768 719 il
1786 688 1917 720 n’avait
1935 698 1998 729 pas

227 727 388 758 conservé
405 727 433 758 le
450 729 625 760 souvenir.
649 729 680 759 Il
697 738 732 759 se
750 730 922 761 demanda
939 731 972 761 si
991 730 1023 761 la
1043 731 1134 762 lettre
1152 731 1234 762 était
1251 733 1471 773 authentique
1490 736 1520 764 et
1536 736 1686 774 protesta
1704 737 1816 766 contre
1835 736 1868 766 la
1884 737 2000 776 publi¬

227 776 342 806 cation
362 776 401 806 de
420 778 499 807 cette
519 776 612 807 lettre
630 777 718 807 dans
739 786 787 807 un
807 777 997 817 catalogue,
1016 787 1099 809 sans
1119 779 1205 818 qu’il
1223 789 1264 810 en
1284 780 1339 811 eût
1357 780 1406 812 été
1422 781 1528 818 avisé,
1547 791 1629 812 sans
1649 792 1711 822 que
1731 783 1872 823 l’expert
1890 784 1941 815 lui
1958 794 1997 816 en

227 823 284 853 eût
299 823 469 854 demandé
484 824 517 855 la
533 825 757 864 permission,
778 825 832 856 il/.
853 825 946 856 Paul
962 826 1104 866 Souday
1120 836 1141 857 a
1156 827 1233 866 pris
1250 827 1278 858 le
1293 829 1388 867 parti
1405 829 1443 859 de
1460 831 1554 860 notre
1571 830 1722 868 confrère
1739 832 1769 861 et
1785 830 1838 862 lui
1854 840 1874 862 a
1890 831 2001 862 donné

228 871 360 902 raison.
393 871 494 902 Voilà
520 872 607 903 donc
632 871 774 912 appelée
798 882 845 903 au
870 873 1029 904 tribunal
1052 875 1092 904 de
1117 874 1291 914 l’opinion
1316 877 1396 906 cette
1421 877 1576 915 question
1603 877 1824 909 intéressante
1850 888 1895 909 au
1920 878 2000 918 plus

228 919 312 949 haut
335 919 437 959 point
462 929 473 951 :
501 920 650 951 Peut-on
679 920 861 960 imprimer
884 930 966 951 sans
992 922 1221 952 autorisation
1247 922 1421 962 préalable
1446 924 1603 963 quelques
1635 925 1744 964 lignes
1769 926 1854 956 d’un
1880 928 2002 957 auteur

227 967 346 998 vivant
363 967 380 998 ?

327 1015 415 1045 Tout
429 1014 584 1053 d’abord,
601 1024 668 1046 une
682 1015 898 1047 observation
913 1016 1079 1057 s’impose
1094 1026 1105 1047 :
1123 1016 1167 1048 les
1183 1019 1323 1048 auteurs
1339 1019 1474 1049 vivants
1489 1028 1530 1050 ne
1545 1021 1621 1050 sont
1634 1029 1698 1060 pas
1714 1020 1804 1052 seuls
1819 1030 1860 1052 en
1876 1029 2000 1052 cause:

228 1071 312 1093 ceux
336 1063 396 1102 qui
419 1065 497 1093 sont
519 1064 625 1094 morts
649 1064 774 1103 depuis
798 1064 913 1095 moins
937 1065 976 1095 de
1000 1065 1186 1104 cinquante
1209 1075 1273 1096 ans
1297 1067 1433 1097 doivent
1456 1067 1522 1097 être
1545 1067 1702 1106 englobés
1725 1069 1813 1099 dans
1838 1068 1870 1099 la
1894 1069 2001 1099 même

228 1110 408 1150 catégorie,
431 1111 581 1150 puisque
606 1111 695 1142 leurs
718 1121 850 1142 œuvres
873 1121 914 1142 ne
936 1114 1014 1143 sont
1035 1122 1100 1152 pas
1122 1113 1268 1143 tombées
1291 1114 1379 1144 dans
1403 1114 1430 1144 le
1452 1113 1614 1145 domaine
1635 1115 1765 1155 public.
1793 1115 1824 1146 Il
1843 1115 2001 1155 faudrait

227 1158 316 1189 donc
345 1158 419 1188 s’en
450 1158 576 1197 référer
604 1168 675 1190 aux
707 1161 833 1199 ayants
870 1160 979 1191 droits
1015 1162 1057 1197 et,
1087 1160 1146 1191 s’il
1175 1163 1224 1192 est
1261 1161 1493 1192 relativement
1530 1162 1633 1201 facile
1675 1163 1713 1193 de
1748 1165 1919 1194 retrouver
1954 1163 2000 1195 les

228 1205 385 1237 héritiers
406 1206 589 1237 littéraires
609 1207 695 1237 d’un
722 1207 882 1238 Verlaine
902 1217 945 1238 ou
965 1208 1050 1238 d'un
1072 1208 1211 1246 Barrés,
1226 1211 1393 1240 comment
1412 1209 1591 1240 découvrir
1609 1219 1654 1240 au
1673 1211 1754 1249 pied
1774 1210 1842 1241 levé
1860 1210 1935 1250 quel
1954 1212 2001 1242 est

228 1254 471 1293 l’ayant-droit
489 1254 653 1285 littéraire
671 1255 781 1285 actuel
798 1256 844 1285 du
870 1254 1014 1286 Général
1031 1256 1232 1295 Boulanger
1249 1265 1291 1286 ou
1311 1257 1350 1287 de
1368 1257 1573 1288 Ferdinand
1589 1258 1628 1287 de
1647 1257 1790 1297 Lesseps
1809 1258 1824 1288 ?

324 1302 377 1332 On
402 1302 472 1332 sait
503 1301 632 1341 qu’une
655 1303 924 1342 jurisprudence
949 1305 1124 1334 constante
1149 1304 1298 1334 attribue
1323 1313 1368 1334 au
1394 1305 1618 1335 destinataire
1644 1304 1677 1335 la
1701 1304 1875 1345 propriété
1896 1305 2001 1336 maté¬

228 1348 323 1380 rielle
345 1349 385 1380 de
406 1350 496 1380 toute
520 1349 611 1380 lettre
632 1350 786 1381 missive.
813 1351 902 1381 Celte
924 1350 1109 1390 propriété,
1132 1353 1347 1391 comportant
1369 1352 1397 1382 le
1418 1352 1508 1383 droit
1529 1352 1568 1383 de
1591 1353 1734 1390 cession,
1756 1353 1863 1383 même
1883 1352 1904 1384 à
1926 1353 2001 1384 titre

228 1396 390 1435 onéreux,
413 1397 438 1427 il
456 1397 605 1428 s’ensuit
624 1407 686 1437 que
707 1398 735 1428 le
755 1399 904 1429 vendeur
923 1408 943 1429 a
964 1399 992 1429 le
1011 1399 1101 1429 droit
1120 1399 1241 1430 absolu
1261 1400 1301 1430 de
1318 1399 1408 1439 faire
1427 1399 1605 1431 connaître
1624 1409 1694 1431 aux
1713 1400 1885 1431 acheteurs
1904 1400 2004 1430 éveil-’

227 1445 315 1475 tuels
333 1454 367 1476 ce
385 1445 445 1484 qui
463 1446 673 1476 constituera
692 1445 719 1476 le
736 1445 855 1476 mérite
872 1447 902 1477 et
920 1446 947 1477 le
964 1447 1046 1486 prix
1063 1447 1102 1477 de
1120 1446 1154 1478 la
1171 1447 1267 1477 chose
1285 1448 1425 1478 vendue.
1442 1449 1494 1478 De
1512 1447 1544 1478 là
1563 1448 1705 1487 l’usage,
1724 1448 1840 1487 quand
1856 1456 1900 1478 on
1915 1448 2001 1478 vend

228 1501 276 1523 un
297 1493 524 1532 autographe,
545 1493 623 1524 d’en
642 1494 784 1533 publier
801 1494 859 1524 des
879 1494 1020 1524 extraits
1039 1495 1127 1525 dans
1149 1494 1176 1525 le
1196 1495 1384 1534 catalogue.

323 1541 377 1572 On
393 1541 462 1571 sait
479 1550 541 1581 que
559 1549 610 1572 ces
627 1541 823 1581 catalogues
848 1543 925 1572 sont
950 1541 1138 1573 distribués
1165 1542 1427 1582 gratuitement
1445 1552 1452 1574 :
1470 1543 1581 1580 aussi,
1611 1543 1741 1574 voit-on
1757 1542 1828 1573 mal
1842 1551 1903 1573 sur
1919 1542 1999 1582 quoi

227 1596 262 1619 se
281 1588 457 1628 fonderait
478 1598 545 1619 une
565 1589 733 1620 demande
753 1589 937 1620 éventuelle
957 1590 997 1620 de
1017 1590 1124 1621 droits
1144 1589 1304 1621 d’auteur
1323 1592 1353 1621 et
1372 1600 1434 1621 sur
1453 1590 1560 1630 quelle
1583 1590 1660 1621 base
1682 1590 1707 1621 il
1725 1590 1829 1621 serait
1847 1589 1999 1630 possible

227 1636 305 1667 d’en
327 1636 476 1667 calculer
496 1636 524 1667 le
541 1638 713 1667 montant.

321 1684 379 1714 En
401 1684 504 1722 droit,
528 1684 573 1715 les
595 1685 762 1715 vendeurs
783 1684 1052 1726 d’autographes
1073 1694 1126 1716 me
1146 1686 1346 1725 paraissent
1366 1686 1452 1716 donc
1473 1686 1718 1725 parfaitement
1737 1684 1856 1724 fondés
1878 1684 1898 1715 à
1920 1693 1997 1715 con¬

227 1732 355 1769 tinuer,
373 1740 502 1763 comme
518 1741 586 1772 par
602 1732 630 1763 le
646 1732 762 1772 passé,
780 1732 800 1763 à
816 1733 967 1773 publier,
985 1742 1026 1764 en
1043 1734 1115 1764 tout
1131 1742 1174 1764 ou
1191 1742 1233 1764 en
1249 1733 1374 1773 partie,
1393 1733 1438 1764 les
1455 1733 1684 1773 autographes
1701 1733 1877 1764 modernes
1895 1732 1997 1772 qu’ils

226 1780 356 1819 offrent
372 1779 393 1810 à
411 1779 486 1811 leur
502 1780 665 1811 clientèle.

323 1827 368 1858 Ce
387 1828 479 1858 droit
497 1827 558 1858 n’a
578 1828 712 1859 d’autre
733 1828 841 1859 limite
861 1837 923 1868 que
942 1837 956 1861 :

322 1876 360 1906 1°
387 1875 535 1907 L’ordre
552 1876 688 1915 public,
706 1885 752 1906 au
770 1885 826 1907 cas
843 1876 887 1907 où
907 1876 932 1907 il
947 1876 1110 1915 s’agirait
1126 1875 1210 1906 d’un
1228 1877 1312 1907 texte
1331 1876 1490 1907 immoral
1506 1885 1550 1907 ou
1566 1875 1746 1907 séditieux.

320 1923 360 1954 2°
386 1924 453 1954 Les
472 1922 623 1954 intérêts
641 1924 702 1954 des
721 1923 819 1961 tiers,
836 1924 869 1954 si
887 1924 920 1954 la
937 1924 1028 1954 lettre
1044 1923 1127 1954 était
1142 1924 1374 1954 calomnieuse
1390 1933 1433 1954 ou
1451 1923 1698 1963 diffamatoire,
1716 1931 1759 1953 ou
1776 1922 1895 1960 même,
1912 1922 1995 1952 sim¬

224 1970 388 2010 plement,
407 1971 439 2002 si
457 1971 518 2001 elle
535 1970 676 2002 révélait
693 1972 750 2002 des
768 1971 852 2010 faits
871 1971 978 2011 qu’un
998 1972 1078 2002 tiers
1096 1972 1241 2011 pouvait
1258 1971 1387 2002 désirer
1404 1972 1493 2002 tenir
1511 1970 1638 2001 cachés.

319 2019 359 2050 3°
385 2018 519 2050 L’abus
541 2019 590 2050 du
610 2019 707 2050 droit
727 2019 771 2049 de
791 2019 945 2050 citation
967 2028 974 2050 :
995 2028 1039 2050 on
1059 2028 1101 2049 ne
1119 2019 1268 2056 saurait,
1287 2028 1355 2059 par
1373 2019 1536 2058 exemple,
1555 2027 1636 2049 sous
1656 2017 1803 2058 prétexte
1822 2017 1861 2048 de
1880 2018 1996 2048 mettre

225 2074 266 2097 en
288 2067 382 2097 vente
403 2075 450 2097 un
470 2067 667 2098 manuscrit
684 2067 724 2097 de
744 2067 864 2104 Thaïs,
886 2066 1105 2107 réimprimer
1123 2076 1164 2097 en
1185 2067 1293 2097 entier
1312 2066 1340 2098 le
1359 2075 1480 2097 roman
1501 2067 1540 2097 de
1560 2067 1694 2097 France
1714 2067 1743 2096 et
1763 2065 1790 2096 le
1809 2064 1997 2096 distribuer

226 2115 470 2153 gratuitement
486 2123 531 2145 au
548 2114 680 2154 public.

321 2162 354 2193 Il
375 2171 428 2192 me
449 2162 577 2192 semble
600 2171 662 2202 que
685 2163 764 2193 cette
785 2162 887 2202 triple
910 2163 1103 2193 restriction
1125 2163 1336 2201 sauvegarde
1359 2161 1567 2202 amplement
1590 2161 1635 2192 les
1657 2161 1764 2192 droits
1787 2160 1826 2190 de
1848 2159 1996 2190 l’auteur

223 2209 263 2240 de
282 2209 522 2249 l’autographe
541 2219 552 2241 :
571 2219 618 2240 au
636 2211 732 2246 reste,
751 2219 793 2240 ne
810 2219 1064 2240 sommes-nous
1081 2219 1147 2249 pas
1165 2218 1207 2240 en
1226 2211 1360 2240 France
1378 2219 1458 2240 sous
1478 2209 1506 2240 le
1523 2209 1650 2249 régime
1668 2209 1708 2238 de
1726 2208 1758 2238 la
1777 2207 1861 2238 libre
1878 2206 1993 2246 publi¬

223 2257 337 2288 cation
357 2259 387 2288 et
404 2267 475 2288 non
493 2266 575 2288 sous
595 2257 684 2288 celui
703 2258 742 2288 de
762 2257 794 2287 la
813 2266 954 2288 censure
971 2257 1148 2297 préalable
1166 2258 1183 2288 ?
1207 2258 1533 2298 L'expert-vendeur
1550 2258 1598 2288 est
1617 2265 1663 2288 un
1683 2256 1910 2295 commerçant
1927 2262 1993 2285 res¬

221 2304 390 2344 ponsable
410 2306 440 2335 et
457 2307 540 2345 peut
559 2305 716 2345 toujours
736 2305 802 2335 être
821 2305 1007 2344 poursuivi
1026 2314 1093 2345 par
1112 2305 1261 2336 l’auteur
1280 2306 1340 2345 qui
1358 2305 1580 2336 s’estimerait
1599 2303 1674 2335 lésé.

319 2353 435 2391 Quant
456 2352 477 2383 à
500 2352 533 2384 la
555 2353 711 2392 question
735 2352 1006 2390 d’authenticité,
1028 2353 1181 2384 soulevée
1202 2362 1269 2392 par
1290 2353 1344 2384 il/.
1372 2353 1463 2383 Paul
1485 2352 1626 2391 Souday
1647 2352 1677 2382 et
1697 2359 1765 2390 par
1784 2358 1847 2381 son
1869 2356 1993 2379 corres¬

220 2399 391 2438 pondant,
409 2409 453 2431 on
470 2409 523 2431 me
539 2402 724 2440 permettra
741 2400 844 2431 d’être
860 2401 1044 2440 sceptique.
1060 2402 1162 2432 Dans
1183 2401 1259 2431 bien
1277 2401 1334 2431 des
1351 2409 1420 2438 cas,
1439 2398 1705 2439 l’appréciation
1722 2395 1891 2428 autorisée
1907 2395 1991 2425 d’un

221 2449 338 2486 expert
361 2456 401 2478 en
426 2448 660 2487 autographes
684 2457 772 2478 aura
795 2448 877 2487 plus
901 2448 941 2478 de
963 2449 1065 2487 poids
1090 2457 1152 2488 que
1177 2448 1209 2479 la
1233 2448 1395 2478 mémoire
1418 2446 1618 2485 défaillante
1641 2445 1726 2476 d’un
1750 2443 1914 2474 écrivain.
1938 2441 1992 2472 Là

221 2503 352 2531 encore,
375 2504 416 2526 en
439 2504 496 2526 cas
518 2496 558 2526 de
579 2496 817 2534 contestation,
842 2496 870 2527 le
891 2505 1027 2526 recours
1049 2505 1120 2526 aux
1141 2496 1334 2526 tribunaux
1354 2496 1402 2525 est
1422 2494 1577 2533 toujours
1598 2491 1750 2532 possible
1768 2499 1816 2521 —
1834 2491 1865 2521 et
1884 2497 1992 2519 meme

219 2541 335 2581 facile.

317 2589 430 2629 Qu’on
451 2598 506 2621 me
526 2592 689 2630 permette
712 2599 779 2621 une
801 2591 955 2622 dernière
977 2590 1193 2621 observation
1217 2599 1228 2622 :
1252 2590 1285 2621 la
1307 2590 1413 2620 même
1436 2588 1591 2628 question
1613 2596 1634 2617 a
1655 2584 1733 2625 déjà
1755 2583 1803 2615 été
1822 2581 1990 2621 tranchée,

220 2644 311 2675 pour
328 2646 375 2667 un
392 2646 450 2668 cas
466 2646 611 2677 presque
630 2638 815 2677 identique,
832 2648 899 2677 par
915 2638 1090 2669 l’autorité
1104 2638 1304 2677 législative.
1326 2637 1357 2667 Il
1371 2646 1393 2675 y
1408 2645 1428 2666 a
1445 2635 1603 2675 quelques
1619 2633 1757 2669 années,
1775 2632 1841 2662 lors
1858 2632 1903 2661 du
1921 2632 1991 2661 vote

219 2684 259 2715 de
277 2684 309 2714 la
327 2684 374 2715 loi
390 2693 452 2715 sur
468 2685 501 2715 la
516 2685 694 2724 propriété
707 2686 900 2725 artistique,
920 2686 945 2716 il
960 2695 981 2716 a
998 2685 1047 2716 été
1060 2686 1241 2716 nettement
1256 2683 1385 2723 stipulé
1399 2692 1466 2723 par
1482 2683 1527 2713 les
1546 2682 1732 2713 Chambres
1749 2688 1811 2719 que
1828 2678 1861 2709 la
1877 2687 1991 2718 repro¬

220 2731 362 2762 duction
382 2732 487 2762 d’une
505 2733 667 2771 peinture
686 2733 857 2770 moderne,
878 2733 969 2764 dans
990 2742 1039 2764 un
1059 2733 1248 2772 catalogue
1268 2732 1312 2762 de
1331 2733 1440 2762 vente
1459 2729 1637 2761 distribué
1656 2727 1928 2768 gratuitement,
1948 2733 1989 2756 ne

217 2779 365 2811 tombait
381 2788 448 2818 pas
465 2788 547 2809 sous
567 2779 595 2809 le
613 2788 702 2818 coup
720 2780 760 2810 de
779 2780 811 2810 la
831 2780 878 2810 loi
896 2782 926 2811 et
943 2789 1006 2819 que
1025 2780 1053 2810 le
1071 2779 1464 2817 commissaire-priseur
1480 2786 1522 2808 ne
1539 2777 1684 2817 pouvait
1699 2776 1765 2806 être
1783 2775 1876 2811 tenu,
1893 2771 1934 2804 ni
1949 2772 1989 2802 de

219 2826 386 2858 solliciter
405 2835 472 2857 une
492 2827 737 2863 autorisation,
759 2827 798 2857 ni
818 2828 858 2857 de
877 2836 986 2866 payer
1006 2836 1053 2857 un
1074 2828 1164 2857 droit
1183 2827 1221 2857 de
1241 2825 1493 2865 reproduction.
1515 2825 1562 2856 Le
1581 2833 1638 2855 cas
1658 2821 1789 2854 n’est-il
1807 2829 1872 2861 pas
1892 2819 1991 2850 abso¬

220 2874 352 2905 lument
369 2873 547 2914 parallèle,
568 2873 655 2913 qu’il
673 2873 821 2912 s’agisse
839 2875 945 2905 d’une
963 2875 1122 2913 peinture
1142 2874 1181 2904 de
1202 2874 1326 2904 Manet
1345 2881 1388 2903 ou
1409 2872 1513 2903 d’une
1539 2872 1631 2902 lettre
1655 2871 1694 2902 de
1719 2871 1814 2902 notre
1832 2866 1990 2899 excellent

219 2921 372 2960 confrère
403 2920 440 2952 Y.
466 2921 505 2952 Z.
525 2921 542 2952 ?

1273 3002 1551 3043 SEYMOUR
1591 3002 1668 3041 DE
1705 2998 1874 3040 RICCI.
