2127 3425
275 185 323 226 10

1503 200 1738 232 LIBRAIRIE
1777 203 1914 231 SIMON
1952 204 2042 232 KRA

399 289 411 303 «
424 279 466 306 Je
482 287 565 306 vous
580 279 738 307 remercie
754 287 838 314 pour
854 279 950 307 votre
967 279 1123 308 ilatteuse

352 315 584 348 appréciation
608 317 650 343 de
674 324 728 343 ma
752 316 956 344 découverte
979 316 1123 344 Rutlan-

353 350 485 378 dienne.
507 352 580 378 Elle
601 360 645 379 va
665 352 808 386 prendre
830 353 887 379 des
910 353 1122 386 proportions

352 394 418 420 que
449 395 514 420 peu
546 388 588 415 de
619 396 800 422 personnes
832 390 1075 422 soupçonnent.
1107 400 1117 413 «

265 449 356 480 4297
383 451 720 482 DESAUGIERS
772 451 889 491 (Marc
903 469 916 473 -
930 451 1091 483 Antoine
1106 470 1118 474 -

312 497 543 538 Madeleine),
574 499 829 530 chansonnier.
858 500 907 529 —-
937 500 985 530 Le
1017 500 1119 530 vieux

314 545 448 583 Soldat,
471 546 633 577 chanson
655 546 788 586 signée,
812 546 922 578 écrite
945 549 982 578 et
1003 547 1118 587 égale¬

311 594 413 623 ment
458 593 580 633 signée
627 603 693 633 par
738 603 802 625 son
849 595 1118 626 collaborateur

311 640 433 672 Gentil
453 642 497 672 de
516 641 749 682 Chavagnac,
769 642 789 673 3
809 651 842 682 p.
864 643 950 673 in-4.
1002 643 1046 673 20
1072 643 1115 674 fr.

346 696 468 730 D’puis
493 698 582 731 vingt
605 706 677 729 ans,
701 698 841 725 d'succès
864 706 901 725 en
925 698 1032 725 succès

346 733 443 759 J’ons
468 733 614 767 prom’nè
640 733 856 768 c’Vuniforme
881 735 1026 768 français

347 768 514 796 Aisément
538 769 602 797 cela
627 777 660 797 se
683 772 758 804 peut
782 770 882 797 croire

346 804 389 831 El
408 813 445 838 ça
465 813 542 832 sans
566 804 621 832 un’
643 806 731 833 tache
750 805 929 834 seul’ment.

258 863 349 898 4298
376 869 711 900 DESDORIDES
768 870 921 909 (Louis),
972 869 1115 909 général

306 916 350 946 de
380 916 549 948 division.
578 935 626 939 —
656 917 760 948 Pièce
788 926 829 954 s.,
852 918 964 955 Paris,
995 927 1040 949 an
1071 918 1113 955 V,

306 972 376 995 une
398 972 490 1004 page
511 964 546 995 in
568 964 599 995 f°
621 965 788 1005 vignette
811 964 952 1005 gravée.
1003 966 1047 996 20
1068 966 1112 996 fr.

388 1020 561 1048 Certificat
588 1021 698 1048 donné
725 1029 768 1048 au
795 1021 929 1055 citoyen
955 1021 1114 1055 François

344 1056 495 1089 Rageau,
514 1058 684 1084 attestant
704 1057 786 1090 qu’il
811 1065 852 1084 ne
876 1058 963 1090 jouit
983 1065 1047 1091 que
1072 1058 1114 1085 de

342 1092 427 1119 2400
465 1093 575 1120 francs
613 1093 923 1127 d’appointements
960 1101 1020 1127 par
1056 1102 1110 1120 an.

257 1154 279 1189 4299

279 1154 347 1189 4299
374 1156 545 1186 DEVAL
581 1156 846 1197 (Marguerite),
884 1157 1027 1187 actrice.

303 1203 342 1234 L.
365 1212 396 1234 a.
418 1212 445 1235 s.
467 1204 488 1235 à
508 1204 745 1242 Monsieur...,
766 1204 786 1236 3
807 1213 840 1244 p.
863 1205 949 1235 in-8.
1004 1205 1044 1235 18
1064 1205 1107 1236 fr.

385 1259 501 1286 Lettre
525 1259 566 1286 de
591 1259 904 1287 recommandation
928 1268 967 1286 en
994 1260 1111 1287 faveur

340 1294 382 1321 de
405 1295 438 1322 M
443 1294 478 1312 lle
503 1295 625 1322 Léonie
648 1296 802 1329 Georges.

253 1357 344 1388 4300
371 1359 602 1388 DEVERIA
631 1359 813 1397 (Achille),
842 1358 982 1390 célèbre
1010 1359 1108 1398 pein¬

299 1406 367 1436 tre.
386 1423 434 1427 —
456 1406 494 1437 L.
518 1415 550 1437 a.
572 1415 599 1437 s.
622 1407 643 1437 à
663 1406 890 1443 Tamburini,
912 1407 1040 1438 artiste
1061 1416 1107 1438 au

300 1453 457 1484 Théâtre
480 1454 617 1491 italien,
639 1454 739 1490 1833,
762 1455 773 1484 1
801 1463 834 1493 p.
860 1454 945 1484 in-8.
997 1455 1040 1485 30
1063 1455 1106 1486 fr.

381 1520 392 1533 «
409 1509 498 1536 C’est
513 1517 557 1536 un
570 1510 642 1537 vrai
653 1510 789 1543 chagrin
806 1518 890 1543 pour
901 1509 967 1536 moi
978 1510 1109 1537 d’avoir

336 1545 399 1572 fait
433 1553 479 1573 un
514 1546 659 1579 portrait
686 1546 744 1580 qui
771 1553 812 1572 ne
838 1553 921 1572 vous
956 1546 1020 1572 soit
1048 1554 1107 1579 pas

335 1581 501 1614 agréable.
527 1582 610 1609 Mais
635 1582 750 1616 quand
773 1582 805 1615 je
829 1581 895 1608 n’ai
920 1590 978 1615 pas
1003 1582 1106 1609 réussi

335 1616 354 1644 à
383 1625 426 1644 un
456 1618 589 1648 travail,
617 1618 637 1644 il
665 1617 763 1645 m’est
791 1616 983 1651 impossible
1009 1618 1051 1645 de
1078 1618 1107 1645 le

333 1661 591 1681 recommencer.
620 1664 630 1677 »

246 1715 335 1746 4301
365 1717 615 1746 DIDEROT.
656 1734 703 1737 —
741 1716 879 1747 Article
919 1725 1103 1756 anonyme

293 1764 339 1793 de
363 1763 519 1804 critique
543 1763 604 1795 sur
628 1763 766 1794 VEssai
789 1773 852 1794 sur
878 1763 1034 1803 Sénèque
1058 1765 1103 1795 de

294 1811 448 1842 Diderot
468 1821 476 1849 ;
517 1820 582 1842 ms.
623 1812 672 1842 du
712 1812 846 1842 XVIII
853 1817 864 1832 e
899 1811 1016 1842 siècle.
1060 1812 1099 1842 11

292 1866 402 1899 pages
432 1860 527 1898 petit
556 1859 644 1890 in-4.
983 1859 1026 1890 25
1055 1859 1098 1890 fr.

373 1915 452 1942 Très
482 1915 703 1942 intéressante
728 1914 830 1948 pièce.
861 1914 1012 1949 Critique
1034 1916 1100 1942 très

328 1950 549 1978 documentée
581 1959 637 1978 sur
668 1951 839 1984 l’ouvrage
872 1951 912 1977 de
946 1951 1100 1981 Diderot,

328 1987 386 2020 qui
410 1987 521 2020 paraît
544 1987 639 2014 avoir
663 1987 716 2014 été
739 1987 823 2014 faite
852 1995 913 2020 par
938 1995 1002 2014 une
1026 1995 1100 2020 per¬

327 2030 430 2050 sonne
450 2023 492 2050 de
515 2031 575 2050 son
599 2024 794 2056 entourage.

239 2085 330 2117 4302
357 2087 564 2117 DIONISI
605 2086 913 2126 (Giangiacomo),
957 2085 1096 2117 littéra¬

287 2135 368 2164 teur
391 2134 529 2171 italien,
554 2136 687 2165 auteur
709 2135 753 2164 de
777 2134 810 2165 la
837 2134 1096 2173 Preparazione

284 2181 352 2212 allô
372 2182 490 2212 studio
510 2182 548 2212 di
569 2182 682 2212 Dante
703 2181 955 2220 (1738-1808).
975 2199 1023 2203 —
1053 2182 1092 2213 L.

283 2238 316 2260 a.
331 2237 358 2260 s.
373 2229 433 2268 (en
445 2229 600 2269 italien),
614 2230 633 2260 à
648 2230 850 2260 Francesco
865 2229 1003 2265 Colmo,
1019 2237 1046 2260 s.
1057 2229 1092 2260 d.

282 2285 352 2307 une
377 2285 412 2316 p.
435 2277 511 2307 in-8
530 2278 600 2307 obi.
621 2286 670 2308 un
688 2286 760 2316 peu
778 2276 917 2307 froissé.
984 2277 1027 2307 20
1047 2276 1092 2308 fr.

364 2332 473 2360 Envoi
496 2333 577 2359 d’un
599 2333 683 2360 essai
705 2333 840 2366 promis.
865 2343 875 2356 «
899 2333 949 2359 On
973 2340 1006 2359 se
1028 2340 1094 2359 ser¬

319 2368 392 2395 vira
416 2376 501 2402 pour
526 2370 616 2395 cette
640 2369 837 2402 impression
863 2369 907 2395 du
934 2368 1094 2402 privilège

318 2404 376 2431 des
395 2404 511 2437 églises
529 2405 571 2431 de
590 2405 751 2431 Vorcella.
774 2414 784 2427 »
802 2406 866 2431 etc.

228 2466 320 2498 4303
349 2468 529 2497 DOCHE
582 2467 790 2507 (Eugénie),
842 2467 991 2499 actrice.
1043 2485 1092 2490 —

274 2514 403 2545 Lettre
423 2524 455 2546 a.
476 2524 503 2546 s.
524 2515 544 2546 à
563 2515 707 2554 Bocage
728 2525 736 2553 ;
757 2524 783 2546 s.
805 2515 840 2545 d.
862 2515 998 2554 (1851),
1018 2523 1090 2545 une

275 2570 311 2601 p.
339 2562 429 2592 in-8.
972 2562 1016 2593 20
1044 2562 1087 2593 fr.

357 2631 368 2644 «
398 2621 423 2647 Il
449 2620 548 2654 s’agit
573 2622 615 2648 de
641 2621 768 2648 donner
794 2629 836 2648 au
864 2620 1022 2647 souffleur
1047 2621 1089 2647 de

313 2655 346 2683 la
375 2655 733 2684 Porte-Saint-Martin
766 2657 1014 2683 l’autorisation
1046 2656 1088 2682 de

313 2699 366 2718 me
393 2693 505 2726 copier
532 2693 560 2719 le
588 2692 774 2720 manuscrit
801 2691 842 2720 de
870 2691 1018 2720 Claudie.
1046 2692 1088 2718 Je

312 2727 419 2754 désire
455 2729 551 2761 jouer
588 2728 759 2761 l’ouvrage
795 2727 815 2755 à
853 2727 1035 2754 Bruxelles.
1072 2739 1081 2750 »

223 2790 313 2821 4304
342 2791 636 2821 DONIZETTI
661 2792 876 2830 (Gaetano),
904 2791 1083 2829 composi¬

270 2840 363 2869 teur.
382 2855 430 2860 —
445 2838 556 2869 Billet
575 2848 606 2869 a.
624 2847 650 2870 s.
674 2840 688 2869 1
705 2839 740 2876 /2
760 2848 793 2878 p.
810 2839 886 2869 in-8
907 2839 1082 2876 (raccom¬

269 2884 408 2925 modé).
968 2886 1008 2916 12
1036 2885 1080 2915 fr.

220 2949 313 2981 4305
340 2951 509 2981 DORIA
560 2950 796 2991 (Sinibaldo),
848 2950 985 2990 évêque
1035 2950 1079 2980 de

266 2997 457 3029 Bénévent
481 3007 528 3029 m.
555 3007 597 3028 en
626 2999 725 3029 1733.
747 3016 795 3019 —
818 2998 945 3029 Lettre
967 3006 994 3028 s.
1018 2997 1077 3035 (en

267 3045 423 3084 italien),
447 3055 493 3077 au
518 3046 692 3077 Vice-Roi
717 3046 761 3076 de
785 3045 921 3084 Naples
942 3054 950 3082 ;
976 3045 1075 3082 1733,

268 3092 289 3125 3
314 3101 351 3132 p.
377 3092 465 3124 in-4.
958 3092 1003 3123 30
1030 3091 1072 3122 fr.

1327 282 1351 308 Il
1379 283 1535 317 explique
1562 285 1731 311 comment
1758 283 1788 310 le
1813 285 1959 310 couvent
1985 284 2044 310 des

1282 318 1440 345 Moniales
1464 320 1505 346 de
1528 320 1643 346 Sainte
1668 320 1844 347 Catherine
1860 320 1900 346 de
1925 320 2043 346 Sienne

1279 354 1320 380 de
1345 354 1566 382 Montefresco
1591 363 1610 382 a
1635 355 1688 382 été
1712 355 1853 382 détaché
1877 356 1918 382 de
1941 355 2043 382 l’obé¬

1279 390 1394 416 dience
1420 391 1461 417 de
1488 399 1546 417 son
1574 391 1715 422 diocèse,
1742 393 1774 417 et
1802 392 1970 417 comment
1996 390 2042 417 les

1279 425 1457 453 chanoines
1493 427 1534 453 de
1570 427 1692 460 l’église
1727 426 1895 459 collégiale
1930 427 1970 453 de
2006 434 2042 453 ce

1279 462 1386 488 même
1406 462 1550 493 endroit,
1570 463 1711 489 voulant
1730 463 1824 489 vivre
1845 473 1855 486 »
1876 469 1958 489 avec
1978 469 2042 489 une

1278 496 1395 524 liberté
1441 498 1598 524 séculière
1645 498 1845 531 prétendent
1883 506 1905 531 y
1948 497 2042 525 avoir

1277 533 1362 560 droit
1388 541 1485 566 parce
1507 541 1571 567 que
1592 533 1662 560 leur
1683 533 1805 566 collège
1826 542 1845 560 a
1867 534 1920 560 été
1942 533 2041 560 fondé

1277 576 1316 595 en
1341 569 1422 596 1395
1440 577 1501 603 par
1520 570 1565 596 les
1585 570 1719 596 anciens
1741 570 1805 596 rois
1827 570 1868 596 de
1881 569 2015 603 Naples.
2030 579 2041 592 »

1276 606 1338 631 etc.

1189 660 1279 692 4306
1306 663 1527 692 DROUYN
1547 663 1614 692 DE
1633 663 1816 693 L'HUYS
1835 662 2038 700 (Edmond)

1236 709 1382 740 homme
1411 709 1531 740 d’état
1559 709 1727 749 français.
1754 726 1804 732 —-
1831 710 1870 741 L.
1899 718 1932 741 a.
1961 717 1988 740 s.
2018 710 2038 740 à

1236 756 1424 794 Merruau,
1454 757 1554 794 1860,
1581 766 1653 788 une
1678 767 1712 797 p.
1740 757 1827 788 in-8.
1924 757 1968 788 20
1993 756 2037 787 fr.

1320 829 1330 842 «
1346 818 1390 845 Le
1405 819 1492 845 sieur
1507 819 1665 849 Graillon,
1680 818 1796 846 ancien
1810 818 1979 851 concierge
1994 818 2038 844 du

1274 854 1446 881 ministère
1468 854 1526 882 des
1550 855 1689 881 Affaires
1713 849 1912 887 Étrangères
1934 855 2038 887 ayant

1274 890 1421 923 éprouvé
1450 890 1507 917 des
1536 898 1647 917 revers
1676 891 1716 917 de
1746 891 1890 921 fortune,
1919 889 2038 916 désire¬

1275 926 1337 952 rait
1353 925 1527 953 vivement
1547 926 1618 953 être
1642 926 1774 953 nommé
1789 926 1978 959 inspecteur
1992 925 2036 951 du

1274 961 1476 994 balayage...
1509 963 1541 995 je
1570 969 1653 989 vous
1684 962 1783 988 serais
1814 961 2038 995 particulière¬

1273 999 1366 1024 ment
1387 997 1507 1031 obligé,
1529 999 1593 1024 etc.
1617 1008 1626 1021 »

1184 1060 1275 1091 4307
1303 1062 1376 1091 DU
1406 1062 1656 1092 BOGCAGE
1687 1061 1816 1101 (Marie
1847 1061 1895 1092 Le
1927 1060 2034 1101 Page,

1231 1108 1367 1148 dame),
1391 1108 1529 1139 célèbre
1553 1108 1728 1148 poétesse.
1749 1126 1795 1130 —
1818 1108 1857 1139 L.
1882 1117 1913 1139 a.
1937 1117 1964 1139 s.
1988 1117 2034 1139 au

1231 1156 1393 1196 marquis
1426 1157 1470 1187 de
1502 1155 1796 1196 Saint-Aignan),
1831 1155 1931 1192 1769,
1955 1156 1975 1186 2
1998 1163 2031 1194 p.

1232 1203 1317 1234 in-4.
1919 1203 1963 1234 30
1988 1203 2032 1234 fr.

1314 1277 1324 1289 «
1353 1266 1419 1293 J’ai
1444 1266 1538 1300 peine
1560 1265 1579 1293 à
1603 1273 1655 1293 me
1683 1265 1841 1293 défendre
1870 1265 1910 1292 de
1939 1264 2034 1291 l’illu¬

1269 1302 1341 1329 sion
1363 1309 1428 1336 que
1450 1304 1544 1328 votre
1572 1302 1688 1328 mérite
1716 1303 1748 1328 et
1771 1309 1825 1328 ma
1846 1301 1960 1327 vanité
1982 1308 2034 1328 me

1270 1338 1344 1365 font
1365 1346 1420 1364 sur
1434 1346 1493 1364 vos
1506 1338 1674 1372 louanges.
1695 1338 1737 1364 Je
1756 1344 1840 1364 vous
1860 1336 1943 1363 dirai
1960 1344 2033 1363 sou¬

1269 1376 1350 1400 vent
1375 1381 1415 1401 en
1438 1381 1512 1401 vers
1536 1381 1665 1400 comme
1689 1381 1729 1400 en
1754 1379 1859 1406 prose.

1312 1427 1349 1454 Si
1381 1429 1413 1454 lu
1445 1429 1564 1461 trompe
1595 1435 1647 1454 ma
1678 1426 1785 1453 vanité

1312 1464 1363 1489 Du
1382 1464 1487 1490 moins
1507 1463 1532 1489 le
1550 1463 1621 1489 soin
1640 1471 1698 1496 que
1716 1462 1818 1496 prend
1844 1462 1874 1488 ta
1896 1461 1952 1488 lire

1312 1499 1369 1526 Me
1388 1499 1436 1526 dit
1455 1507 1513 1533 que
1534 1498 1667 1525 l'amitié
1689 1498 1847 1531 l’inspire.

1311 1535 1354 1562 Ce
1374 1535 1450 1569 prix
1472 1536 1545 1561 vaut
1568 1533 1807 1561 Vimmortalité.

1180 1604 1270 1635 4308
1298 1605 1485 1634 DUMAS
1533 1603 1784 1643 (Alexandre),
1831 1603 1927 1642 père,
1975 1610 2029 1632 ro¬

1226 1652 1396 1683 mancier.
1418 1669 1466 1673 —
1489 1652 1612 1682 Lettre
1635 1660 1666 1682 a.
1690 1659 1717 1681 s.
1741 1651 1761 1681 à
1785 1650 1933 1686 Giraud,
1956 1649 2029 1680 édi¬

1227 1701 1319 1736 teur,
1341 1708 1368 1730 s.
1392 1700 1427 1730 d.
1451 1708 1520 1730 une
1543 1706 1633 1739 page
1659 1700 1672 1729 1
1689 1699 1736 1736 /2,
1752 1698 1840 1735 in-8,
1860 1697 1986 1737 papier
2008 1697 2027 1727 à

1224 1756 1289 1778 son
1317 1747 1457 1778 chiffre.
1911 1744 1955 1776 25
1982 1744 2026 1775 fr.

1307 1820 1317 1832 «
1345 1809 1386 1835 Je
1415 1809 1480 1835 suis
1508 1807 1616 1835 arrivé
1644 1807 1673 1834 le
1701 1806 1879 1834 dimanche
1907 1812 1980 1839 gras
2008 1805 2026 1832 à

1262 1844 1343 1872 trois
1366 1845 1493 1871 heures.
1517 1844 1558 1871 Je
1580 1851 1633 1870 me
1656 1843 1723 1870 suis
1746 1843 1860 1876 reposé
1883 1841 1912 1868 le
1934 1841 2026 1868 lundi

1261 1882 1295 1907 et
1316 1881 1344 1907 le
1364 1880 1470 1907 mardi
1489 1888 1497 1912 ;
1513 1880 1545 1913 je
1565 1880 1632 1906 suis
1652 1879 1715 1906 allé
1735 1887 1777 1905 au
1795 1878 1856 1905 Bal
1876 1877 2026 1911 masqué.

1261 1916 1312 1944 Ah
1331 1916 1337 1943 !
1355 1916 1437 1943 c’est
1464 1915 1494 1942 là
1521 1916 1623 1949 qu’on
1650 1916 1807 1941 retrouve
1828 1914 1859 1940 la
1876 1913 1929 1940 vie
1946 1912 1994 1940 !...
2015 1923 2026 1935 »

1173 1986 1264 2017 4309
1291 1987 1477 2016 DUMAS
1508 1986 1619 2015 FILS
1650 1984 1903 2023 (Alexandre),
1935 1982 2024 2014 célè¬

1220 2035 1282 2064 bre
1310 2036 1442 2064 auteur
1469 2032 1712 2072 dramatique.
1739 2049 1788 2054 —
1815 2031 1854 2062 L.
1884 2040 1916 2061 a.
1946 2038 1972 2060 s.
2002 2030 2022 2060 à

1219 2081 1371 2112 l’acteur
1411 2080 1641 2117 Lafontaine,
1682 2080 1714 2111 3.
1752 2087 1787 2119 p.
1822 2079 1836 2109 1
1852 2078 1886 2116 /2
1918 2077 1993 2108 in-8
2013 2086 2022 2114 ;

1218 2129 1351 2168 légères
1376 2128 1514 2159 taches.
1906 2125 1950 2155 40
1976 2124 2019 2155 fr.

1298 2190 1387 2217 Belle
1400 2190 1498 2217 lettre
1511 2197 1553 2216 au
1567 2189 1654 2222 sujet
1669 2188 1749 2215 d’un
1764 2187 1890 2214 article.
1907 2197 1917 2211 «
1929 2186 2023 2213 J’au¬

1254 2226 1320 2253 rais
1336 2228 1457 2253 autant
1474 2225 1560 2252 aimé
1576 2224 1658 2258 qu’il
1675 2232 1716 2251 ne
1732 2223 1833 2257 parût
1850 2230 1922 2256 pas,
1938 2221 2022 2249 mais

1253 2263 1286 2295 je
1311 2263 1378 2289 suis
1404 2260 1541 2288 habitué
1565 2260 1683 2294 depuis
1710 2259 1899 2292 longtemps
1924 2257 1943 2284 à
1968 2264 2021 2284 ces

1255 2298 1376 2331 petites
1394 2296 1646 2324 trahisons-là...
1667 2295 1756 2322 C’est
1774 2294 1940 2328 peut-être
1958 2300 2021 2319 une

1254 2333 1382 2364 sottise,
1407 2333 1489 2360 mais
1512 2339 1640 2358 comme
1663 2331 1695 2364 je
1719 2330 1785 2357 n’ai
1810 2330 1882 2363 plus
1907 2328 2020 2355 besoin

1252 2369 1405 2402 d’argent
1428 2368 1541 2401 j’aime
1564 2367 1676 2393 mieux
1701 2373 1742 2393 en
1766 2372 1888 2399 gagner
1912 2363 2020 2391 moins

1252 2406 1285 2432 et
1304 2404 1399 2432 avoir
1416 2412 1459 2431 un
1479 2403 1590 2430 succès
1610 2402 1772 2431 moindre,
1791 2408 1856 2435 que
1873 2401 1914 2427 de
1933 2407 2019 2426 rom¬

1252 2448 1310 2474 pre
1339 2441 1396 2467 des
1427 2448 1435 2467 î
1445 2439 1584 2466 dations
1616 2438 1673 2472 qui
1704 2437 1812 2464 m’ont
1842 2437 1934 2470 jours
1967 2435 2019 2462 été

1251 2476 1375 2507 chères,
1397 2477 1460 2502 etc.
1484 2486 1494 2498 »

1164 2539 1254 2569 4310
1281 2540 1468 2569 DUMAS
1514 2538 1624 2567 FILS
1670 2534 1922 2575 (Alexandre),
1967 2550 2015 2555 —

1211 2587 1336 2617 Lettre
1367 2595 1398 2618 a.
1426 2595 1453 2617 s.
1480 2586 1500 2616 à
1535 2593 1583 2616 un
1617 2583 1792 2619 confrère,
1817 2582 1838 2613 3
1864 2590 1898 2620 p.
1926 2580 2013 2612 in-8.

1900 2628 1944 2659 30
1970 2627 2012 2657 fr.

1295 2696 1317 2722 Il
1346 2696 1390 2722 lui
1417 2694 1571 2722 conseille
1600 2694 1640 2720 de
1666 2693 1790 2720 mettre
1815 2698 1874 2717 son
1900 2696 2014 2716 œuvre

1245 2739 1288 2758 au
1308 2732 1402 2764 point
1422 2739 1429 2762 ;
1445 2731 1503 2764 J’ai
1522 2738 1567 2757 vu
1588 2728 1739 2756 Claretie.
1762 2727 1786 2754 Il
1806 2734 1836 2757 a,
1856 2724 2014 2759 paraît-il,

1245 2768 1302 2793 des
1314 2768 1552 2799 engagements
1565 2764 1700 2792 formels
1713 2771 1796 2796 pour
1808 2762 1837 2789 le
1848 2767 2014 2788 commen¬

1244 2805 1376 2829 cement
1394 2803 1434 2829 de
1453 2803 1483 2829 la
1500 2801 1623 2828 saison.
1642 2799 1699 2827 S’il
1716 2798 1792 2826 n’en
1810 2797 1901 2825 avait
1918 2795 2013 2830 qu’a¬

1243 2845 1304 2864 vec
1330 2837 1410 2865 moi.
1440 2848 1450 2861 »

1156 2901 1243 2932 4311
1275 2902 1462 2931 DUMAS
1486 2899 1642 2939 (Marie),
1665 2897 1739 2929 fille
1761 2894 2009 2928 d’Alexandre

1203 2948 1343 2979 Dumas
1372 2948 1468 2986 père,
1497 2947 1643 2978 actrice.
1670 2962 1718 2967 —
1746 2945 1851 2975 Deux
1881 2943 2006 2973 lettres

1201 3005 1233 3026 a.
1258 3004 1285 3025 s.
1312 2994 1425 3032 Paris,
1451 2994 1540 3025 1867
1564 2996 1601 3024 et
1627 2993 1725 3029 1884,
1751 3000 1824 3022 eus.
1849 2990 1947 3020 deux
1970 2996 2005 3027 p.

1199 3043 1297 3072 in-12
1318 3043 1353 3072 et
1375 3042 1462 3078 in-4,
1484 3041 1579 3071 l’une
1599 3040 1721 3070 d’elles
1742 3046 1803 3077 sur
1821 3043 2006 3077 program¬

1197 3098 1250 3120 me
1270 3088 1403 3119 illustré
1419 3089 1507 3118 d’un
1525 3088 1568 3118 de
1586 3096 1640 3118 ses
1660 3087 1835 3118 concerts.
1886 3083 1930 3114 40
1957 3082 2003 3113 fr.
2050 3102 2052 3108 ■

638 3188 787 3216 ACHAT
821 3187 883 3214 DE
920 3185 1084 3213 LIVRES
1124 3185 1180 3212 ET
1216 3172 1593 3211 D’AUTOGRAPHES
