2069 3391
1430 130 1664 159 LIBRAIRIE
1701 133 1838 161 SIMON
1877 134 1968 162 KRA

195 112 219 153 6

193 206 285 239 4245
310 208 481 238 BODIN
512 209 562 247 (J.
597 209 674 249 H.),
706 209 884 249 médecin,
915 212 1049 243 auteur

240 254 287 286 de
304 255 483 294 plusieurs
502 264 681 297 ouvrages
700 258 745 289 de
763 259 984 299 pathologie.
1001 276 1049 282 —

243 303 368 334 Lettre
389 312 420 335 a.
442 312 469 335 s.
490 304 511 335 à
531 304 695 342 Sédillol,
716 315 762 337 an
784 306 838 344 13,
859 306 879 338 3
899 316 933 347 p.
957 307 1050 346 petit

243 350 331 382 in-4.
935 355 979 386 30
1004 355 1047 385 fr.

325 407 461 441 Longue
477 408 577 436 lettre
593 417 648 436 sur
664 408 760 437 l’état
776 410 817 437 de
833 410 864 437 la
881 411 1052 438 médecine

281 451 325 470 au
347 446 635 473 commencement
659 446 705 472 du
728 450 809 472 xix'’
832 439 939 474 siècle.
976 446 1053 473 Pré¬

281 480 451 507 sentation
471 481 512 507 de
532 481 577 508 Le
597 482 684 514 Roy,
704 481 855 509 médecin
873 482 1052 512 d’Anvers,

281 514 301 542 à
333 515 364 543 la
390 516 512 544 Société
525 516 750 544 d’Emulation
773 518 827 544 des
852 518 999 546 Sciences
1024 518 1051 545 et

280 551 334 578 des
387 552 476 579 Arts.
529 553 687 580 Méthode
739 553 1053 589 antidysentérique

281 587 390 614 Jacob
408 596 416 620 ;
433 588 494 615 elle
519 589 665 616 consiste
692 599 703 613 »
728 588 748 616 à
774 590 902 616 donner
928 591 969 617 de
995 590 1053 617 l’o¬

282 623 376 657 pium
394 632 437 651 au
455 625 655 658 demi-grain
673 633 716 652 ou
735 626 843 652 même
861 626 1053 660 davantage

282 659 324 687 de
346 660 436 687 deux
458 660 576 688 heures
598 669 640 689 en
661 661 751 688 deux
773 661 932 689 heures...
959 672 970 685 »

196 722 288 753 4246
315 723 700 755 BOISLECOMTE
800 725 1054 764 (Olivier-Sta¬

245 769 368 808 nislas,
415 773 536 803 comte
582 772 654 812 de),
702 773 965 804 ambassadeur
1010 781 1053 804 en

245 818 365 849 Suisse
389 820 425 850 et
448 819 468 850 à
492 820 641 859 Naples,
667 820 877 852 1800-1865.
900 838 947 843 —
969 821 1054 852 Let¬

244 867 300 897 tre
333 875 365 897 a.
401 875 428 898 s.
464 869 501 898 et
534 870 622 899 note
655 868 924 908 diplomatique
958 878 990 899 a.
1025 876 1053 899 s.

245 914 333 945 1847
352 916 389 945 et
409 915 509 953 1855,
529 924 602 947 eus.
623 916 643 947 9
661 923 770 956 pages
790 916 887 947 in-f°.
939 916 983 947 50
1008 916 1052 947 fr.

326 975 415 1003 Note
440 977 686 1012 diplomatique
710 978 836 1005 secrète
860 978 901 1005 de
925 978 956 1005 la
980 978 1054 1012 plus

284 1011 389 1039 haute
422 1012 645 1046 importance,
662 1021 718 1040 sur
751 1014 797 1040 les
830 1014 980 1041 troubles
1013 1015 1054 1042 de

283 1048 366 1075 1848
393 1047 413 1075 à
440 1049 577 1083 Naples.
607 1061 616 1074 «
644 1049 697 1076 On
724 1050 862 1083 regarde
888 1050 1055 1083 générale¬

284 1086 377 1111 ment
402 1084 431 1111 le
455 1085 520 1112 Roi
544 1086 586 1112 de
609 1085 735 1119 Naples
759 1093 889 1113 comme
914 1094 958 1113 un
983 1086 1054 1114 vrai

284 1120 478 1152 Lazzaroni,
505 1122 675 1151 méchant,
701 1122 819 1148 fourbe
845 1124 878 1149 et
904 1130 980 1149 sans
1007 1123 1055 1150 in¬

283 1156 458 1190 telligence
474 1165 482 1189 ;
500 1157 582 1184 c’est
602 1165 666 1185 une
685 1165 797 1184 erreur
814 1166 822 1189 ;
839 1158 868 1185 le
888 1159 952 1185 Roi
971 1166 990 1185 a
1009 1166 1054 1186 un

283 1193 389 1224 grand
418 1193 522 1227 esprit
551 1194 684 1221 d’ordre
713 1202 721 1225 ;
739 1194 761 1220 il
790 1194 944 1228 s’occupe
973 1201 1055 1221 avec

283 1228 355 1255 soin
397 1229 438 1256 de
480 1237 541 1256 son
582 1229 856 1257 administration
874 1238 882 1262 ;
900 1230 984 1261 mais
1024 1229 1054 1257 le

283 1264 365 1291 fond
393 1265 435 1291 de
463 1273 523 1292 son
551 1265 720 1293 caractère
748 1267 799 1293 est
828 1266 859 1293 la
887 1274 980 1300 peur,
1008 1267 1053 1297 et,

282 1299 304 1326 il
325 1300 467 1334 méprise
491 1309 542 1328 ses
566 1303 671 1335 sujets
695 1304 818 1329 autant
841 1302 923 1336 qu’il
945 1302 1053 1330 craint

282 1336 328 1363 les
351 1337 654 1365 révolutionnaires
677 1338 719 1365 de
741 1338 944 1365 l’extérieur.
971 1349 980 1362 »

197 1399 287 1432 4247
314 1401 644 1432 BONAPARTE
702 1402 1050 1442 (Julie-Charlotte),

243 1447 288 1479 de
325 1449 605 1489 Boccagiovine,
644 1449 719 1480 fille
757 1450 806 1481 du
844 1451 969 1490 prince
1007 1451 1051 1482 de

245 1495 396 1533 Canino,
415 1498 627 1535 1830-1885,
643 1498 777 1528 femme
794 1499 838 1529 de
854 1499 991 1530 lettres.
1005 1516 1053 1520 —

247 1544 370 1575 Lettre
387 1554 419 1576 a.
436 1554 464 1576 s.
483 1546 596 1583 Paris,
616 1546 716 1582 1867,
733 1545 754 1577 3
770 1554 804 1585 p.
822 1546 909 1577 in-8.
937 1547 981 1578 20
1007 1547 1049 1577 fr.

327 1606 399 1633 Elle
435 1607 602 1635 demande
638 1606 657 1634 à
693 1615 753 1635 son
789 1609 1054 1643 correspondant

283 1649 339 1669 sur
359 1642 390 1669 la
408 1643 721 1672 recommandation
749 1644 790 1671 de
818 1645 862 1672 M.
891 1645 985 1676 Caro,
1013 1645 1053 1673 de

284 1678 414 1705 vouloir
439 1679 516 1706 bien
540 1682 663 1707 mettre
687 1680 848 1714 quelques
872 1681 976 1714 lignes
1000 1688 1055 1708 sur

287 1722 347 1741 son
374 1714 501 1743 album.

197 1776 288 1808 4248
315 1778 541 1808 BONNAT
565 1777 710 1819 (Léon),
735 1779 766 1809 le
791 1779 930 1811 célèbre
955 1780 1054 1819 pein¬

245 1826 312 1855 tre.
337 1842 385 1847 —
411 1826 451 1857 L.
478 1835 511 1857 a.
538 1835 566 1858 s.
594 1827 614 1858 à
640 1836 711 1857 une
736 1827 833 1858 reine
854 1828 862 1864 ;
889 1828 1007 1865 Paris,
1033 1827 1054 1859 3

242 1872 346 1912 janv.
368 1873 457 1905 1893
477 1883 487 1912 ;
504 1874 525 1904 4
544 1884 579 1914 p.
599 1875 687 1906 in-8.
938 1876 983 1907 45
1010 1875 1052 1905 fr.

328 1929 477 1963 Superbe
505 1930 615 1958 lettre.
645 1941 655 1954 «
684 1931 762 1958 Mon
790 1932 894 1965 esprit
921 1930 1056 1958 attristé

285 1972 345 1998 par
371 1966 417 1992 les
443 1966 578 1993 misères
605 1968 650 1995 du
676 1969 839 1998 moment,
866 1976 885 1994 a
912 1975 988 2000 reçu
1015 1974 1055 1994 en

284 2000 397 2032 lisant,
411 2010 456 2029 un
469 2003 541 2029 vrai
553 2010 659 2036 rayon
672 2003 713 2029 de
726 2003 829 2035 soleil,
843 2011 907 2030 une
919 2002 1056 2030 envolée

284 2037 326 2064 de
344 2037 466 2071 poésie.
490 2038 516 2065 Il
536 2046 557 2072 y
576 2038 670 2066 avait
689 2039 722 2072 je
740 2046 781 2065 ne
801 2039 865 2066 sais
885 2038 961 2073 quel
982 2046 1056 2072 par¬

284 2073 356 2100 fum
382 2073 549 2105 d’Orient,
575 2076 629 2101 cet
656 2074 773 2102 Orient
799 2075 855 2109 qui
882 2083 966 2102 nous
993 2074 1054 2101 fait

284 2109 389 2140 rêver,
407 2117 491 2136 nous
517 2112 631 2137 autres
657 2110 808 2137 hommes
840 2111 881 2138 de
914 2111 1054 2141 l’Ouest,

284 2146 337 2171 cet
364 2145 493 2176 Orient,
519 2154 603 2180 pays
629 2146 686 2174 des
712 2147 801 2173 mille
827 2148 860 2173 et
886 2154 950 2173 une
976 2147 1054 2176 fées,

284 2181 341 2214 qui
368 2181 503 2214 captive
529 2182 555 2208 si
583 2182 827 2216 puissamment
853 2190 912 2209 nos
939 2181 1054 2215 imagi¬

284 2217 430 2244 nations.
458 2228 468 2240 »

198 2279 289 2311 4249
321 2280 564 2310 BORNIER
599 2281 730 2320 (Henri
766 2282 839 2320 de),
875 2282 981 2321 poète
1016 2282 1052 2312 et

246 2328 378 2360 auteur
406 2328 652 2368 dramatique.
680 2345 728 2350 —
757 2329 864 2360 Deux
892 2330 931 2360 L.
962 2338 993 2360 a.
1023 2336 1050 2360 s.

245 2373 282 2413 (à
300 2375 424 2414 Henri)
442 2375 657 2416 Houssaye),
678 2376 767 2407 1897
791 2378 826 2407 et
853 2377 952 2407 1899.
978 2377 998 2407 2
1017 2385 1050 2415 p.

246 2422 333 2459 in-8,
353 2423 585 2463 enveloppes.
605 2424 671 2455 Les
690 2424 787 2455 deux
805 2424 929 2455 lettres
948 2425 992 2455 40
1008 2424 1050 2454 fr.

327 2485 361 2516 a)
380 2494 390 2507 »
414 2484 503 2511 C’est
526 2485 740 2512 absolument
763 2486 849 2513 beau
873 2486 914 2513 de
936 2486 1054 2516 calme,

284 2519 540 2553 d’impartialité
565 2522 685 2552 même,
710 2529 793 2548 avec
819 2529 883 2548 une
908 2522 1054 2548 certaine

285 2556 480 2583 mélancolie
496 2557 553 2590 qui
571 2557 640 2584 sied
658 2556 677 2583 à
694 2557 856 2584 l’histoire
872 2558 913 2584 de
931 2558 1024 2584 1915.
1044 2567 1054 2579 »

328 2591 363 2621 b)
382 2602 392 2615 »
416 2592 519 2619 Votre
543 2592 713 2620 Waterloo
737 2594 788 2620 est
811 2594 852 2620 de
875 2594 906 2620 la
930 2594 1054 2626 grande

284 2627 433 2658 histoire,
467 2628 496 2654 le
528 2628 610 2655 récit
643 2628 684 2655 de
717 2628 885 2655 l’horrible
918 2629 1054 2656 bataille

284 2665 335 2689 est
356 2671 400 2690 un
421 2663 496 2690 chef
516 2663 679 2694 d’œuvre,
700 2664 745 2690 les
766 2671 866 2698 pages
886 2665 927 2692 de
947 2665 978 2692 la
998 2664 1054 2692 dé¬

284 2700 381 2726 route
404 2700 480 2725 sont
504 2700 720 2733 effrayantes.
747 2710 757 2723 -

198 2763 289 2794 4250
315 2762 555 2792 BORNIER
579 2762 710 2801 (Henri
735 2763 806 2802 de).
830 2781 877 2785 —
902 2764 941 2794 L.
966 2773 998 2795 a.
1024 2771 1051 2794 s.

248 2811 262 2840 1
282 2818 317 2850 p.
335 2809 445 2840 in-12.
939 2812 980 2842 10
1007 2811 1050 2842 fr.

197 2881 285 2913 4251
314 2882 526 2911 BOTREL
547 2879 780 2919 (Théodore),
802 2882 914 2912 barde
936 2891 1049 2921 popu¬

244 2929 342 2960 laire.
362 2946 411 2950 —
440 2928 547 2959 Carte
576 2928 718 2967 postale
749 2928 908 2959 illustrée
938 2930 982 2960 de
1009 2938 1048 2961 sa

244 2976 512 3016 photographie
531 2977 567 3006 et
585 2976 629 3006 de
648 2975 734 3005 celle
754 2975 798 3005 de
822 2984 861 3006 sa
886 2976 1019 3006 femme
1039 2985 1047 3013 ;

243 3024 288 3055 20
306 3024 418 3063 lignes
439 3024 516 3056 aut.
541 3032 568 3054 s.
933 3024 974 3054 15
1001 3024 1044 3054 fr.

1122 212 1212 243 4252
1240 214 1617 251 BOUCHARDAT,
1668 216 1877 248 chimiste
1926 218 1968 248 et

1170 261 1405 299 pharmacien
1437 262 1679 303 (1806-1856).
1711 280 1757 286 —
1789 264 1829 296 L.
1861 273 1894 295 a.
1926 272 1968 302 s.,

1173 309 1188 338 1
1210 316 1245 347 p.
1266 308 1354 347 in-4,
1374 318 1435 341 sur
1454 309 1592 341 bristol.
1857 311 1898 343 25
1925 311 1968 343 fr.

1252 371 1407 399 Curieuse
1425 372 1533 399 lettre.
1555 373 1709 407 Réponse
1726 372 1746 400 à
1765 381 1809 401 un
1828 373 1895 401 ami
1914 374 1971 407 qui

1210 406 1255 433 lui
1281 408 1445 436 demande
1472 408 1513 435 de
1540 408 1584 435 lui
1613 411 1721 436 tracer
1745 417 1785 436 en
1812 409 1971 444 quelques

1209 442 1312 476 lignes
1346 444 1392 471 les
1426 444 1598 478 préceptes
1624 444 1801 479 d’hygiène
1827 445 1872 473 les
1898 445 1972 479 plus

1210 478 1424 512 importants.

1125 545 1214 576 4253
1241 538 1449 575 BOUFFÉ
1486 525 1915 584 (Hugues-Marie).*
1926 561 1971 566 —

1173 593 1357 632 Vingt-six
1382 593 1507 624 lettres
1543 592 1592 623 du
1623 591 1762 623 célèbre
1790 593 1915 624 acteur
1934 593 1969 623 et

1172 641 1334 672 d’autres
1358 640 1539 671 membres
1560 640 1605 670 de
1617 648 1655 671 sa
1675 640 1825 677 famille,
1846 649 1877 670 a.
1896 647 1923 670 s.
1949 640 1969 670 à

1186 689 1323 728 Dutacq
1337 691 1373 720 et
1384 689 1544 720 diverses
1560 696 1768 727 personnes,
1782 687 1883 724 1849,
1896 695 1969 718 ens.

1175 736 1218 767 30
1244 745 1280 776 p.
1308 736 1394 774 in-8,
1414 744 1503 768 avec
1529 735 1668 766 en-tête
1693 736 1742 766 du
1779 746 1791 762 «
1816 733 1971 765 Théâtre

1174 784 1222 815 du
1250 783 1463 815 Vaudeville
1487 795 1513 814 ».
1857 781 1901 812 25
1926 781 1969 812 fr.

1127 849 1216 880 4254
1243 849 1572 880 BOULANGER
1625 848 1778 888 (Louis),
1832 846 1971 887 peintre

1174 898 1417 937 romantique.
1433 914 1482 919 —
1498 897 1537 927 L.
1557 905 1588 927 a.
1607 904 1634 927 s.
1653 896 1674 927 à
1691 904 1740 927 un
1757 896 1881 931 maire,
1901 895 1916 925 1
1936 903 1970 933 p.

1174 945 1261 983 in-4,
1287 944 1398 977 collée
1422 953 1483 976 sur
1507 943 1647 975 bristol.
1858 942 1902 973 30
1927 941 1970 973 fr.

1258 1009 1283 1036 Il
1300 1016 1451 1036 annonce
1469 1008 1551 1042 qu’il
1568 1008 1613 1034 lui
1631 1014 1768 1034 enverra
1785 1006 1805 1034 à
1822 1005 1975 1039 l’exposi¬

1211 1045 1283 1072 tion
1300 1045 1381 1079 qu’il
1399 1045 1575 1079 patronne,
1593 1051 1637 1070 un
1654 1043 1789 1070 tableau
1806 1041 1974 1075 représen¬

1211 1083 1286 1108 tant
1319 1089 1383 1108 une
1412 1080 1509 1108 scène
1546 1080 1588 1107 de
1617 1079 1778 1112 Mazeppa
1808 1077 1905 1111 (tirée
1934 1077 1976 1103 de

1213 1118 1300 1144 Lord
1322 1117 1461 1151 Byron).
1486 1126 1496 1139 »
1513 1116 1556 1143 M.
1571 1115 1671 1142 Louis
1685 1114 1791 1141 Amiel
1814 1122 1832 1141 a
1855 1113 1941 1146 joint
1955 1111 1974 1139 à

1213 1161 1291 1180 mon
1309 1153 1445 1180 tableau
1465 1159 1530 1179 une
1548 1151 1648 1178 étude
1666 1151 1707 1178 de
1725 1150 1841 1177 cheval
1859 1148 1879 1175 à
1897 1148 1976 1175 l’en¬

1213 1189 1283 1216 trée
1304 1189 1405 1217 d’une
1426 1189 1528 1221 forge.
1552 1198 1562 1211 »

1126 1247 1215 1278 4255
1241 1246 1523 1278 BOURBAKI
1573 1241 1975 1285 (Charles-Denis-

1174 1295 1332 1335 Sauter),
1352 1293 1496 1335 général
1512 1292 1682 1332 français,
1703 1289 1910 1322 1834-1897.
1928 1306 1973 1311 —

1173 1343 1298 1374 Lettre
1320 1352 1351 1374 a.
1374 1351 1401 1374 s.
1430 1341 1466 1381 (à
1490 1341 1543 1371 De
1565 1339 1742 1379 Mazade),
1773 1337 1873 1374 1875,
1904 1345 1974 1367 une

1172 1400 1206 1430 p.
1239 1391 1326 1422 in-8.
1860 1384 1903 1416 25
1929 1384 1972 1415 fr.

1253 1451 1538 1479 Remerciements
1565 1457 1649 1483 pour
1684 1448 1805 1476 l’envoi
1840 1447 1880 1474 de
1916 1453 1974 1473 son

1210 1489 1250 1515 liv
1259 1496 1293 1515 re
1311 1496 1366 1515 sur
1383 1488 1415 1515 la
1432 1487 1557 1514 Guerre
1574 1486 1615 1513 de
1633 1485 1726 1512 1870.
1747 1495 1758 1508 »
1773 1484 1815 1511 Je
1832 1482 1899 1510 n’ai
1917 1490 1976 1515 pas

1211 1531 1328 1551 encore
1349 1532 1388 1551 eu
1408 1524 1438 1550 le
1457 1524 1567 1555 temps
1586 1522 1627 1548 de
1646 1521 1675 1548 le
1694 1521 1763 1550 lire,
1783 1519 1866 1547 mais
1885 1519 1917 1551 je
1936 1525 1977 1545 ne

1212 1568 1301 1587 veux
1324 1568 1384 1594 pas
1406 1559 1563 1587 attendre
1586 1557 1659 1591 plus
1682 1557 1870 1589 longtemps
1893 1561 1976 1588 pour

1212 1605 1296 1623 vous
1324 1596 1489 1630 exprimer
1516 1601 1585 1621 mes
1612 1593 1810 1620 sentiments
1837 1590 1877 1618 de
1905 1596 1976 1623 gra¬

1214 1633 1335 1660 titude.
1367 1643 1376 1655 »

1127 1703 1216 1733 4256
1244 1689 1784 1732 BOURBON-CONDÉ
1833 1694 1974 1735 (Louis-

1175 1750 1301 1787 Henri,
1342 1749 1465 1789 prince
1505 1746 1577 1786 de),
1617 1744 1771 1785 premier
1810 1742 1974 1774 ministre

1174 1806 1257 1829 sous
1279 1797 1387 1828 Louis
1407 1795 1546 1827 XV.—
1565 1793 1667 1824 Pièce
1685 1801 1726 1829 s.,
1740 1791 1851 1827 Paris,
1873 1789 1973 1825 1732,

1174 1846 1195 1876 3
1220 1855 1254 1885 p.
1280 1845 1368 1882 in-4,
1393 1842 1614 1884 parchemin.
1637 1857 1685 1862 —
1709 1840 1764 1870 On
1788 1847 1812 1878 y
1836 1846 1856 1869 a
1879 1836 1973 1876 joint

1175 1903 1224 1924 un
1243 1893 1381 1924 feuillet
1402 1893 1447 1922 de
1467 1891 1642 1929 comptes,
1663 1896 1751 1919 avec
1770 1886 1859 1917 trois
1879 1885 1974 1915 mots

1176 1950 1207 1972 a.
1225 1943 1261 1972 et
1275 1949 1324 1972 un
1340 1939 1513 1980 paraphe,
1527 1937 1626 1968 1717.
1644 1935 1664 1967 3
1678 1945 1712 1975 p.
1730 1934 1828 1965 in-f°.
1872 1932 1915 1962 40
1930 1931 1973 1963 fr.

1257 2002 1392 2029 Extrait
1412 2001 1492 2028 d’un
1514 1999 1679 2031 fragment
1700 1998 1728 2024 le
1747 1995 1976 2024 condamnant

1213 2038 1232 2066 à
1270 2046 1372 2072 payer
1408 2037 1426 2064 à
1462 2036 1608 2069 Jacques
1644 2034 1685 2061 de
1727 2030 1976 2060 Saint-Gobert,

1214 2075 1324 2108 prêtre
1348 2074 1458 2108 doyen
1483 2072 1523 2098 de
1548 2070 1669 2103 l’église
1693 2069 1734 2096 de
1760 2068 1853 2095 Saint
1880 2066 1975 2093 Itieul

1213 2111 1254 2137 de
1283 2110 1400 2141 Senlis,
1429 2109 1502 2141 sept
1531 2107 1635 2133 mines
1664 2106 1697 2132 et
1725 2105 1825 2137 demy
1854 2102 1895 2129 de
1923 2101 1976 2128 blé

1213 2147 1325 2173 méteil
1343 2154 1385 2173 au
1403 2145 1478 2178 jour
1494 2143 1535 2170 de
1553 2141 1787 2169 Saint-Martin
1805 2137 1944 2166 d’hiver.
1965 2147 1975 2159 »

1215 2183 1260 2209 La
1288 2182 1397 2209 feuille
1415 2181 1455 2207 de
1472 2180 1605 2211 compte
1632 2177 1788 2204 énumère
1814 2175 1859 2202 les
1887 2173 1974 2207 paie¬

1213 2219 1323 2245 ments
1346 2217 1424 2244 faits
1447 2223 1490 2242 au
1513 2215 1623 2241 comte
1646 2213 1686 2240 de
1710 2209 1889 2239 Charolais.

1126 2283 1216 2313 4257
1243 2280 1474 2311 BRAVAIS
1525 2276 1735 2317 (Auguste),
1772 2271 1972 2314 physicien,

1173 2330 1312 2361 célèbre
1337 2337 1402 2368 par
1426 2335 1480 2358 ses
1505 2325 1632 2356 études
1656 2332 1717 2354 sur
1742 2323 1774 2353 la
1799 2318 1972 2352 cristallo¬

1175 2378 1334 2417 graphie.
1357 2393 1405 2398 —
1429 2375 1467 2406 L.
1494 2383 1524 2404 a.
1551 2381 1577 2403 s.
1603 2372 1623 2402 à
1648 2371 1695 2402 M.
1723 2368 1844 2405 Lamé,
1872 2366 1971 2403 1854,

1177 2427 1189 2456 1
1219 2434 1253 2465 p.
1280 2424 1367 2461 in-8,
1392 2420 1502 2454 collée
1526 2429 1587 2451 sur
1611 2418 1748 2450 bristol.
1858 2414 1901 2445 25
1928 2413 1970 2444 fr.

1256 2487 1370 2514 Lettre
1394 2483 1624 2512 intéressante.
1651 2491 1661 2504 »
1685 2480 1726 2507 Je
1751 2485 1833 2505 vous
1857 2473 1974 2503 envoie

1213 2531 1290 2550 mon
1324 2520 1480 2549 mémoire
1507 2526 1562 2545 sur
1589 2517 1618 2544 le
1644 2515 1787 2550 pendule
1820 2512 1972 2544 conique.

1211 2559 1279 2586 J’ai
1313 2566 1371 2591 par
1403 2557 1520 2584 devers
1553 2553 1618 2580 moi
1652 2559 1697 2579 un
1729 2548 1887 2577 mémoire
1917 2554 1973 2574 sur

1212 2593 1437 2628 l’explication
1464 2589 1637 2622 théorique
1662 2588 1707 2614 du
1734 2586 1795 2613 fait
1821 2585 1861 2611 de
1888 2583 1972 2609 Fou¬

1211 2630 1302 2657 cault
1321 2631 1353 2656 et
1374 2636 1414 2655 en
1431 2625 1563 2662 général
1582 2632 1637 2650 sur
1656 2623 1700 2650 les
1721 2633 1731 2645 -
1749 2620 1864 2648 éclairs
1875 2619 1908 2645 et
1927 2617 1972 2644 les

1212 2665 1435 2700 phénomènes
1456 2662 1497 2689 de
1517 2661 1548 2688 la
1570 2660 1709 2687 surface.
1733 2667 1744 2680 »

1126 2731 1215 2762 4258
1242 2728 1460 2760 BRETON
1492 2723 1637 2763 (Jules),
1671 2721 1809 2753 célèbre
1841 2726 1969 2759 paysa¬

1173 2779 1274 2817 giste.
1299 2794 1347 2798 —
1371 2776 1410 2806 L.
1437 2783 1469 2806 a.
1495 2781 1522 2803 s.
1549 2772 1570 2802 à
1594 2779 1643 2802 un
1668 2769 1841 2804 confrère,
1869 2763 1968 2801 1886,

1172 2826 1192 2857 3
1213 2834 1247 2864 p.
1269 2825 1305 2855 in
1325 2825 1355 2854 8.
1854 2812 1898 2843 40
1924 2811 1967 2842 fr.

1252 2885 1372 2912 J’étais
1400 2884 1483 2910 dans
1511 2888 1555 2907 un
1584 2880 1625 2906 de
1653 2885 1705 2905 ces
1733 2875 1898 2903 moments
1927 2873 1969 2899 où

1209 2929 1278 2949 mes
1300 2920 1458 2948 tableaux
1481 2917 1538 2951 qui
1560 2923 1612 2942 me
1634 2911 1848 2947 passionnent
1870 2908 1969 2935 d’une

1209 2959 1306 2990 façon
1327 2954 1481 2983 absurde,
1502 2959 1554 2978 me
1575 2950 1725 2978 donnent
1744 2948 1821 2974 tant
1841 2945 1882 2972 de
1902 2944 1968 2970 mal

1207 2993 1305 3027 qu’ils
1339 2988 1567 3018 m’absorbent
1600 2984 1819 3013 entièrement
1849 2988 1889 3007 en
1917 2987 1969 3006 me

1207 3029 1346 3056 laissant
1366 3024 1500 3060 stupide
1520 3030 1604 3057 pour
1624 3021 1654 3048 le
1673 3021 1770 3047 reste.
1793 3028 1804 3042 »

610 3116 760 3145 ACHAT
796 3116 857 3144 DE
894 3116 1055 3145 LIVRES
1092 3117 1148 3144 ET
1185 3104 1560 3142 D’AUTOGRAPHES
