2085 3423
613 181 1315 247 CATALOGUE

77 311 165 342 4201
194 311 380 341 ABOUT
415 310 633 350 (Edmond),
670 311 810 342 célèbre
845 310 934 342 écri¬

124 358 223 390 vain.
240 376 287 381 —
304 359 344 390 L.
363 367 395 390 a.
414 367 441 389 s.
462 359 576 396 ,1865,
595 359 616 390 3
633 367 668 399 p.
688 359 775 390 in-8.
826 359 871 394 30
888 359 931 390 fr.

207 421 363 450 Curieuse
384 421 483 448 lettre
505 422 589 449 dans
611 421 754 456 laquelle
776 421 797 448 il
819 429 936 449 reven¬

163 458 265 492 dique
290 458 322 485 la
346 458 465 485 liberté
490 457 656 491 complète
683 466 767 491 pour
792 458 821 484 le
846 465 936 485 com¬

164 501 273 521 merce
293 494 335 521 de
355 494 387 521 la
407 494 564 521 librairie.
588 504 598 517 -
620 494 668 520 La
689 493 759 527 pire
779 495 873 527 peste
894 493 937 520 de

163 531 261 557 notre
291 537 375 564 pays
406 531 457 557 est
486 529 691 563 l’ignorance
721 529 859 556 absolue
890 530 936 556 du

164 566 285 600 peuple
316 573 372 593 sur
403 566 448 592 les
480 566 653 600 questions
685 566 742 599 qui
774 565 936 592 l’intéres¬

165 603 240 629 sent
268 602 297 629 le
325 602 440 636 plus...
472 602 550 628 telle
584 609 763 628 commune
791 603 834 628 où
864 608 937 634 per¬

164 645 268 665 sonne
294 646 337 665 ne
363 637 513 665 s’établit
540 638 686 669 libraire,
703 645 737 664 se
764 638 890 664 mettra
917 636 938 664 à

164 674 300 701 acheter
335 674 393 701 des
428 674 527 701 livres
564 674 679 708 quand
715 673 872 707 l’épicier,
908 673 937 699 le

165 710 303 737 mercier
315 712 347 737 et
360 711 437 737 tous
449 710 495 737 les
507 710 611 744 petits
623 710 826 737 marchands
838 717 938 743 pour¬

165 747 243 773 ront
264 753 304 773 en
326 746 461 773 vendre.
486 756 496 769 -

80 815 170 847 4202
197 809 483 847 ABRANTÈS
511 816 646 856 (I.aurc
674 816 842 852 Lennon,
870 816 936 846 du¬

127 863 252 895 chesse
270 864 334 904 d’),
354 864 488 895 femme
508 864 556 895 du
578 863 722 904 général
741 864 871 895 Junot.
890 881 937 885 —

128 912 254 943 Lettre
280 920 312 943 a.
339 921 380 950 s.,
407 913 427 943 4
453 921 488 952 p.
516 912 604 943 in-8.
820 912 865 942 50
891 911 934 942 fr.

211 973 359 1008 Superbe
392 973 491 1001 lettre
523 974 676 1001 adressée
708 973 727 1001 à
761 982 806 1001 un
838 974 938 1006 jeune

168 1010 276 1043 poète.
298 1021 308 1034 »
326 1010 394 1037 J’ai
412 1010 465 1037 été
483 1010 638 1041 touchée,
656 1010 740 1037 mais
758 1010 902 1037 touchée
919 1009 939 1036 à

168 1045 266 1073 l’àme
292 1046 333 1073 de
359 1048 456 1073 votre
481 1046 668 1074 admirable
693 1046 873 1080 simplicité
898 1053 939 1072 en

168 1082 285 1109 louant
308 1082 424 1109 Victor
447 1083 558 1116 Hugo,
581 1090 622 1109 en
644 1083 758 1109 disant
780 1090 830 1109 ses
852 1089 940 1112 vers,

168 1125 208 1145 en
234 1119 413 1152 appuyant
438 1126 494 1145 sur
519 1118 605 1145 leurs
631 1118 782 1149 beautés,
808 1118 854 1144 les
881 1117 941 1144 fai¬

169 1155 246 1181 sant
281 1162 475 1188 remarquer
510 1162 594 1182 avec
630 1161 694 1181 une
730 1155 863 1181 adresse
899 1154 941 1180 de

169 1189 264 1217 frère.
299 1190 377 1217 Cela
410 1192 461 1217 est
494 1190 584 1222 bien,
617 1190 787 1217 vraiment
820 1190 938 1216 bien...

168 1226 211 1253 Je
231 1226 303 1253 dois
324 1227 458 1259 ajouter
479 1226 669 1260 qu’aimant
691 1226 808 1253 Victor
829 1226 941 1259 Hugo,

169 1261 266 1289 étant
284 1262 499 1289 admiratrice
517 1263 559 1290 de
577 1270 637 1289 son
655 1262 764 1289 talent
783 1270 826 1289 au
845 1262 942 1295 point

170 1298 212 1324 de
243 1298 385 1332 prendre
416 1298 445 1325 le
482 1299 561 1326 nom
599 1298 852 1332 d’hugonienne,
882 1298 941 1331 j’ai

169 1334 240 1367 joui
261 1334 302 1361 de
322 1341 383 1362 son
403 1334 494 1368 éloge
514 1335 578 1361 fait
597 1342 659 1368 par
678 1342 724 1361 un
743 1334 880 1361 homme
896 1333 941 1360 tel

171 1377 236 1404 que
256 1377 381 1398 vous...
407 1380 418 1394 »

84 1439 176 1471 4203
202 1441 488 1471 ABRANTES
511 1440 740 1480 (Joséphine,
764 1440 941 1471 duchesse

132 1487 197 1527 d’),
219 1487 294 1519 fille
316 1488 361 1519 de
382 1488 416 1520 la
438 1487 669 1528 précédente.
689 1506 738 1510 —
759 1489 886 1519 Lettre
908 1497 940 1519 a.

132 1543 160 1566 s.
195 1535 216 1566 à
249 1545 299 1567 un
332 1536 486 1568 docteur
517 1536 613 1576 (vers
649 1536 767 1576 1839),
801 1545 872 1567 une
904 1544 940 1575 p.

133 1583 169 1614 in
189 1583 221 1614 8.
826 1584 868 1615 15
896 1584 941 1614 fr.

217 1656 229 1670 «
254 1646 306 1673 Ne
331 1653 416 1673 vous
442 1646 627 1673 étiez-vous
654 1653 714 1680 pas
739 1645 899 1673 intéressé
925 1644 944 1672 à

173 1689 229 1710 ma
261 1682 362 1714 mère,
394 1690 436 1709 ne
468 1682 687 1710 l’aviez-vous
720 1690 779 1715 pas
812 1681 945 1715 soignée

172 1726 304 1745 comme
325 1726 371 1745 un
394 1718 457 1745 fils.
480 1718 514 1746 Si
534 1726 619 1745 vous
641 1718 792 1745 l’eussiez
812 1717 946 1751 soignée

173 1755 256 1786 seul,
295 1755 464 1788 peut-être
500 1754 704 1781 vivrait-elle
741 1762 860 1781 encore
878 1753 894 1780 ?
934 1764 945 1777 »

88 1825 178 1856 4204
206 1826 362 1856 ADAM
387 1825 599 1865 (Adolphe),
627 1825 875 1864 compositeur
901 1825 945 1855 de

137 1873 317 1913 musique.
338 1891 386 1895 —
407 1873 447 1904 L.
470 1882 502 1905 a.
525 1882 552 1904 s.
576 1874 596 1904 à
618 1874 666 1904 M.
688 1873 844 1912 Bocage,
866 1873 887 1903 2
908 1881 943 1912 p.

139 1920 226 1952 in-8.
828 1920 872 1951 20
901 1920 944 1951 fr.

221 1976 549 2004 Recommandation
595 1983 636 2004 en
682 1976 801 2003 faveur
846 1975 948 2003 d’une

178 2013 313 2040 actrice.

92 2083 182 2114 4205
209 2084 365 2113 ADAM
398 2082 615 2122 (Edmond),
650 2082 768 2122 préfet
801 2082 846 2112 de
880 2082 947 2112 Po¬

139 2130 276 2161 lice.—
298 2130 337 2161 L.
361 2139 393 2162 a.
416 2139 444 2162 s.
466 2130 610 2170 janvier
633 2130 734 2167 1871,
760 2131 774 2160 1
800 2138 834 2169 p.
859 2129 945 2160 in-8.

835 2177 875 2208 12
902 2177 946 2208 fr.

228 2234 252 2261 Il
282 2234 518 2262 recommande
549 2242 594 2261 un
621 2234 722 2267 jeune
751 2234 886 2260 homme
916 2234 949 2260 et

180 2270 347 2298 demande
384 2271 426 2297 de
462 2270 492 2297 le
529 2270 611 2297 faire
648 2272 760 2297 entrer
796 2270 880 2296 dans
918 2269 949 2296 la

183 2307 293 2334 Garde
322 2306 504 2338 Nationale
533 2306 732 2333 sédentaire.

94 2376 186 2408 4206
212 2377 411 2407 AICARD
440 2376 579 2416 (Jean),
606 2377 714 2415 poète
742 2377 778 2406 et
806 2384 950 2406 roman¬

143 2425 226 2456 cier.
253 2442 302 2446 —
329 2424 369 2456 L.
398 2433 431 2456 a.
458 2433 487 2456 s.
517 2424 538 2456 à
565 2433 615 2455 un
643 2424 818 2461 confrère,
848 2423 950 2460 1899,

147 2474 162 2504 1
190 2481 226 2512 p.
253 2472 341 2504 in-8.
839 2471 880 2502 15
907 2471 950 2502 fr.

230 2534 256 2561 Il
286 2534 421 2561 renvoie
450 2534 508 2561 des
538 2534 699 2568 épreuves
729 2532 891 2566 corrigées
921 2534 954 2559 et

184 2570 275 2598 deux
297 2577 372 2597 vers
397 2570 616 2597 transformés
646 2576 776 2596 comme
801 2569 822 2595 il
853 2569 921 2595 suit
947 2590 954 2598 .

229 2618 240 2645 »
256 2618 342 2645 Vous
371 2618 432 2645 êtes
462 2625 528 2645 mes
559 2617 661 2649 biens,
690 2625 764 2644 mon
795 2617 928 2644 château

231 2654 292 2682 Ma
317 2654 405 2681 Belle
430 2654 536 2681 Etoile
560 2656 589 2680 et
613 2661 688 2680 mon
716 2653 888 2686 flambeau.
903 2663 913 2676 »

99 2725 190 2756 4207
216 2725 429 2755 ALBANY
473 2724 525 2763 (M
530 2727 570 2742 me
614 2723 710 2763 Th.),
756 2723 955 2754 chanteuse

149 2772 320 2812 anglaise.
354 2788 403 2795 —-
436 2771 475 2803 L.
512 2781 544 2803 a.
583 2780 610 2802 s.
643 2771 703 2810 (en
730 2770 897 2810 anglais),
935 2770 955 2801 à

150 2819 289 2851 Mischa
312 2819 424 2857 Léon,
448 2819 550 2857 1923,
576 2820 592 2850 1
618 2827 653 2859 p.
677 2819 788 2849 in-12.
842 2818 884 2848 10
911 2817 955 2848 fr.

1056 311 1164 342 lettre
1193 312 1242 343 du
1271 312 1416 352 général
1445 313 1649 351 Herbillon,
1679 317 1867 345 commarl-

1056 359 1149 390 dant
1170 360 1204 391 la
1225 361 1399 400 province
1420 362 1465 392 de
1486 361 1741 400 Constantine,
1764 361 1865 394 1848.

1057 415 1130 438 ens.
1155 407 1175 438 6
1197 416 1232 447 p.
1258 409 1274 439 1
1290 408 1338 447 /2,
1360 409 1448 440 in-f°
1469 418 1478 446 ;
1751 410 1795 442 25
1822 410 1866 442 fr.

1140 469 1268 496 Relatif
1304 469 1323 497 à
1360 470 1501 498 l’affaire
1538 471 1582 498 du
1621 472 1791 506 Zouagha,
1828 480 1869 499 en

1096 505 1279 539 Khabylie.
1318 507 1365 533 La
1403 507 1528 534 Guerre
1572 508 1687 535 Sainte
1730 508 1870 542 prêchée

1096 549 1157 574 par
1178 541 1208 568 le
1230 542 1412 569 marabout
1432 543 1630 571 Bilkassem.
1655 544 1803 578 Capture
1824 544 1870 571 du

1097 577 1201 604 Cheik
1242 578 1459 606 Mohammed
1499 579 1564 606 ben
1604 580 1765 612 Azzedin,
1805 582 1870 608 etc.

1011 647 1101 679 4209
1128 648 1373 680 ALOPEUS
1425 649 1577 688 (David,
1629 651 1752 682 comte
1802 650 1869 690 d’),

1059 695 1262 735 diplomate
1300 705 1400 727 russe
1439 706 1446 728 :
1487 704 1716 737 gouverneur
1753 698 1798 729 de
1835 698 1869 729 la

1060 743 1232 774 Lorraine
1258 753 1301 774 en
1328 744 1429 776 1814.
1453 762 1501 766 —
1525 745 1564 776 L.
1591 754 1622 776 a.
1649 754 1677 777 s.
1703 754 1747 776 en
1771 746 1870 777 fran¬

1059 791 1132 830 çais
1154 800 1161 828 ;
1182 792 1318 828 Berlin,
1344 792 1444 830 1824,
1470 794 1484 823 1
1510 801 1543 832 p.
1568 793 1655 825 in-4.
1754 794 1798 825 20
1825 794 1869 824 fr.

1142 854 1257 881 Lettre
1315 854 1356 881 de
1414 856 1729 883 recommandation
1787 863 1873 889 pour

1098 890 1255 917 Madame
1273 890 1315 917 de
1334 890 1528 922 Korsakoff,
1547 899 1657 919 veuve
1675 892 1757 919 d’un
1776 892 1874 926 géné¬

1097 926 1158 957 ral,
1182 926 1240 960 qui
1261 926 1369 954 désire
1390 927 1507 954 visiter
1527 927 1660 962 Nancy.

1012 996 1103 1026 4210
1130 997 1370 1027 ALVAREZ
1408 996 1522 1036 (Mme
1560 997 1600 1028 T.
1640 997 1705 1037 d’),
1744 999 1872 1029 canta¬

1061 1044 1150 1075 trice
1178 1044 1349 1084 anglaise.
1376 1062 1424 1066 —
1450 1045 1577 1076 Lettre
1604 1055 1636 1076 a.
1665 1054 1692 1076 s.
1721 1046 1781 1085 (en
1809 1054 1873 1077 an¬

1062 1092 1178 1132 glais).
1205 1092 1380 1130 Londres,
1406 1101 1433 1124 s.
1459 1093 1509 1130 d.,
1534 1093 1554 1124 2
1579 1102 1614 1133 p.
1641 1093 1728 1124 in-4.
1759 1094 1800 1124 15
1827 1093 1871 1124 fr.

1015 1177 1100 1207 4211
1133 1170 1354 1206 AMPÈRE
1405 1176 1723 1217 (Jean-Jacques),
1775 1177 1873 1209 litté¬

1063 1226 1199 1255 rateur.
1212 1241 1260 1246 —
1280 1224 1319 1255 L.
1334 1234 1365 1256 a.
1380 1233 1420 1262 s.,
1444 1226 1459 1255 1
1476 1225 1510 1263 /2
1522 1234 1557 1265 p.
1574 1226 1663 1263 in-8,
1680 1225 1791 1257 collée
1811 1235 1873 1257 sur

1063 1272 1190 1311 papier
1221 1272 1306 1303 fort.
1757 1274 1799 1305 10
1826 1274 1873 1307 fr.

1016 1350 1105 1381 4212
1133 1344 1473 1381 ANGOULÊME
1565 1351 1874 1391 (Louis-Antoine

1063 1398 1134 1429 duc
1156 1398 1221 1437 d’),
1243 1398 1301 1429 fils
1324 1399 1368 1429 de
1390 1398 1537 1430 Charles
1560 1399 1608 1438 X,
1632 1399 1752 1439 époux
1774 1400 1819 1430 de
1841 1400 1874 1431 la

1062 1445 1137 1476 fille
1155 1446 1200 1477 de
1218 1446 1328 1477 Louis
1348 1446 1451 1478 XVI.
1469 1464 1517 1469 —
1535 1447 1574 1478 L.
1595 1456 1626 1478 a.
1646 1456 1674 1479 s.
1694 1448 1714 1479 à
1732 1448 1780 1479 M.
1800 1448 1874 1479 Ba¬

1063 1502 1142 1531 vez,
1177 1495 1207 1524 1.
1241 1503 1264 1533 p
1298 1494 1386 1525 in-4.
1758 1496 1801 1527 25
1829 1495 1873 1527 fr.

1148 1566 1159 1579 »
1183 1555 1272 1583 C’est
1297 1557 1374 1583 tout
1399 1556 1440 1583 de
1464 1558 1562 1583 notre
1586 1564 1678 1584 cœur
1702 1564 1768 1591 que
1792 1564 1877 1583 nous

1104 1592 1271 1623 donnons,
1301 1592 1332 1619 la
1361 1592 1533 1619 Duchesse
1561 1593 1809 1626 d’Angoulème
1841 1594 1877 1619 et

1104 1628 1183 1659 moi,
1222 1629 1320 1654 notre
1358 1628 1485 1655 entière
1522 1629 1748 1662 approbation
1787 1628 1807 1655 à
1846 1629 1877 1655 la

1104 1664 1317 1691 nomination
1350 1664 1432 1691 d’un
1465 1665 1554 1691 aussi
1591 1665 1669 1696 fidel
1702 1665 1781 1697 (sic)
1813 1672 1878 1691 ser¬

1104 1700 1216 1727 viteur
1244 1700 1290 1726 du
1320 1700 1384 1726 Roi
1413 1708 1478 1734 que
1506 1708 1603 1732 vous,
1632 1701 1690 1734 qui
1718 1709 1738 1728 a
1766 1700 1878 1728 donné

1105 1737 1228 1763 autant
1249 1736 1291 1763 de
1310 1743 1453 1769 preuves
1474 1737 1559 1764 dans
1580 1738 1657 1764 tous
1678 1737 1725 1763 les
1745 1738 1844 1764 tems.
1869 1746 1879 1760 »

1019 1813 1110 1844 4213
1136 1812 1381 1842 ANTOINE
1422 1812 1809 1852 (François-de-Paule
1850 1812 1876 1851 ),

1067 1861 1138 1891 duc
1160 1860 1205 1891 de
1227 1860 1354 1898 Cadix,
1376 1860 1470 1890 frère
1492 1860 1536 1890 de
1559 1860 1769 1891 Ferdinand
1791 1860 1877 1897 VII,

1067 1909 1119 1939 roi
1152 1908 1363 1948 d’Espagne
1395 1908 1640 1947 (1795-1860).
1671 1925 1719 1929 —
1751 1908 1878 1939 Lettre

1068 1966 1100 1987 a.
1129 1964 1156 1986 s.
1186 1955 1207 1987 à
1233 1955 1547 1995 Louis-Philippe,
1576 1956 1646 1986 Roi
1674 1956 1737 1987 des
1766 1955 1879 1987 Fran¬

1068 2003 1154 2043 çais.
1178 2003 1336 2040 Madrid,
1361 2003 1463 2040 1848,
1488 2004 1508 2034 2
1531 2012 1566 2042 p.
1592 2003 1681 2041 in-4,
1706 2012 1795 2035 avec
1819 2012 1879 2034 en¬

1068 2051 1224 2091 veloppe
1256 2053 1334 2088 aut,
1368 2051 1509 2082 cachet.
1762 2051 1806 2082 40
1832 2051 1878 2082 fr.

1154 2124 1164 2137 »
1192 2113 1336 2140 Demain
1364 2113 1473 2140 matin
1500 2120 1583 2140 aura
1610 2113 1675 2140 lieu
1704 2113 1733 2139 le
1761 2113 1881 2147 départ

1109 2150 1150 2176 de
1172 2157 1228 2176 ma
1250 2149 1327 2176 bien
1349 2149 1456 2176 aimée
1478 2149 1599 2176 Louise
1621 2149 1679 2182 qui
1702 2156 1736 2176 se
1758 2149 1839 2176 rend
1862 2148 1881 2176 à

1110 2185 1203 2212 Paris
1228 2192 1311 2212 avec
1336 2193 1397 2212 son
1423 2185 1533 2219 époux
1559 2184 1588 2211 le
1614 2185 1679 2211 duc
1704 2185 1745 2212 de
1771 2185 1882 2212 Sassa.

1109 2222 1151 2248 Je
1172 2221 1312 2255 profitte
1323 2221 1409 2247 donc
1420 2221 1462 2248 de
1473 2222 1562 2247 cette
1573 2221 1727 2248 occasion
1739 2229 1823 2254 pour
1834 2228 1883 2247 re-

1110 2257 1282 2284 nouveller
1303 2256 1323 2283 à
1344 2257 1449 2284 Votre
1471 2257 1613 2289 Majesté
1634 2265 1690 2283 ma
1712 2257 1883 2290 gratitude

1111 2301 1195 2327 pour
1226 2294 1339 2319 toutes
1369 2300 1420 2319 ses
1451 2292 1571 2319 bontés
1603 2300 1720 2320 envers
1750 2293 1819 2319 moi
1849 2294 1883 2319 et

1111 2337 1166 2356 ma
1192 2328 1329 2360 famille,
1356 2328 1476 2355 bontés
1503 2328 1624 2362 qu’elle
1650 2329 1781 2355 voudra
1806 2329 1883 2356 bien

1111 2365 1283 2398 dispenser
1326 2372 1394 2391 aux
1436 2365 1552 2398 jeunes
1596 2371 1824 2398 voyageurs...
1874 2375 1884 2388 »

1026 2434 1116 2466 4214
1143 2435 1262 2464 ARA
1274 2434 1308 2464 O
1320 2434 1353 2463 O
1400 2433 1589 2472 (François
1602 2451 1615 2455 -
1630 2434 1757 2465 Victor
1768 2451 1780 2455 -
1796 2434 1883 2465 Em¬

1074 2482 1250 2521 manuel),
1278 2481 1425 2512 homme
1453 2481 1643 2521 politique.
1670 2499 1717 2503 —
1746 2482 1884 2520 Quatre

1075 2530 1201 2560 lettres
1227 2538 1258 2560 a.
1285 2537 1312 2560 s.
1339 2530 1435 2568 (vers
1464 2529 1586 2568 1841);
1613 2538 1686 2560 ens.
1712 2530 1745 2560 4.
1766 2538 1788 2569 p
1805 2530 1820 2560 1
1836 2530 1884 2568 /2,

1076 2577 1186 2608 in-12.
1770 2577 1813 2609 25
1840 2577 1884 2608 fr.

1159 2639 1269 2666 Envoi
1290 2639 1392 2666 d’une
1412 2639 1508 2666 stalle
1529 2639 1570 2666 de
1589 2639 1733 2667 théâtre.
1755 2640 1888 2667 Excuse

1117 2676 1157 2702 de
1200 2682 1242 2702 ne
1281 2675 1376 2708 point
1415 2682 1449 2702 se
1484 2675 1603 2702 rendre
1640 2675 1661 2702 à
1696 2683 1762 2702 une
1803 2676 1889 2702 invi¬

1116 2711 1238 2738 tation.
1272 2711 1464 2738 Demandes
1496 2711 1537 2737 de
1569 2711 1769 2738 documents
1801 2711 1889 2744 judi¬

1117 2747 1244 2774 ciaires.
1278 2757 1289 2770 «
1321 2747 1412 2773 Vous
1444 2747 1574 2774 m’avez
1606 2748 1730 2780 promis
1763 2747 1803 2774 de
1836 2755 1889 2774 me

1116 2784 1276 2809 remettre
1305 2782 1466 2816 quelques
1494 2783 1694 2810 documents
1722 2784 1764 2810 de
1792 2783 1890 2817 juris¬

1118 2819 1286 2852 prudence
1312 2826 1368 2845 sur
1395 2826 1459 2845 une
1485 2819 1641 2852 question
1668 2820 1709 2846 de
1735 2820 1890 2846 diffama¬

1118 2855 1202 2885 tion,
1234 2855 1328 2880 entre
1359 2856 1472 2881 autres
1504 2862 1549 2881 un
1580 2855 1754 2888 jugement
1785 2855 1826 2882 de
1858 2855 1890 2882 la

102 2896 194 2929 4208
219 2891 462 2928 ALGÉRIE.
483 2915 532 2919 —
553 2897 675 2928 Pièces
698 2895 884 2927 officielles
907 2895 956 2925 du

150 2944 338 2976 Ministère
377 2945 422 2976 de
461 2945 496 2976 la
536 2945 683 2982 Guerre,
724 2943 895 2975 relatives
936 2943 957 2973 à

151 2992 330 3032 l’Algérie.
362 3002 411 3023 —
441 2993 477 3032 a)
512 2992 621 3032 Copie
654 2992 763 3023 d’une
796 2990 957 3030 dépêche

152 3040 201 3072 du
234 3040 378 3080 général
409 3040 696 3079 Marey-Monge,
730 3046 958 3079 gouverneur

152 3088 197 3119 de
226 3087 406 3129 l’Algérie,
438 3088 538 3119 1848.
567 3088 614 3118 —
645 3088 678 3127 b)
709 3087 818 3126 Copie
847 3086 958 3117 d’une

1118 2890 1229 2916 Police
1251 2890 1533 2917 correctionnelle.
1558 2891 1636 2918 Mon
1658 2891 1774 2918 alTaire
1796 2891 1891 2918 vient

1118 2926 1265 2953 demain.
1288 2936 1298 2948 »

1031 2989 1121 3020 4215
1148 2990 1323 3019 ARCOS
1373 2989 1519 3029 (René),
1576 2989 1795 3022 littérateur.
1843 3007 1890 3013 —

1080 3038 1119 3068 L.
1149 3046 1181 3068 a.
1210 3045 1238 3067 s.
1268 3037 1288 3067 à
1316 3046 1366 3067 un
1392 3037 1568 3075 confrère,
1606 3039 1621 3068 1
1652 3047 1687 3077 p.
1719 3039 1735 3069 1
1753 3038 1786 3075 2,
1815 3038 1891 3069 in-8

1080 3084 1151 3115 obi.
1179 3084 1200 3115 à
1226 3084 1358 3116 l’encre
1384 3092 1506 3125 rouge.
1778 3086 1820 3117 12
1845 3085 1891 3118 fr.

520 3185 671 3213 ACHAT
703 3184 765 3210 DE
802 3181 965 3210 LIVRES
1004 3181 1059 3209 ET
1095 3169 1479 3213 D’AUTOGRAPHES
