2053 3381
209 118 234 158 8

1446 130 1679 160 LIBRAIRIE
1717 133 1853 160 SIMON
1892 132 1983 160 KRA

337 221 348 234 «
368 208 412 237 M.
434 210 475 237 de
494 210 657 237 BoufTlers
677 209 784 237 désire
804 209 979 243 beaucoup
1000 218 1064 244 que

293 245 571 273 l’établissement
611 246 758 279 projetté
799 253 858 279 par
898 245 978 273 MM.
1020 247 1064 272 Le

291 282 396 309 Blanc
407 284 441 309 et
453 282 520 309 Ozé
530 290 615 316 pour
626 281 841 309 l’extraction
856 289 896 308 en
907 282 1013 314 grand
1024 282 1064 309 de

292 318 324 345 la
348 318 452 345 soude
476 318 521 345 du
545 318 591 345 sel
615 318 735 348 marin,
758 318 871 351 puisse
894 318 964 344 être
988 326 1064 344 sans

292 353 379 381 délai
408 354 470 381 mis
499 361 540 381 en
568 353 708 381 activité
726 361 734 385 ;
751 353 883 387 d’après
912 353 957 380 les
985 354 1064 380 déli¬

293 390 464 417 bérations
496 390 542 416 du
573 389 697 416 comité
727 389 976 423 d’Agriculture
1007 390 1064 423 qui

292 433 377 453 vous
403 426 551 455 autorise
576 425 596 453 à
621 433 773 452 nommer
797 426 886 452 deux
911 426 1065 452 commis¬

294 462 396 489 saires
432 469 517 495 pour
552 461 719 489 l’examen
755 462 813 489 des
849 469 987 495 moyens
1023 462 1064 488 de

293 505 347 525 ces
366 497 513 525 artistes.
536 508 546 520 »

208 568 297 599 4272
326 569 593 607 CHOISEUL
623 568 1064 607 (Claude-Antoine-

255 616 413 653 Gabriel,
439 616 511 647 duc
534 616 579 647 de
601 634 648 638 —
674 616 891 656 Stainville),
914 624 1064 656 gouver¬

254 673 344 695 neur
368 664 417 694 du
445 664 600 701 Louvre,
628 664 836 695 1760-1838.
862 682 910 686 —
940 665 1064 695 Lettre

256 721 288 743 a.
326 720 354 743 8.
393 712 548 751 Perrecy
585 712 926 751 (Saône-et-Loire),
963 721 991 743 s.
1029 713 1063 743 d.

255 760 275 790 4
302 768 337 799 p.
365 759 454 797 in-8,
482 759 640 799 portrait
668 759 805 799 ajouté.
950 760 994 790 40
1021 760 1065 790 fr.

340 832 350 845 »
366 822 419 848 Me
434 821 521 848 voici
537 821 640 848 établi
656 829 742 855 pour
756 822 775 848 6
790 822 874 848 mois
889 822 973 848 dans
989 830 1067 848 mon

295 858 401 891 grand
422 858 579 889 château,
601 857 675 884 l’air
695 858 736 884 de
758 857 788 884 la
810 864 994 891 campagne
1016 866 1068 884 me

295 894 358 920 fait
373 894 419 920 du
433 894 522 924 bien,
537 901 616 920 mon
634 894 684 921 fils
700 901 734 920 se
749 894 874 921 fortifie
892 901 899 925 ;
917 893 938 920 il
954 895 1069 921 monte

294 928 315 957 à
344 929 474 961 cheval,
504 930 536 963 je
566 937 619 956 me
649 930 808 963 promène
838 937 879 956 en
909 929 1042 957 calèche
1060 937 1068 961 ;

295 966 327 993 la
347 966 401 992 vie
433 967 475 993 de
504 966 649 993 château
670 974 689 992 a
710 966 786 992 bien
803 973 864 992 son
881 966 955 999 prix
974 974 982 998 ;
1009 965 1070 992 elle

295 1003 346 1029 est
377 1002 484 1029 douce
521 1003 554 1029 et
588 1002 724 1035 reposée
741 1009 749 1033 ;
787 1002 819 1035 je
842 1001 968 1028 médite
993 1003 1070 1028 tout

296 1037 316 1065 à
330 1046 410 1065 mon
424 1038 492 1065 aise
514 1038 598 1065 dans
623 1039 713 1064 cette
728 1039 805 1064 tour
829 1038 913 1064 dont
929 1038 961 1071 je
986 1045 1070 1064 vous

296 1074 327 1101 ai
338 1074 442 1107 parlé,
452 1075 485 1108 je
496 1073 535 1100 lis
548 1074 599 1101 De
612 1074 778 1104 Gérando,
790 1074 847 1107 qui
862 1073 1070 1100 m’intéresse

296 1112 373 1137 tout
405 1117 445 1137 en
477 1111 669 1137 convenant
699 1110 781 1143 qu’il
811 1111 893 1144 peut
923 1109 1070 1143 paraître

297 1154 489 1180 ennuyeux.
517 1156 527 1169 »

210 1216 301 1247 4273
329 1215 595 1252 CHOISEUL
660 1215 833 1252 (Etienne
851 1233 863 1237 -
883 1215 1067 1255 François,

259 1263 330 1294 duc
351 1263 423 1303 de),
445 1263 584 1294 célèbre
610 1264 758 1294 homme
784 1263 916 1294 d’Etat
943 1263 1068 1302 (1719-

261 1311 380 1350 1785).
399 1329 448 1333 —
472 1312 598 1342 Lettre
615 1320 642 1342 s.
662 1320 708 1342 au
728 1311 919 1351 Capitaine
944 1311 1069 1342 Desai-

259 1359 366 1396 leurs,
387 1359 489 1396 1769,
517 1368 588 1390 une
614 1366 706 1399 page
732 1359 831 1390 in-f°.
953 1359 997 1390 20
1023 1359 1067 1390 fr.

344 1432 353 1444 «
380 1421 443 1447 Sur
468 1421 498 1447 le
522 1422 669 1454 compte,
704 1420 884 1451 Monsieur,
910 1428 975 1454 que
999 1420 1070 1454 j’ay

298 1457 404 1484 rendu
420 1465 463 1484 au
479 1457 555 1490 Roy
570 1457 611 1484 de
625 1464 685 1483 vos
700 1457 855 1487 services,
871 1457 912 1483 Sa
929 1456 1070 1489 Majesté

299 1501 318 1520 a
338 1493 414 1520 bien
433 1493 536 1520 voulu
556 1500 639 1519 vous
659 1493 808 1519 destiner
824 1492 845 1519 à
863 1493 894 1519 la
914 1492 1071 1525 Majorité

299 1529 345 1556 du
367 1529 537 1556 Bataillon
561 1529 602 1556 de
626 1528 735 1556 Milice
758 1529 799 1555 de
823 1529 944 1556 Lille...
974 1539 983 1552 »

213 1599 303 1629 4274
333 1598 623 1638 CHRISTINE
659 1598 819 1638 (Henri),
857 1600 988 1629 auteur
1024 1598 1068 1628 de

261 1645 453 1685 l’opérette
472 1646 641 1677 Phi-Phi.
658 1663 706 1667 —
722 1646 761 1676 L.
781 1655 813 1677 a.
832 1655 858 1677 s.
878 1646 898 1676 à
915 1655 963 1677 un
983 1646 1068 1683 ami,

262 1694 364 1731 1923,
395 1694 427 1724 2.
458 1701 484 1735 p
514 1693 589 1724 in-8
610 1702 617 1731 ;
650 1694 789 1724 en-tête
821 1703 828 1724 :
861 1694 955 1724 Villa
987 1694 1070 1724 Phi-

263 1742 341 1772 Phi.
955 1741 998 1772 30
1025 1741 1069 1772 fr.

345 1815 355 1827 «
379 1804 420 1831 Je
444 1803 598 1831 travaille
622 1804 685 1830 dur
708 1803 727 1831 à
751 1811 815 1830 une
839 1804 991 1837 opérette
1015 1804 1071 1838 qui

300 1840 372 1867 doit
399 1847 513 1874 passer
538 1848 581 1867 au
608 1840 754 1866 Daunou
780 1841 813 1866 et
838 1839 991 1873 j’occupe
1017 1848 1071 1867 ma

300 1876 510 1910 villégiature
531 1875 551 1902 à
573 1875 654 1902 faire
675 1876 705 1902 la
724 1875 826 1902 traite
841 1876 898 1902 des
912 1875 1072 1903 blanches

301 1914 374 1939 et...
407 1912 464 1939 des
493 1911 633 1939 doubles
662 1911 808 1938 croches.
838 1912 879 1938 Je
908 1913 1002 1939 tente
1031 1912 1072 1939 de

301 1950 424 1975 mettre
445 1948 486 1975 de
507 1948 538 1974 la
559 1948 712 1981 musique
733 1955 789 1974 sur
809 1955 854 1974 un
876 1947 974 1975 livret
996 1956 1072 1975 sans

301 1984 446 2016 chœurs,
473 1991 550 2011 sans
577 1984 709 2014 danses,
738 1994 748 2007 »
776 1985 839 2010 etc.

214 2054 304 2085 4275
333 2047 510 2092 CICÉRI
541 2053 596 2092 (P.
630 2053 668 2083 L.
701 2053 768 2091 C.),
800 2052 940 2083 célèbre
972 2054 1072 2092 pein¬

261 2103 317 2132 tre
342 2100 569 2132 décorateur.
594 2118 642 2122 —
666 2101 706 2131 L.
733 2101 760 2131 s.
788 2101 808 2131 à
835 2101 882 2132 M.
910 2102 1070 2133 Sauvan.

263 2149 364 2186 1823,
389 2150 401 2179 1
426 2157 460 2188 p.
481 2149 570 2179 in-4.
958 2149 999 2179 10
1027 2148 1071 2179 fr.

349 2211 374 2238 Il
398 2211 509 2238 donne
532 2211 563 2237 la
586 2211 790 2243 description
814 2210 915 2237 d’une
938 2211 1073 2237 décora¬

301 2247 374 2274 tion
402 2248 459 2281 qui
487 2247 677 2281 représente
705 2246 736 2273 la
763 2246 842 2272 ville
869 2247 910 2273 de
939 2247 1072 2273 Tolède.

216 2317 307 2348 4276
337 2316 697 2353 CLEMENCEAU
732 2316 934 2355 (Georges),
970 2317 1072 2346 hom¬

264 2373 322 2395 me
359 2364 548 2404 politique.
582 2381 630 2385 —
663 2364 789 2393 Lettre
824 2372 855 2394 a.
892 2372 919 2394 s.
958 2364 1071 2401 Paris,

264 2412 367 2449 1909,
395 2412 414 2442 2
442 2421 476 2451 p.
506 2412 617 2448 in-12,
644 2419 705 2441 sur
732 2411 858 2449 papier
885 2411 904 2442 à
932 2413 1072 2442 en-tcte

263 2460 312 2490 du
339 2459 464 2491 Sénat.
956 2459 1000 2489 40
1027 2459 1070 2490 fr.

344 2522 435 2549 Belle
459 2522 568 2549 lettre.
595 2532 604 2545 -
632 2521 657 2547 Il
680 2520 737 2554 n’y
761 2528 780 2547 a
804 2528 863 2554 pas
887 2528 1004 2547 encore
1028 2529 1072 2548 un

303 2557 388 2585 mois
406 2565 471 2591 que
487 2557 544 2591 j’ai
563 2565 603 2584 eu
621 2557 651 2584 la
669 2556 808 2583 douleur
825 2557 866 2583 de
883 2557 1001 2589 perdre
1019 2565 1072 2583 ma

302 2594 401 2620 mère.
416 2594 504 2620 Pour
515 2595 604 2620 cette
616 2593 725 2620 raison
738 2592 758 2618 il
772 2592 870 2618 m’est
882 2592 1073 2625 impossible

301 2629 321 2656 à
345 2637 425 2656 mon
448 2629 516 2656 très
540 2629 646 2662 grand
670 2629 789 2661 regret,
813 2628 854 2654 de
878 2635 931 2654 me
956 2629 1074 2654 rendre

302 2673 346 2692 au
360 2665 511 2699 banquet
527 2665 656 2692 Octave
670 2664 831 2693 Mirbeau,
845 2671 976 2689 comme
988 2663 1074 2696 j’au¬

302 2700 367 2728 rais
387 2701 440 2727 été
459 2701 527 2728 très
546 2701 694 2727 heureux
713 2700 754 2726 de
773 2699 802 2725 le
822 2699 903 2725 faire
922 2706 1006 2732 pour
1025 2699 1074 2726 té¬

303 2736 453 2769 moigner
481 2737 680 2763 hautement
708 2736 749 2762 de
776 2742 846 2761 mes
874 2735 1074 2761 sentiments

303 2772 544 2799 d’admiration
570 2774 603 2799 et
628 2771 790 2799 d’amitié.

216 2842 306 2872 4277
341 2834 581 2871 COLLÈGE
635 2841 702 2869 DE
754 2839 974 2869 FRANCE.

264 2888 425 2919 Pétition
456 2889 518 2918 des
550 2888 772 2927 professeurs
804 2895 849 2917 au
887 2885 1072 2916 ministère

262 2936 307 2966 de
338 2935 546 2966 l’Intérieur
577 2944 620 2965 en
656 2935 786 2966 faveur
816 2934 860 2963 de
890 2933 923 2963 la
955 2940 1072 2963 veuve

262 2984 306 3013 de
325 2983 402 3013 leur
419 2983 580 3022 collègue
597 2983 744 3021 Dupuy,
766 2981 865 3017 1811,
885 2988 955 3010 une
980 2987 1072 3018 page

264 3031 299 3061 in
319 3030 362 3061 f°.
957 3027 1000 3057 25
1027 3027 1071 3058 fr.

1267 210 1459 243 Signatures
1496 211 1720 245 autographes
1757 212 1797 239 de
1835 212 1986 239 Lefèvre-

1224 246 1364 277 Gineau,
1410 247 1616 280 Bosquillon,
1665 247 1789 278 Portai,
1836 248 1985 278 Caussin,

1223 282 1357 312 Cuvier,
1379 282 1570 313 Cournand,
1588 283 1749 313 Guérout,
1772 284 1880 311 Baron
1902 284 1986 311 Thé¬

1223 318 1318 347 nard,
1348 318 1509 349 Pastorel,
1540 319 1721 352 Levesque,
1750 320 1898 351 Audran,
1927 319 1986 346 Sil-

1224 355 1334 380 vestre
1368 354 1408 381 de
1443 355 1539 388 Sacy,
1574 354 1764 382 Delambre.

1137 423 1227 454 4278
1255 423 1519 454 COLONIES
1552 425 1889 455 FRANÇAISES.
1941 441 1987 446 —

1186 471 1289 501 Pièce
1302 473 1507 510 provenant
1524 472 1568 501 de
1582 471 1749 511 l’hôpital
1766 472 1810 502 de
1827 472 1986 512 Tabago,

1187 519 1199 548 «
1230 518 1297 549 Isle
1326 519 1372 549 du
1402 520 1478 549 vent
1505 519 1545 549 de
1574 518 1786 560 l’Amérique
1813 531 1839 557 »,
1874 519 1987 551 année

1188 567 1288 604 1789,
1312 567 1332 597 2
1356 576 1390 606 p.
1416 566 1501 596 in-f°
1523 575 1584 597 sur
1605 567 1758 598 formule
1790 567 1987 607 imprimée,

1186 615 1314 646 cachet
1330 614 1374 644 de
1390 614 1460 644 cire
1477 622 1597 654 rouge.
1875 615 1918 646 20
1943 615 1987 646 fr.

1270 676 1440 703 Certificat
1478 676 1518 703 de
1555 676 1650 703 décès
1687 676 1730 703 du
1768 676 1913 703 vicomte
1949 677 1990 704 de

1227 712 1425 745 Traversay,
1438 712 1528 745 signé
1545 712 1586 739 de
1605 712 1800 739 l’aumônier
1818 713 1990 745 O’Lough-

1230 748 1273 774 lin
1292 756 1299 778 ;
1317 748 1358 774 de
1390 747 1536 774 l’oflicier
1575 748 1893 778 d’administration,
1926 750 1989 775 etc.

1228 783 1376 816 Tabago,
1419 791 1483 810 une
1525 784 1582 810 des
1625 783 1766 811 Antilles
1808 784 1990 817 Anglaises,

1228 818 1444 853 appartenait
1463 819 1549 846 alors
1568 819 1587 847 à
1607 819 1638 846 la
1658 820 1794 847 France.

1143 890 1233 920 4279
1262 890 1582 920 COMPAGNIE
1623 890 1695 919 DU
1736 882 1987 919 SÉNÉGAL.

1187 955 1235 958 —
1257 937 1382 967 Lettre
1404 936 1524 976 signée
1547 937 1608 967 des
1631 937 1947 967 administrateurs
1970 937 1990 967 à

1191 985 1238 1015 M.
1260 985 1304 1015 de
1324 984 1455 1022 Viales,
1468 984 1648 1015 directeur
1665 983 1808 1024 général
1828 984 1848 1015 à
1865 984 1899 1014 la
1919 984 1991 1014 Ro¬

1190 1032 1315 1068 chelle,
1334 1032 1446 1069 Paris,
1464 1032 1564 1069 1701,
1581 1041 1651 1063 une
1668 1039 1757 1072 page
1774 1032 1860 1062 in-4.
1877 1032 1920 1062 25
1946 1032 1989 1062 fr.

1273 1094 1428 1121 Curieuse
1458 1094 1557 1121 lettre
1587 1093 1725 1120 relative
1755 1093 1774 1121 à
1806 1093 1869 1120 une
1900 1093 1991 1120 Com¬

1230 1131 1350 1164 pagnie
1368 1130 1410 1157 du
1431 1129 1577 1163 Sénégal,
1598 1130 1717 1157 fondée
1736 1129 1754 1156 à
1774 1129 1992 1161 l’instigation

1229 1167 1270 1193 de
1305 1166 1336 1193 la
1379 1166 1526 1193 fameuse
1552 1165 1754 1199 Compagnie
1789 1166 1846 1192 des
1885 1165 1992 1192 Indes.

1232 1213 1242 1225 «
1266 1202 1311 1229 La
1328 1202 1531 1235 Compagnie
1553 1203 1658 1235 ayant
1680 1209 1719 1228 eu
1743 1201 1814 1228 avis
1836 1200 1917 1235 qu’il
1939 1200 1994 1227 de¬

1230 1238 1301 1265 vait
1328 1238 1453 1264 arriver
1479 1237 1639 1271 plusieurs
1666 1237 1842 1264 vaisseaux
1868 1238 1992 1263 venant

1231 1274 1275 1301 du
1299 1273 1435 1306 Sénégal
1458 1275 1490 1300 et
1513 1274 1610 1300 Coste
1632 1272 1818 1307 d’AfTrique
1839 1274 1993 1305 apparte¬

1230 1312 1314 1337 nant
1333 1309 1352 1336 à
1373 1311 1461 1336 cette
1481 1309 1688 1342 compagnie,
1709 1309 1792 1335 dans
1813 1307 1952 1342 lesquels
1972 1307 1993 1334 il

1230 1354 1251 1379 y
1280 1354 1299 1373 a
1329 1345 1490 1379 plusieurs
1520 1345 1767 1372 marchandises
1796 1344 1836 1371 de
1864 1345 1994 1370 contre¬

1230 1382 1351 1412 bande,
1380 1381 1440 1408 elle
1468 1389 1550 1407 vous
1579 1380 1648 1414 prie
1676 1381 1716 1407 de
1744 1380 1872 1407 donner
1898 1380 1993 1406 ordre

1229 1426 1296 1445 aux
1323 1417 1504 1450 brigadiers
1531 1416 1677 1443 d’entrer
1709 1416 1792 1443 dans
1824 1423 1876 1442 ces
1908 1414 1994 1441 vais¬

1230 1461 1333 1481 seaux
1349 1455 1382 1480 et
1399 1453 1440 1480 de
1456 1452 1532 1480 n’en
1548 1452 1661 1479 laisser
1678 1452 1776 1478 sortir
1792 1458 1964 1485 personne.
1984 1461 1993 1474 »

1150 1523 1233 1554 1280
1261 1516 1576 1560 COMPÏÈGNE
1608 1521 1778 1560 (Journal
1804 1520 1852 1551 du
1880 1519 1992 1559 Camp

1191 1571 1249 1610 de)
1270 1580 1312 1601 en
1335 1570 1435 1602 1739.
1452 1588 1499 1591 —
1517 1569 1718 1600 Manuscrit
1744 1576 1924 1607 anonyme
1944 1567 1991 1597 du

1191 1619 1323 1649 XVIII
1329 1624 1341 1639 e
1367 1618 1483 1654 siècle,
1510 1617 1553 1648 55
1580 1625 1614 1656 p.
1643 1615 1758 1647 in-fol.
1786 1615 1894 1646 d’une
1920 1615 1992 1645 très

1191 1666 1282 1698 belle
1305 1665 1470 1702 écriture,
1494 1673 1581 1696 avec
1604 1664 1624 1694 8
1647 1664 1800 1703 grandes
1821 1663 1991 1702 planches

1191 1715 1361 1754 pliantes,
1393 1713 1483 1743 dont
1514 1720 1584 1743 une
1616 1711 1759 1751 gravée,
1791 1711 1839 1741 les
1871 1712 1992 1741 autres

1192 1760 1382 1793 exécutées
1419 1769 1464 1792 au
1501 1759 1590 1791 lavis
1628 1760 1664 1790 et
1700 1759 1720 1789 à
1755 1757 1964 1798 l’aquarelle
1984 1766 1992 1794 ;

1192 1808 1377 1841 cartonné.
1857 1805 1923 1836 100
1948 1805 1991 1837 fr.

1274 1871 1317 1897 Ce
1340 1870 1406 1896 très
1429 1869 1563 1896 curieux
1588 1867 1770 1894 manuscrit
1794 1866 1943 1893 contient
1966 1865 1994 1892 le

1231 1906 1312 1933 récit
1326 1906 1391 1933 très
1403 1904 1536 1932 détaillé
1547 1904 1604 1931 des
1616 1904 1806 1937 opérations
1817 1903 1861 1929 du
1876 1913 1885 1925 -
1897 1909 1994 1935 camp

1231 1943 1272 1969 de
1299 1941 1509 1975 Compïègne,
1536 1947 1600 1973 que
1626 1939 1770 1966 l’auteur
1795 1938 1924 1971 appelle
1950 1945 1993 1964 un

1231 1979 1440 2006 amusement
1460 1975 1615 2003 militaire
1635 1983 1718 2008 pour
1739 1974 1767 2001 le
1786 1973 1833 2001 roi
1855 1984 1865 1996 »
1885 1975 1917 2000 et
1938 1973 1994 2006 qui

1232 2014 1296 2045 fut,
1318 2021 1357 2040 en
1380 2012 1506 2043 réalité,
1528 2019 1564 2038 ce
1586 2019 1649 2044 que
1672 2018 1754 2037 nous
1776 2009 1994 2043 appellerions

1232 2048 1446 2083 aujourd’hui
1470 2048 1515 2074 les
1540 2058 1550 2070 »
1573 2047 1714 2080 grandes
1738 2052 1959 2072 manœuvres.
1985 2054 1995 2067 »

1232 2085 1444 2118 Description
1461 2083 1528 2110 très
1545 2082 1698 2109 détaillée
1715 2082 1760 2108 du
1778 2081 1856 2111 fort,
1873 2081 1929 2107 des
1947 2080 1995 2106 di¬

1233 2129 1306 2148 vers
1326 2120 1489 2154 quartiers
1507 2126 1514 2151 ;
1532 2125 1722 2151 remarques
1742 2125 1796 2144 sur
1815 2116 1859 2143 les
1878 2116 1994 2146 mines,

1233 2157 1277 2184 les
1301 2156 1449 2185 bombes,
1473 2156 1536 2181 etc.
1561 2155 1587 2180 A
1611 2161 1664 2180 ces
1687 2152 1877 2187 opérations
1900 2151 1995 2178 assis¬

1233 2193 1339 2219 taient
1354 2191 1381 2218 le
1396 2190 1470 2221 Roi,
1484 2190 1512 2217 le
1527 2189 1697 2223 Dauphin,
1711 2188 1739 2215 le
1752 2188 1816 2215 duc
1829 2188 1870 2214 de
1882 2187 1993 2216 Biron,

1232 2229 1261 2256 le
1279 2229 1389 2255 comte
1406 2226 1506 2257 d’Eu,
1524 2225 1555 2252 la
1574 2225 1689 2256 Reine,
1708 2226 1771 2251 etc.

1147 2300 1235 2331 4281
1266 2297 1432 2336 CONTT
1448 2296 1605 2336 (Maison
1621 2296 1692 2334 de).
1708 2312 1755 2316 —
1772 2294 1873 2325 Pièce
1890 2295 1992 2323 nota¬

1192 2346 1263 2377 riée
1295 2355 1360 2377 ms.
1395 2343 1555 2376 insinuée
1588 2352 1633 2374 au
1666 2342 1844 2378 Châtelet,
1878 2340 1992 2371 Paris-

1196 2395 1296 2431 1709,
1320 2394 1338 2425 7
1362 2400 1483 2432 pages,
1507 2392 1581 2422 in-4
1606 2389 1827 2430 parchemin.
1878 2388 1922 2419 50
1949 2387 1992 2423 fr,

1275 2455 1353 2482 Très
1386 2454 1590 2487 importante
1622 2452 1712 2485 pièce
1744 2450 1883 2477 relative
1913 2448 1932 2475 à
1964 2448 1994 2474 la

1232 2490 1418 2518 succession
1446 2488 1488 2516 de
1515 2488 1672 2520 François
1703 2487 1801 2513 Louis
1828 2485 1865 2511 de
1894 2485 1995 2511 Bour¬

1234 2527 1305 2557 bon,
1340 2526 1452 2559 prince
1486 2524 1527 2551 de
1561 2523 1656 2550 Conli
1689 2521 1911 2555 (1664-1709).
1948 2519 1993 2546 La

1232 2562 1429 2592 succession,
1446 2561 1503 2594 qui
1533 2558 1649 2586 devait
1667 2559 1736 2584 être
1758 2555 1920 2584 recueillie
1936 2562 1994 2587 par

1232 2606 1292 2624 son
1313 2598 1413 2631 jeune
1435 2596 1519 2622 frère
1542 2593 1806 2621 Louis-Armand
1830 2592 1871 2618 de
1892 2591 1995 2617 Bour-

1232 2633 1412 2660 bon-Conti
1444 2630 1656 2664 (1696-1727)
1702 2635 1818 2655 encore
1856 2627 1994 2654 mineur,

1233 2669 1316 2696 était
1343 2667 1513 2695 contestée
1539 2674 1598 2699 par
1625 2666 1654 2691 la
1681 2671 1787 2691 veuve
1813 2664 1857 2689 du
1885 2662 1995 2695 prince

1234 2703 1518 2736 François-Louis.
1542 2716 1585 2720 —
1608 2700 1745 2727 Extrait
1762 2700 1807 2726 du
1823 2698 1993 2732 jugement

1232 2741 1277 2767 du
1306 2747 1385 2774 parc
1412 2738 1488 2765 civil
1516 2738 1560 2764 du
1589 2735 1753 2763 Châtelet.

1146 2810 1235 2841 4282
1264 2805 1602 2843 COURTELINE
1621 2805 1790 2844 (Georges
1809 2803 1993 2839 Moinaux,

1190 2857 1272 2896 dit),
1301 2858 1432 2887 auteur
1456 2853 1698 2892 dramatique.
1720 2869 1767 2873 —
1788 2851 1894 2882 Carte
1913 2859 1944 2880 a.
1965 2858 1991 2879 s.

1196 2906 1210 2934 1
1232 2913 1266 2943 p.
1288 2903 1375 2940 in-8,
1395 2902 1466 2933 obi.
1883 2897 1924 2928 12
1949 2896 1991 2927 fr.

1275 2964 1373 2991 Carte
1397 2964 1438 2990 de
1464 2962 1688 2989 félicitations.
1712 2975 1755 2979 —
1779 2971 1790 2984 «
1815 2959 1893 2986 Très
1918 2958 1995 2984 heu¬

1234 3007 1314 3026 reux
1336 2999 1416 3026 d’un
1438 2998 1534 3025 choix
1557 2997 1583 3024 si
1604 2997 1749 3023 heureux
1771 2997 1803 3022 et
1825 2993 1945 3028 auquel
1967 2992 1995 3019 le

1233 3043 1317 3069 pays
1342 3034 1448 3061 entier
1472 3032 1679 3067 applaudira.
1707 3042 1717 3055 »

1119 3121 1175 3148 ET
1211 3109 1586 3149 D’AUTOGRAPHES
