<?xml version="1.0" encoding="UTF-8" standalone="yes"?>
<PcGts xmlns="http://schema.primaresearch.org/PAGE/gts/pagecontent/2013-07-15" xmlns:xsi="http://www.w3.org/2001/XMLSchema-instance" xsi:schemaLocation="http://schema.primaresearch.org/PAGE/gts/pagecontent/2013-07-15 http://schema.primaresearch.org/PAGE/gts/pagecontent/2013-07-15/pagecontent.xsd">
    <Metadata>
        <Creator>Transkribus</Creator>
        <Created>2020-01-06T14:00:54.118+01:00</Created>
        <LastChange>2020-04-05T18:38:06.101+02:00</LastChange>
        <Comments>
                Measurement unit: pixel
                PrimaryLanguage: English
                Language: FrenchStandard
                Producer: Transkribus
            </Comments>
        <TranskribusMetadata docId="304003" pageId="12076557" pageNr="9" tsid="27075206" status="DONE" userId="10612" imgUrl="https://files.transkribus.eu/Get?id=MDZROSKCUWERGZAJZCUGNIVX&amp;fileType=view" xmlUrl="https://files.transkribus.eu/Get?id=XBZTNZVXFJWTIVWZKKYVYZWX" imageId="8420724"/>
    </Metadata>
    <Page imageFilename="1912_XX_Kra_12_gt_bpt6k6527450d_0009.jpg" imageWidth="2101" imageHeight="3439">
        <PrintSpace>
            <Coords points="68,48 2054,48 2054,3177 68,3177"/>
        </PrintSpace>
        <ReadingOrder>
            <OrderedGroup id="ro_1604250296342" caption="Regions reading order">
                <RegionRefIndexed index="0" regionRef="r_1_1"/>
                <RegionRefIndexed index="1" regionRef="r_2_1"/>
                <RegionRefIndexed index="2" regionRef="r_2_2"/>
                <RegionRefIndexed index="3" regionRef="r_2_3"/>
                <RegionRefIndexed index="4" regionRef="r_2_4"/>
                <RegionRefIndexed index="5" regionRef="r_2_5"/>
                <RegionRefIndexed index="6" regionRef="r_2_6"/>
                <RegionRefIndexed index="7" regionRef="r_2_7"/>
                <RegionRefIndexed index="8" regionRef="r_2_8"/>
                <RegionRefIndexed index="9" regionRef="r_2_9"/>
                <RegionRefIndexed index="10" regionRef="r_2_10"/>
                <RegionRefIndexed index="11" regionRef="r_2_11"/>
                <RegionRefIndexed index="12" regionRef="r_2_12"/>
                <RegionRefIndexed index="13" regionRef="r_2_13"/>
                <RegionRefIndexed index="14" regionRef="r_2_14"/>
                <RegionRefIndexed index="15" regionRef="r_2_15"/>
                <RegionRefIndexed index="16" regionRef="r_2_16"/>
                <RegionRefIndexed index="17" regionRef="r_2_17"/>
                <RegionRefIndexed index="18" regionRef="r_2_18"/>
                <RegionRefIndexed index="19" regionRef="r_2_19"/>
                <RegionRefIndexed index="20" regionRef="r_2_20"/>
                <RegionRefIndexed index="21" regionRef="r_3_1"/>
                <RegionRefIndexed index="22" regionRef="r_3_2"/>
                <RegionRefIndexed index="23" regionRef="r_3_3"/>
                <RegionRefIndexed index="24" regionRef="r_3_4"/>
                <RegionRefIndexed index="25" regionRef="r_3_5"/>
                <RegionRefIndexed index="26" regionRef="r_3_6"/>
                <RegionRefIndexed index="27" regionRef="r_3_7"/>
                <RegionRefIndexed index="28" regionRef="r_3_8"/>
                <RegionRefIndexed index="29" regionRef="r_3_9"/>
                <RegionRefIndexed index="30" regionRef="r_3_10"/>
                <RegionRefIndexed index="31" regionRef="r_3_11"/>
                <RegionRefIndexed index="32" regionRef="r_3_12"/>
                <RegionRefIndexed index="33" regionRef="r_3_13"/>
                <RegionRefIndexed index="34" regionRef="r_3_14"/>
                <RegionRefIndexed index="35" regionRef="r_3_15"/>
                <RegionRefIndexed index="36" regionRef="r_3_16"/>
                <RegionRefIndexed index="37" regionRef="r_3_17"/>
                <RegionRefIndexed index="38" regionRef="r_3_18"/>
                <RegionRefIndexed index="39" regionRef="r_3_19"/>
                <RegionRefIndexed index="40" regionRef="r_3_20"/>
                <RegionRefIndexed index="41" regionRef="r_3_21"/>
                <RegionRefIndexed index="42" regionRef="r_3_22"/>
                <RegionRefIndexed index="43" regionRef="r_4_1"/>
            </OrderedGroup>
        </ReadingOrder>
        <TextRegion type="paragraph" id="r_1_1" custom="readingOrder {index:0;}">
            <Coords points="1852,126 1878,126 1878,168 1852,168"/>
            <TextLine id="tl_1" primaryLanguage="English" custom="readingOrder {index:0;}">
                <Coords points="1853,127 1877,127 1877,167 1853,167"/>
                <Baseline points="1853,167 1877,167"/>
                <Word id="w_w2aab1b1b2b1b1ab1" language="English" custom="readingOrder {index:0;}">
                    <Coords points="1853,127 1877,127 1877,167 1853,167"/>
                    <TextEquiv>
                        <Unicode>7</Unicode>
                    </TextEquiv>
                    <TextStyle fontFamily="Times New Roman" fontSize="10.5" bold="true"/>
                </Word>
                <TextEquiv>
                    <Unicode>7</Unicode>
                </TextEquiv>
                <TextStyle fontFamily="Times New Roman" fontSize="10.5" bold="true"/>
            </TextLine>
            <TextEquiv>
                <Unicode>7</Unicode>
            </TextEquiv>
        </TextRegion>
        <TextRegion type="paragraph" id="r_2_1" custom="readingOrder {index:1;}">
            <Coords points="88,116 695,116 695,169 88,169"/>
            <TextLine id="tl_2" primaryLanguage="English" custom="readingOrder {index:0;}">
                <Coords points="89,117 694,117 694,168 89,168"/>
                <Baseline points="89,161 128,168 259,160 524,167 694,161"/>
                <Word id="w_w2aab1b3b2b1b1ab1" language="English" custom="readingOrder {index:0;}">
                    <Coords points="89,117 128,117 128,168 89,168"/>
                    <TextEquiv>
                        <Unicode>6,</Unicode>
                    </TextEquiv>
                    <TextStyle fontFamily="Times New Roman" fontSize="7.0"/>
                </Word>
                <Word id="w_w2aab1b3b2b1b1ab7" language="English" custom="readingOrder {index:1;}">
                    <Coords points="165,133 259,133 259,161 165,161"/>
                    <TextEquiv>
                        <Unicode>RUE</Unicode>
                    </TextEquiv>
                    <TextStyle fontFamily="Times New Roman" fontSize="7.0"/>
                </Word>
                <Word id="w_w2aab1b3b2b1b1ac15" language="English" custom="readingOrder {index:2;}">
                    <Coords points="296,133 524,133 524,167 296,167"/>
                    <TextEquiv>
                        <Unicode>RLANCHE,</Unicode>
                    </TextEquiv>
                    <TextStyle fontFamily="Times New Roman" fontSize="7.0"/>
                </Word>
                <Word id="w_w2aab1b3b2b1b1ac33" language="English" custom="readingOrder {index:3;}">
                    <Coords points="564,135 694,135 694,161 564,161"/>
                    <TextEquiv>
                        <Unicode>PARIS</Unicode>
                    </TextEquiv>
                    <TextStyle fontFamily="Times New Roman" fontSize="7.0"/>
                </Word>
                <TextEquiv>
                    <Unicode>6, RUE RLANCHE, PARIS</Unicode>
                </TextEquiv>
                <TextStyle fontFamily="Times New Roman" fontSize="7.0"/>
            </TextLine>
            <TextEquiv>
                <Unicode>6, RUE RLANCHE, PARIS</Unicode>
            </TextEquiv>
        </TextRegion>
        <TextRegion type="paragraph" id="r_2_2" custom="readingOrder {index:2;}">
            <Coords points="88,217 943,217 943,260 88,260"/>
            <TextLine id="tl_3" primaryLanguage="English" custom="readingOrder {index:0;}">
                <Coords points="89,218 942,218 942,259 89,259"/>
                <Baseline points="89,249 109,249 235,248 619,256 776,250 942,242"/>
                <Word id="w_w2aab1b3b2b3b1ab1" language="English" custom="readingOrder {index:0;}">
                    <Coords points="89,218 180,218 180,249 89,249"/>
                    <TextEquiv>
                        <Unicode>4259</Unicode>
                    </TextEquiv>
                    <TextStyle fontFamily="Times New Roman" fontSize="9.0"/>
                </Word>
                <Word id="w_w2aab1b3b2b3b1b1b1" language="English" custom="readingOrder {index:1;}">
                    <Coords points="202,219 404,219 404,258 202,258"/>
                    <TextEquiv>
                        <Unicode>BRIEUX</Unicode>
                    </TextEquiv>
                    <TextStyle fontFamily="Times New Roman" fontSize="8.0" bold="true"/>
                </Word>
                <Word id="w_w2aab1b3b2b3b1b2b1" language="English" custom="readingOrder {index:2;}">
                    <Coords points="426,219 619,219 619,259 426,259"/>
                    <TextEquiv>
                        <Unicode>(Eugène),</Unicode>
                    </TextEquiv>
                    <TextStyle fontFamily="Times New Roman" fontSize="9.0"/>
                </Word>
                <Word id="w_w2aab1b3b2b3b1b2c21" language="English" custom="readingOrder {index:3;}">
                    <Coords points="644,221 776,221 776,251 644,251"/>
                    <TextEquiv>
                        <Unicode>auteur</Unicode>
                    </TextEquiv>
                    <TextStyle fontFamily="Times New Roman" fontSize="9.0"/>
                </Word>
                <Word id="w_w2aab1b3b2b3b1b2c35" language="English" custom="readingOrder {index:4;}">
                    <Coords points="797,220 942,220 942,251 797,251"/>
                    <TextEquiv>
                        <Unicode>drama¬</Unicode>
                    </TextEquiv>
                    <TextStyle fontFamily="Times New Roman" fontSize="9.0"/>
                </Word>
                <TextEquiv>
                    <Unicode>4259 BRIEUX (Eugène), auteur drama¬</Unicode>
                </TextEquiv>
            </TextLine>
            <TextEquiv>
                <Unicode>4259 BRIEUX (Eugène), auteur drama¬</Unicode>
            </TextEquiv>
        </TextRegion>
        <TextRegion type="paragraph" id="r_2_3" custom="readingOrder {index:3;}">
            <Coords points="135,265 942,265 942,348 135,348"/>
            <TextLine id="tl_4" primaryLanguage="English" custom="readingOrder {index:0;}">
                <Coords points="136,266 941,266 941,307 136,307"/>
                <Baseline points="136,297 250,298 327,288 396,298 460,298 519,298 571,298 824,305 872,298 941,300"/>
                <Word id="w_w2aab1b3b2b5b1ab1" language="English" custom="readingOrder {index:0;}">
                    <Coords points="136,266 250,266 250,306 136,306"/>
                    <TextEquiv>
                        <Unicode>tique.</Unicode>
                    </TextEquiv>
                    <TextStyle fontFamily="Times New Roman" fontSize="9.0"/>
                </Word>
                <Word id="w_w2aab1b3b2b5b1ac15" language="English" custom="readingOrder {index:1;}">
                    <Coords points="279,284 327,284 327,288 279,288"/>
                    <TextEquiv>
                        <Unicode>—</Unicode>
                    </TextEquiv>
                    <TextStyle fontFamily="Times New Roman" fontSize="9.0"/>
                </Word>
                <Word id="w_w2aab1b3b2b5b1ac19" language="English" custom="readingOrder {index:2;}">
                    <Coords points="356,266 396,266 396,298 356,298"/>
                    <TextEquiv>
                        <Unicode>L.</Unicode>
                    </TextEquiv>
                    <TextStyle fontFamily="Times New Roman" fontSize="9.0"/>
                </Word>
                <Word id="w_w2aab1b3b2b5b1ac25" language="English" custom="readingOrder {index:3;}">
                    <Coords points="428,275 460,275 460,298 428,298"/>
                    <TextEquiv>
                        <Unicode>a.</Unicode>
                    </TextEquiv>
                    <TextStyle fontFamily="Times New Roman" fontSize="9.0"/>
                </Word>
                <Word id="w_w2aab1b3b2b5b1ac31" language="English" custom="readingOrder {index:4;}">
                    <Coords points="491,275 519,275 519,298 491,298"/>
                    <TextEquiv>
                        <Unicode>s.</Unicode>
                    </TextEquiv>
                    <TextStyle fontFamily="Times New Roman" fontSize="9.0"/>
                </Word>
                <Word id="w_w2aab1b3b2b5b1ac37" language="English" custom="readingOrder {index:5;}">
                    <Coords points="551,267 571,267 571,298 551,298"/>
                    <TextEquiv>
                        <Unicode>à</Unicode>
                    </TextEquiv>
                    <TextStyle fontFamily="Times New Roman" fontSize="9.0"/>
                </Word>
                <Word id="w_w2aab1b3b2b5b1ac41" language="English" custom="readingOrder {index:6;}">
                    <Coords points="602,267 824,267 824,305 602,305"/>
                    <TextEquiv>
                        <Unicode>Madame...,</Unicode>
                    </TextEquiv>
                    <TextStyle fontFamily="Times New Roman" fontSize="9.0"/>
                </Word>
                <Word id="w_w2aab1b3b2b5b1ac63" language="English" custom="readingOrder {index:7;}">
                    <Coords points="857,269 872,269 872,298 857,298"/>
                    <TextEquiv>
                        <Unicode>1</Unicode>
                    </TextEquiv>
                    <TextStyle fontFamily="Times New Roman" fontSize="9.0"/>
                </Word>
                <Word id="w_w2aab1b3b2b5b1ac67" language="English" custom="readingOrder {index:8;}">
                    <Coords points="906,277 941,277 941,307 906,307"/>
                    <TextEquiv>
                        <Unicode>p.</Unicode>
                    </TextEquiv>
                    <TextStyle fontFamily="Times New Roman" fontSize="9.0"/>
                </Word>
                <TextEquiv>
                    <Unicode>tique. — L. a. s. à Madame..., 1 p.</Unicode>
                </TextEquiv>
                <TextStyle fontFamily="Times New Roman" fontSize="9.0"/>
            </TextLine>
            <TextLine id="tl_5" primaryLanguage="English" custom="readingOrder {index:1;}">
                <Coords points="137,314 941,314 941,347 137,347"/>
                <Baseline points="137,344 174,345 248,345 870,347 941,347"/>
                <Word id="w_w2aab1b3b2b5b3ab1" language="English" custom="readingOrder {index:0;}">
                    <Coords points="137,314 174,314 174,345 137,345"/>
                    <TextEquiv>
                        <Unicode>in</Unicode>
                    </TextEquiv>
                    <TextStyle fontFamily="Times New Roman" fontSize="9.0"/>
                </Word>
                <Word id="w_w2aab1b3b2b5b3ab7" language="English" custom="readingOrder {index:1;}">
                    <Coords points="195,314 248,314 248,345 195,345"/>
                    <TextEquiv>
                        <Unicode>12.</Unicode>
                    </TextEquiv>
                    <TextStyle fontFamily="Times New Roman" fontSize="9.0"/>
                </Word>
                <Word id="w_w2aab1b3b2b5b3ac15" language="English" custom="readingOrder {index:2;}">
                    <Coords points="829,316 870,316 870,347 829,347"/>
                    <TextEquiv>
                        <Unicode>12</Unicode>
                    </TextEquiv>
                    <TextStyle fontFamily="Times New Roman" fontSize="9.0"/>
                </Word>
                <Word id="w_w2aab1b3b2b5b3ac21" language="English" custom="readingOrder {index:3;}">
                    <Coords points="897,316 941,316 941,347 897,347"/>
                    <TextEquiv>
                        <Unicode>fr.</Unicode>
                    </TextEquiv>
                    <TextStyle fontFamily="Times New Roman" fontSize="9.0"/>
                </Word>
                <TextEquiv>
                    <Unicode>in 12. 12 fr.</Unicode>
                </TextEquiv>
                <TextStyle fontFamily="Times New Roman" fontSize="9.0"/>
            </TextLine>
            <TextEquiv>
                <Unicode>tique. — L. a. s. à Madame..., 1 p.
in 12. 12 fr.</Unicode>
            </TextEquiv>
        </TextRegion>
        <TextRegion type="paragraph" id="r_2_4" custom="readingOrder {index:4;}">
            <Coords points="175,375 945,375 945,448 175,448"/>
            <TextLine id="tl_6" primaryLanguage="English" custom="readingOrder {index:0;}">
                <Coords points="222,376 944,376 944,411 222,411"/>
                <Baseline points="222,403 248,403 427,404 513,404 657,404 769,404 826,405 944,397"/>
                <Word id="w_w2aab1b3b2b7b1ab1" language="English" custom="readingOrder {index:0;}">
                    <Coords points="222,376 248,376 248,403 222,403"/>
                    <TextEquiv>
                        <Unicode>Il</Unicode>
                    </TextEquiv>
                    <TextStyle fontFamily="Times New Roman" fontSize="7.0"/>
                </Word>
                <Word id="w_w2aab1b3b2b7b1ab7" language="English" custom="readingOrder {index:1;}">
                    <Coords points="275,383 427,383 427,404 275,404"/>
                    <TextEquiv>
                        <Unicode>annonce</Unicode>
                    </TextEquiv>
                    <TextStyle fontFamily="Times New Roman" fontSize="7.0"/>
                </Word>
                <Word id="w_w2aab1b3b2b7b1ac23" language="English" custom="readingOrder {index:2;}">
                    <Coords points="454,384 513,384 513,404 454,404"/>
                    <TextEquiv>
                        <Unicode>son</Unicode>
                    </TextEquiv>
                    <TextStyle fontFamily="Times New Roman" fontSize="7.0"/>
                </Word>
                <Word id="w_w2aab1b3b2b7b1ac31" language="English" custom="readingOrder {index:3;}">
                    <Coords points="536,377 657,377 657,411 536,411"/>
                    <TextEquiv>
                        <Unicode>départ</Unicode>
                    </TextEquiv>
                    <TextStyle fontFamily="Times New Roman" fontSize="7.0"/>
                </Word>
                <Word id="w_w2aab1b3b2b7b1ac45" language="English" custom="readingOrder {index:4;}">
                    <Coords points="684,385 769,385 769,411 684,411"/>
                    <TextEquiv>
                        <Unicode>pour</Unicode>
                    </TextEquiv>
                    <TextStyle fontFamily="Times New Roman" fontSize="7.0"/>
                </Word>
                <Word id="w_w2aab1b3b2b7b1ac55" language="English" custom="readingOrder {index:5;}">
                    <Coords points="796,377 826,377 826,405 796,405"/>
                    <TextEquiv>
                        <Unicode>la</Unicode>
                    </TextEquiv>
                    <TextStyle fontFamily="Times New Roman" fontSize="7.0"/>
                </Word>
                <Word id="w_w2aab1b3b2b7b1ac61" language="English" custom="readingOrder {index:6;}">
                    <Coords points="854,385 944,385 944,405 854,405"/>
                    <TextEquiv>
                        <Unicode>cam¬</Unicode>
                    </TextEquiv>
                    <TextStyle fontFamily="Times New Roman" fontSize="7.0"/>
                </Word>
                <TextEquiv>
                    <Unicode>Il annonce son départ pour la cam¬</Unicode>
                </TextEquiv>
                <TextStyle fontFamily="Times New Roman" fontSize="7.0"/>
            </TextLine>
            <TextLine id="tl_7" primaryLanguage="English" custom="readingOrder {index:1;}">
                <Coords points="176,419 295,419 295,447 176,447"/>
                <Baseline points="176,447 295,440"/>
                <Word id="w_w2aab1b3b2b7b3ab1" language="English" custom="readingOrder {index:0;}">
                    <Coords points="176,419 295,419 295,447 176,447"/>
                    <TextEquiv>
                        <Unicode>pagne.</Unicode>
                    </TextEquiv>
                    <TextStyle fontFamily="Times New Roman" fontSize="7.0"/>
                </Word>
                <TextEquiv>
                    <Unicode>pagne.</Unicode>
                </TextEquiv>
                <TextStyle fontFamily="Times New Roman" fontSize="7.0"/>
            </TextLine>
            <TextEquiv>
                <Unicode>Il annonce son départ pour la cam¬
pagne.</Unicode>
            </TextEquiv>
        </TextRegion>
        <TextRegion type="paragraph" id="r_2_5" custom="readingOrder {index:5;}">
            <Coords points="87,493 943,493 943,535 87,535"/>
            <TextLine id="tl_8" primaryLanguage="English" custom="readingOrder {index:0;}">
                <Coords points="88,494 942,494 942,534 88,534"/>
                <Baseline points="88,527 106,527 237,525 942,518"/>
                <Word id="w_w2aab1b3b2b9b1ab1" language="English" custom="readingOrder {index:0;}">
                    <Coords points="88,495 178,495 178,527 88,527"/>
                    <TextEquiv>
                        <Unicode>4260</Unicode>
                    </TextEquiv>
                    <TextStyle fontFamily="Times New Roman" fontSize="9.0"/>
                </Word>
                <Word id="w_w2aab1b3b2b9b1b1b1" language="English" custom="readingOrder {index:1;}">
                    <Coords points="204,494 440,494 440,534 204,534"/>
                    <TextEquiv>
                        <Unicode>BROGLIE</Unicode>
                    </TextEquiv>
                    <TextStyle fontFamily="Times New Roman" fontSize="8.0" bold="true"/>
                </Word>
                <Word id="w_w2aab1b3b2b9b1b2b1" language="English" custom="readingOrder {index:2;}">
                    <Coords points="502,494 942,494 942,534 502,534"/>
                    <TextEquiv>
                        <Unicode>(Achille-Charles-</Unicode>
                    </TextEquiv>
                    <TextStyle fontFamily="Times New Roman" fontSize="9.0"/>
                </Word>
                <TextEquiv>
                    <Unicode>4260 BROGLIE (Achille-Charles-</Unicode>
                </TextEquiv>
            </TextLine>
            <TextEquiv>
                <Unicode>4260 BROGLIE (Achille-Charles-</Unicode>
            </TextEquiv>
        </TextRegion>
        <TextRegion type="paragraph" id="r_2_6" custom="readingOrder {index:6;}">
            <Coords points="133,542 943,542 943,680 133,680"/>
            <TextLine id="tl_9" primaryLanguage="English" custom="readingOrder {index:0;}">
                <Coords points="135,543 941,543 941,584 135,584"/>
                <Baseline points="135,575 275,574 432,580 605,581 724,574 832,575 941,581"/>
                <Word id="w_w2aab1b3b2c11b1ab1" language="English" custom="readingOrder {index:0;}">
                    <Coords points="135,543 275,543 275,575 135,575"/>
                    <TextEquiv>
                        <Unicode>Léonce</Unicode>
                    </TextEquiv>
                    <TextStyle fontFamily="Times New Roman" fontSize="9.0"/>
                </Word>
                <Word id="w_w2aab1b3b2c11b1ac15" language="English" custom="readingOrder {index:1;}">
                    <Coords points="295,543 432,543 432,580 295,580"/>
                    <TextEquiv>
                        <Unicode>Victor,</Unicode>
                    </TextEquiv>
                    <TextStyle fontFamily="Times New Roman" fontSize="9.0"/>
                </Word>
                <Word id="w_w2aab1b3b2c11b1ac31" language="English" custom="readingOrder {index:2;}">
                    <Coords points="470,544 605,544 605,583 470,583"/>
                    <TextEquiv>
                        <Unicode>prince,</Unicode>
                    </TextEquiv>
                    <TextStyle fontFamily="Times New Roman" fontSize="9.0"/>
                </Word>
                <Word id="w_w2aab1b3b2c11b1ac47" language="English" custom="readingOrder {index:3;}">
                    <Coords points="643,544 724,544 724,582 643,582"/>
                    <TextEquiv>
                        <Unicode>puis</Unicode>
                    </TextEquiv>
                    <TextStyle fontFamily="Times New Roman" fontSize="9.0"/>
                </Word>
                <Word id="w_w2aab1b3b2c11b1ac57" language="English" custom="readingOrder {index:4;}">
                    <Coords points="761,544 832,544 832,575 761,575"/>
                    <TextEquiv>
                        <Unicode>duc</Unicode>
                    </TextEquiv>
                    <TextStyle fontFamily="Times New Roman" fontSize="9.0"/>
                </Word>
                <Word id="w_w2aab1b3b2c11b1ac65" language="English" custom="readingOrder {index:5;}">
                    <Coords points="868,544 941,544 941,584 868,584"/>
                    <TextEquiv>
                        <Unicode>de),</Unicode>
                    </TextEquiv>
                    <TextStyle fontFamily="Times New Roman" fontSize="9.0"/>
                </Word>
                <TextEquiv>
                    <Unicode>Léonce Victor, prince, puis duc de),</Unicode>
                </TextEquiv>
                <TextStyle fontFamily="Times New Roman" fontSize="9.0"/>
            </TextLine>
            <TextLine id="tl_10" primaryLanguage="English" custom="readingOrder {index:1;}">
                <Coords points="134,591 942,591 942,631 134,631"/>
                <Baseline points="134,622 280,622 497,628 737,622 811,613 942,623"/>
                <Word id="w_w2aab1b3b2c11b3ab1" language="English" custom="readingOrder {index:0;}">
                    <Coords points="134,592 280,592 280,622 134,622"/>
                    <TextEquiv>
                        <Unicode>homme</Unicode>
                    </TextEquiv>
                    <TextStyle fontFamily="Times New Roman" fontSize="9.0"/>
                </Word>
                <Word id="w_w2aab1b3b2c11b3ac13" language="English" custom="readingOrder {index:1;}">
                    <Coords points="307,591 497,591 497,631 307,631"/>
                    <TextEquiv>
                        <Unicode>politique,</Unicode>
                    </TextEquiv>
                    <TextStyle fontFamily="Times New Roman" fontSize="9.0"/>
                </Word>
                <Word id="w_w2aab1b3b2c11b3ac35" language="English" custom="readingOrder {index:2;}">
                    <Coords points="526,591 737,591 737,623 526,623"/>
                    <TextEquiv>
                        <Unicode>1785-1870.</Unicode>
                    </TextEquiv>
                    <TextStyle fontFamily="Times New Roman" fontSize="9.0"/>
                </Word>
                <Word id="w_w2aab1b3b2c11b3ac57" language="English" custom="readingOrder {index:3;}">
                    <Coords points="763,609 811,609 811,613 763,613"/>
                    <TextEquiv>
                        <Unicode>—</Unicode>
                    </TextEquiv>
                    <TextStyle fontFamily="Times New Roman" fontSize="9.0"/>
                </Word>
                <Word id="w_w2aab1b3b2c11b3ac61" language="English" custom="readingOrder {index:4;}">
                    <Coords points="838,592 942,592 942,623 838,623"/>
                    <TextEquiv>
                        <Unicode>Pièce</Unicode>
                    </TextEquiv>
                    <TextStyle fontFamily="Times New Roman" fontSize="9.0"/>
                </Word>
                <TextEquiv>
                    <Unicode>homme politique, 1785-1870. — Pièce</Unicode>
                </TextEquiv>
                <TextStyle fontFamily="Times New Roman" fontSize="9.0"/>
            </TextLine>
            <TextLine id="tl_11" primaryLanguage="English" custom="readingOrder {index:2;}">
                <Coords points="134,639 940,639 940,679 134,679"/>
                <Baseline points="134,671 165,670 213,670 348,677 472,676 563,670 617,670 674,670 726,670 870,671 940,671"/>
                <Word id="w_w2aab1b3b2c11b5ab1" language="English" custom="readingOrder {index:0;}">
                    <Coords points="134,649 165,649 165,671 134,671"/>
                    <TextEquiv>
                        <Unicode>a.</Unicode>
                    </TextEquiv>
                    <TextStyle fontFamily="Times New Roman" fontSize="9.0"/>
                </Word>
                <Word id="w_w2aab1b3b2c11b5ab7" language="English" custom="readingOrder {index:1;}">
                    <Coords points="186,648 213,648 213,670 186,670"/>
                    <TextEquiv>
                        <Unicode>s.</Unicode>
                    </TextEquiv>
                    <TextStyle fontFamily="Times New Roman" fontSize="9.0"/>
                </Word>
                <Word id="w_w2aab1b3b2c11b5ac13" language="English" custom="readingOrder {index:2;}">
                    <Coords points="236,639 348,639 348,677 236,677"/>
                    <TextEquiv>
                        <Unicode>Paris,</Unicode>
                    </TextEquiv>
                    <TextStyle fontFamily="Times New Roman" fontSize="9.0"/>
                </Word>
                <Word id="w_w2aab1b3b2c11b5ac27" language="English" custom="readingOrder {index:3;}">
                    <Coords points="371,639 472,639 472,676 371,676"/>
                    <TextEquiv>
                        <Unicode>1814,</Unicode>
                    </TextEquiv>
                    <TextStyle fontFamily="Times New Roman" fontSize="9.0"/>
                </Word>
                <Word id="w_w2aab1b3b2c11b5ac39" language="English" custom="readingOrder {index:4;}">
                    <Coords points="492,648 563,648 563,670 492,670"/>
                    <TextEquiv>
                        <Unicode>une</Unicode>
                    </TextEquiv>
                    <TextStyle fontFamily="Times New Roman" fontSize="9.0"/>
                </Word>
                <Word id="w_w2aab1b3b2c11b5ac47" language="English" custom="readingOrder {index:5;}">
                    <Coords points="581,647 617,647 617,679 581,679"/>
                    <TextEquiv>
                        <Unicode>p.</Unicode>
                    </TextEquiv>
                    <TextStyle fontFamily="Times New Roman" fontSize="9.0"/>
                </Word>
                <Word id="w_w2aab1b3b2c11b5ac53" language="English" custom="readingOrder {index:6;}">
                    <Coords points="638,639 674,639 674,670 638,670"/>
                    <TextEquiv>
                        <Unicode>in</Unicode>
                    </TextEquiv>
                    <TextStyle fontFamily="Times New Roman" fontSize="9.0"/>
                </Word>
                <Word id="w_w2aab1b3b2c11b5ac59" language="English" custom="readingOrder {index:7;}">
                    <Coords points="694,640 726,640 726,670 694,670"/>
                    <TextEquiv>
                        <Unicode>4.</Unicode>
                    </TextEquiv>
                    <TextStyle fontFamily="Times New Roman" fontSize="9.0"/>
                </Word>
                <Word id="w_w2aab1b3b2c11b5ac65" language="English" custom="readingOrder {index:8;}">
                    <Coords points="826,640 870,640 870,671 826,671"/>
                    <TextEquiv>
                        <Unicode>20</Unicode>
                    </TextEquiv>
                    <TextStyle fontFamily="Times New Roman" fontSize="9.0"/>
                </Word>
                <Word id="w_w2aab1b3b2c11b5ac71" language="English" custom="readingOrder {index:9;}">
                    <Coords points="896,640 940,640 940,671 896,671"/>
                    <TextEquiv>
                        <Unicode>fr.</Unicode>
                    </TextEquiv>
                    <TextStyle fontFamily="Times New Roman" fontSize="9.0"/>
                </Word>
                <TextEquiv>
                    <Unicode>a. s. Paris, 1814, une p. in 4. 20 fr.</Unicode>
                </TextEquiv>
                <TextStyle fontFamily="Times New Roman" fontSize="9.0"/>
            </TextLine>
            <TextEquiv>
                <Unicode>Léonce Victor, prince, puis duc de),
homme politique, 1785-1870. — Pièce
a. s. Paris, 1814, une p. in 4. 20 fr.</Unicode>
            </TextEquiv>
        </TextRegion>
        <TextRegion type="paragraph" id="r_2_7" custom="readingOrder {index:7;}">
            <Coords points="170,700 945,700 945,881 170,881"/>
            <TextLine id="tl_12" primaryLanguage="English" custom="readingOrder {index:0;}">
                <Coords points="217,701 944,701 944,735 217,735"/>
                <Baseline points="217,725 227,725 285,728 428,728 511,728 572,728 748,733 944,729"/>
                <Word id="w_w2aab1b3b2c13b1ab1" language="English" custom="readingOrder {index:0;}">
                    <Coords points="217,712 227,712 227,725 217,725"/>
                    <TextEquiv>
                        <Unicode>»</Unicode>
                    </TextEquiv>
                    <TextStyle fontFamily="Times New Roman" fontSize="7.0"/>
                </Word>
                <Word id="w_w2aab1b3b2c13b1ab5" language="English" custom="readingOrder {index:1;}">
                    <Coords points="243,701 285,701 285,728 243,728"/>
                    <TextEquiv>
                        <Unicode>Je</Unicode>
                    </TextEquiv>
                    <TextStyle fontFamily="Times New Roman" fontSize="7.0"/>
                </Word>
                <Word id="w_w2aab1b3b2c13b1ac11" language="English" custom="readingOrder {index:2;}">
                    <Coords points="301,701 428,701 428,728 301,728"/>
                    <TextEquiv>
                        <Unicode>certifie</Unicode>
                    </TextEquiv>
                    <TextStyle fontFamily="Times New Roman" fontSize="7.0"/>
                </Word>
                <Word id="w_w2aab1b3b2c13b1ac29" language="English" custom="readingOrder {index:3;}">
                    <Coords points="446,709 511,709 511,735 446,735"/>
                    <TextEquiv>
                        <Unicode>que</Unicode>
                    </TextEquiv>
                    <TextStyle fontFamily="Times New Roman" fontSize="7.0"/>
                </Word>
                <Word id="w_w2aab1b3b2c13b1ac37" language="English" custom="readingOrder {index:4;}">
                    <Coords points="527,701 572,701 572,728 527,728"/>
                    <TextEquiv>
                        <Unicode>M.</Unicode>
                    </TextEquiv>
                    <TextStyle fontFamily="Times New Roman" fontSize="7.0"/>
                </Word>
                <Word id="w_w2aab1b3b2c13b1ac43" language="English" custom="readingOrder {index:5;}">
                    <Coords points="585,701 748,701 748,733 585,733"/>
                    <TextEquiv>
                        <Unicode>Behourt,</Unicode>
                    </TextEquiv>
                    <TextStyle fontFamily="Times New Roman" fontSize="7.0"/>
                </Word>
                <Word id="w_w2aab1b3b2c13b1ac61" language="English" custom="readingOrder {index:6;}">
                    <Coords points="761,702 944,702 944,735 761,735"/>
                    <TextEquiv>
                        <Unicode>suppléant</Unicode>
                    </TextEquiv>
                    <TextStyle fontFamily="Times New Roman" fontSize="7.0"/>
                </Word>
                <TextEquiv>
                    <Unicode>« Je certifie que M. Behourt, suppléant</Unicode>
                </TextEquiv>
                <TextStyle fontFamily="Times New Roman" fontSize="7.0"/>
            </TextLine>
            <TextLine id="tl_13" primaryLanguage="English" custom="readingOrder {index:1;}">
                <Coords points="171,737 943,737 943,771 171,771"/>
                <Baseline points="171,764 200,764 300,764 364,764 465,764 645,764 713,764 847,764 943,757"/>
                <Word id="w_w2aab1b3b2c13b3ab1" language="English" custom="readingOrder {index:0;}">
                    <Coords points="171,737 200,737 200,764 171,764"/>
                    <TextEquiv>
                        <Unicode>le</Unicode>
                    </TextEquiv>
                    <TextStyle fontFamily="Times New Roman" fontSize="7.0"/>
                </Word>
                <Word id="w_w2aab1b3b2c13b3ab7" language="English" custom="readingOrder {index:1;}">
                    <Coords points="222,738 300,738 300,771 222,771"/>
                    <TextEquiv>
                        <Unicode>juge</Unicode>
                    </TextEquiv>
                    <TextStyle fontFamily="Times New Roman" fontSize="7.0"/>
                </Word>
                <Word id="w_w2aab1b3b2c13b3ac17" language="English" custom="readingOrder {index:2;}">
                    <Coords points="322,738 364,738 364,764 322,764"/>
                    <TextEquiv>
                        <Unicode>de</Unicode>
                    </TextEquiv>
                    <TextStyle fontFamily="Times New Roman" fontSize="7.0"/>
                </Word>
                <Word id="w_w2aab1b3b2c13b3ac23" language="English" custom="readingOrder {index:3;}">
                    <Coords points="384,737 465,737 465,771 384,771"/>
                    <TextEquiv>
                        <Unicode>paix</Unicode>
                    </TextEquiv>
                    <TextStyle fontFamily="Times New Roman" fontSize="7.0"/>
                </Word>
                <Word id="w_w2aab1b3b2c13b3ac33" language="English" custom="readingOrder {index:4;}">
                    <Coords points="493,738 645,738 645,771 493,771"/>
                    <TextEquiv>
                        <Unicode>pendant</Unicode>
                    </TextEquiv>
                    <TextStyle fontFamily="Times New Roman" fontSize="7.0"/>
                </Word>
                <Word id="w_w2aab1b3b2c13b3ac49" language="English" custom="readingOrder {index:5;}">
                    <Coords points="667,738 713,738 713,764 667,764"/>
                    <TextEquiv>
                        <Unicode>les</Unicode>
                    </TextEquiv>
                    <TextStyle fontFamily="Times New Roman" fontSize="7.0"/>
                </Word>
                <Word id="w_w2aab1b3b2c13b3ac57" language="English" custom="readingOrder {index:6;}">
                    <Coords points="736,739 847,739 847,771 736,771"/>
                    <TextEquiv>
                        <Unicode>temps</Unicode>
                    </TextEquiv>
                    <TextStyle fontFamily="Times New Roman" fontSize="7.0"/>
                </Word>
                <Word id="w_w2aab1b3b2c13b3ac69" language="English" custom="readingOrder {index:7;}">
                    <Coords points="868,745 943,745 943,765 868,765"/>
                    <TextEquiv>
                        <Unicode>ora¬</Unicode>
                    </TextEquiv>
                    <TextStyle fontFamily="Times New Roman" fontSize="7.0"/>
                </Word>
                <TextEquiv>
                    <Unicode>le juge de paix pendant les temps ora¬</Unicode>
                </TextEquiv>
                <TextStyle fontFamily="Times New Roman" fontSize="7.0"/>
            </TextLine>
            <TextLine id="tl_14" primaryLanguage="English" custom="readingOrder {index:2;}">
                <Coords points="171,773 942,773 942,807 171,807"/>
                <Baseline points="171,807 257,800 323,800 379,800 593,800 637,801 942,801"/>
                <Word id="w_w2aab1b3b2c13b5ab1" language="English" custom="readingOrder {index:0;}">
                    <Coords points="171,780 257,780 257,807 171,807"/>
                    <TextEquiv>
                        <Unicode>geux</Unicode>
                    </TextEquiv>
                    <TextStyle fontFamily="Times New Roman" fontSize="7.0"/>
                </Word>
                <Word id="w_w2aab1b3b2c13b5ac11" language="English" custom="readingOrder {index:1;}">
                    <Coords points="282,774 323,774 323,801 282,801"/>
                    <TextEquiv>
                        <Unicode>de</Unicode>
                    </TextEquiv>
                    <TextStyle fontFamily="Times New Roman" fontSize="7.0"/>
                </Word>
                <Word id="w_w2aab1b3b2c13b5ac17" language="English" custom="readingOrder {index:2;}">
                    <Coords points="347,773 379,773 379,800 347,800"/>
                    <TextEquiv>
                        <Unicode>la</Unicode>
                    </TextEquiv>
                    <TextStyle fontFamily="Times New Roman" fontSize="7.0"/>
                </Word>
                <Word id="w_w2aab1b3b2c13b5ac23" language="English" custom="readingOrder {index:3;}">
                    <Coords points="402,773 593,773 593,800 402,800"/>
                    <TextEquiv>
                        <Unicode>révolution</Unicode>
                    </TextEquiv>
                    <TextStyle fontFamily="Times New Roman" fontSize="7.0"/>
                </Word>
                <Word id="w_w2aab1b3b2c13b5ac45" language="English" custom="readingOrder {index:4;}">
                    <Coords points="617,782 637,782 637,801 617,801"/>
                    <TextEquiv>
                        <Unicode>a</Unicode>
                    </TextEquiv>
                    <TextStyle fontFamily="Times New Roman" fontSize="7.0"/>
                </Word>
                <Word id="w_w2aab1b3b2c13b5ac49" language="English" custom="readingOrder {index:5;}">
                    <Coords points="662,774 942,774 942,807 662,807"/>
                    <TextEquiv>
                        <Unicode>principalement</Unicode>
                    </TextEquiv>
                    <TextStyle fontFamily="Times New Roman" fontSize="7.0"/>
                </Word>
                <TextEquiv>
                    <Unicode>geux de la révolution a principalement</Unicode>
                </TextEquiv>
                <TextStyle fontFamily="Times New Roman" fontSize="7.0"/>
            </TextLine>
            <TextLine id="tl_15" primaryLanguage="English" custom="readingOrder {index:3;}">
                <Coords points="172,809 941,809 941,844 172,844"/>
                <Baseline points="172,837 347,837 390,837 589,837 651,836 760,836 941,829"/>
                <Word id="w_w2aab1b3b2c13b7ab1" language="English" custom="readingOrder {index:0;}">
                    <Coords points="172,809 347,809 347,837 172,837"/>
                    <TextEquiv>
                        <Unicode>contribué</Unicode>
                    </TextEquiv>
                    <TextStyle fontFamily="Times New Roman" fontSize="7.0"/>
                </Word>
                <Word id="w_w2aab1b3b2c13b7ac21" language="English" custom="readingOrder {index:1;}">
                    <Coords points="370,809 390,809 390,837 370,837"/>
                    <TextEquiv>
                        <Unicode>à</Unicode>
                    </TextEquiv>
                    <TextStyle fontFamily="Times New Roman" fontSize="7.0"/>
                </Word>
                <Word id="w_w2aab1b3b2c13b7ac25" language="English" custom="readingOrder {index:2;}">
                    <Coords points="412,817 589,817 589,837 412,837"/>
                    <TextEquiv>
                        <Unicode>conserver</Unicode>
                    </TextEquiv>
                    <TextStyle fontFamily="Times New Roman" fontSize="7.0"/>
                </Word>
                <Word id="w_w2aab1b3b2c13b7ac45" language="English" custom="readingOrder {index:3;}">
                    <Coords points="605,810 651,810 651,836 605,836"/>
                    <TextEquiv>
                        <Unicode>les</Unicode>
                    </TextEquiv>
                    <TextStyle fontFamily="Times New Roman" fontSize="7.0"/>
                </Word>
                <Word id="w_w2aab1b3b2c13b7ac53" language="English" custom="readingOrder {index:4;}">
                    <Coords points="667,811 760,811 760,844 667,844"/>
                    <TextEquiv>
                        <Unicode>jours</Unicode>
                    </TextEquiv>
                    <TextStyle fontFamily="Times New Roman" fontSize="7.0"/>
                </Word>
                <Word id="w_w2aab1b3b2c13b7ac65" language="English" custom="readingOrder {index:5;}">
                    <Coords points="784,810 941,810 941,838 784,838"/>
                    <TextEquiv>
                        <Unicode>sérieuse¬</Unicode>
                    </TextEquiv>
                    <TextStyle fontFamily="Times New Roman" fontSize="7.0"/>
                </Word>
                <TextEquiv>
                    <Unicode>contribué à conserver les jours sérieuse¬</Unicode>
                </TextEquiv>
                <TextStyle fontFamily="Times New Roman" fontSize="7.0"/>
            </TextLine>
            <TextLine id="tl_16" primaryLanguage="English" custom="readingOrder {index:4;}">
                <Coords points="171,846 814,846 814,880 171,880"/>
                <Baseline points="171,873 265,873 443,872 510,873 604,873 777,873 814,870"/>
                <Word id="w_w2aab1b3b2c13b9ab1" language="English" custom="readingOrder {index:0;}">
                    <Coords points="171,847 265,847 265,873 171,873"/>
                    <TextEquiv>
                        <Unicode>ment</Unicode>
                    </TextEquiv>
                    <TextStyle fontFamily="Times New Roman" fontSize="7.0"/>
                </Word>
                <Word id="w_w2aab1b3b2c13b9ac11" language="English" custom="readingOrder {index:1;}">
                    <Coords points="288,846 443,846 443,873 288,873"/>
                    <TextEquiv>
                        <Unicode>menacés</Unicode>
                    </TextEquiv>
                    <TextStyle fontFamily="Times New Roman" fontSize="7.0"/>
                </Word>
                <Word id="w_w2aab1b3b2c13b9ac27" language="English" custom="readingOrder {index:2;}">
                    <Coords points="467,846 510,846 510,873 467,873"/>
                    <TextEquiv>
                        <Unicode>de</Unicode>
                    </TextEquiv>
                    <TextStyle fontFamily="Times New Roman" fontSize="7.0"/>
                </Word>
                <Word id="w_w2aab1b3b2c13b9ac33" language="English" custom="readingOrder {index:3;}">
                    <Coords points="533,853 604,853 604,873 533,873"/>
                    <TextEquiv>
                        <Unicode>mes</Unicode>
                    </TextEquiv>
                    <TextStyle fontFamily="Times New Roman" fontSize="7.0"/>
                </Word>
                <Word id="w_w2aab1b3b2c13b9ac41" language="English" custom="readingOrder {index:4;}">
                    <Coords points="627,848 777,848 777,880 627,880"/>
                    <TextEquiv>
                        <Unicode>parents.</Unicode>
                    </TextEquiv>
                    <TextStyle fontFamily="Times New Roman" fontSize="7.0"/>
                </Word>
                <Word id="w_w2aab1b3b2c13b9ac59" language="English" custom="readingOrder {index:5;}">
                    <Coords points="805,856 814,856 814,870 805,870"/>
                    <TextEquiv>
                        <Unicode>»</Unicode>
                    </TextEquiv>
                    <TextStyle fontFamily="Times New Roman" fontSize="7.0"/>
                </Word>
                <TextEquiv>
                    <Unicode>ment menacés de mes parents. »</Unicode>
                </TextEquiv>
                <TextStyle fontFamily="Times New Roman" fontSize="7.0"/>
            </TextLine>
            <TextEquiv>
                <Unicode>« Je certifie que M. Behourt, suppléant
le juge de paix pendant les temps ora¬
geux de la révolution a principalement
contribué à conserver les jours sérieuse¬
ment menacés de mes parents. »</Unicode>
            </TextEquiv>
        </TextRegion>
        <TextRegion type="paragraph" id="r_2_8" custom="readingOrder {index:8;}">
            <Coords points="81,941 941,941 941,983 81,983"/>
            <TextLine id="tl_17" primaryLanguage="English" custom="readingOrder {index:0;}">
                <Coords points="82,942 940,942 940,982 82,982"/>
                <Baseline points="82,974 101,974 231,972 834,981 940,966"/>
                <Word id="w_w2aab1b3b2c15b1ab1" language="English" custom="readingOrder {index:0;}">
                    <Coords points="82,943 169,943 169,974 82,974"/>
                    <TextEquiv>
                        <Unicode>4261</Unicode>
                    </TextEquiv>
                    <TextStyle fontFamily="Times New Roman" fontSize="9.0"/>
                </Word>
                <Word id="w_w2aab1b3b2c15b1b1b1" language="English" custom="readingOrder {index:1;}">
                    <Coords points="198,942 556,942 556,982 198,982"/>
                    <TextEquiv>
                        <Unicode>BRONGNIART</Unicode>
                    </TextEquiv>
                    <TextStyle fontFamily="Times New Roman" fontSize="8.0" bold="true"/>
                </Word>
                <Word id="w_w2aab1b3b2c15b1b2b1" language="English" custom="readingOrder {index:2;}">
                    <Coords points="582,942 834,942 834,982 582,982"/>
                    <TextEquiv>
                        <Unicode>(Alexandre),</Unicode>
                    </TextEquiv>
                    <TextStyle fontFamily="Times New Roman" fontSize="9.0"/>
                </Word>
                <Word id="w_w2aab1b3b2c15b1b2c27" language="English" custom="readingOrder {index:3;}">
                    <Coords points="850,943 940,943 940,974 850,974"/>
                    <TextEquiv>
                        <Unicode>célè¬</Unicode>
                    </TextEquiv>
                    <TextStyle fontFamily="Times New Roman" fontSize="9.0"/>
                </Word>
                <TextEquiv>
                    <Unicode>4261 BRONGNIART (Alexandre), célè¬</Unicode>
                </TextEquiv>
            </TextLine>
            <TextEquiv>
                <Unicode>4261 BRONGNIART (Alexandre), célè¬</Unicode>
            </TextEquiv>
        </TextRegion>
        <TextRegion type="paragraph" id="r_2_9" custom="readingOrder {index:9;}">
            <Coords points="127,989 940,989 940,1168 127,1168"/>
            <TextLine id="tl_18" primaryLanguage="English" custom="readingOrder {index:0;}">
                <Coords points="130,990 939,990 939,1031 130,1031"/>
                <Baseline points="130,1022 193,1022 386,1021 448,1021 659,1028 869,1022 939,1023"/>
                <Word id="w_w2aab1b3b2c17b1ab1" language="English" custom="readingOrder {index:0;}">
                    <Coords points="130,991 193,991 193,1022 130,1022"/>
                    <TextEquiv>
                        <Unicode>bre</Unicode>
                    </TextEquiv>
                    <TextStyle fontFamily="Times New Roman" fontSize="9.0"/>
                </Word>
                <Word id="w_w2aab1b3b2c17b1ab9" language="English" custom="readingOrder {index:1;}">
                    <Coords points="217,991 386,991 386,1022 217,1022"/>
                    <TextEquiv>
                        <Unicode>chimiste</Unicode>
                    </TextEquiv>
                    <TextStyle fontFamily="Times New Roman" fontSize="9.0"/>
                </Word>
                <Word id="w_w2aab1b3b2c17b1ac27" language="English" custom="readingOrder {index:2;}">
                    <Coords points="411,992 448,992 448,1021 411,1021"/>
                    <TextEquiv>
                        <Unicode>et</Unicode>
                    </TextEquiv>
                    <TextStyle fontFamily="Times New Roman" fontSize="9.0"/>
                </Word>
                <Word id="w_w2aab1b3b2c17b1ac33" language="English" custom="readingOrder {index:3;}">
                    <Coords points="474,990 659,990 659,1031 474,1031"/>
                    <TextEquiv>
                        <Unicode>géologue,</Unicode>
                    </TextEquiv>
                    <TextStyle fontFamily="Times New Roman" fontSize="9.0"/>
                </Word>
                <Word id="w_w2aab1b3b2c17b1ac53" language="English" custom="readingOrder {index:4;}">
                    <Coords points="686,991 869,991 869,1022 686,1022"/>
                    <TextEquiv>
                        <Unicode>directeur</Unicode>
                    </TextEquiv>
                    <TextStyle fontFamily="Times New Roman" fontSize="9.0"/>
                </Word>
                <Word id="w_w2aab1b3b2c17b1ac73" language="English" custom="readingOrder {index:5;}">
                    <Coords points="894,992 939,992 939,1023 894,1023"/>
                    <TextEquiv>
                        <Unicode>de</Unicode>
                    </TextEquiv>
                    <TextStyle fontFamily="Times New Roman" fontSize="9.0"/>
                </Word>
                <TextEquiv>
                    <Unicode>bre chimiste et géologue, directeur de</Unicode>
                </TextEquiv>
                <TextStyle fontFamily="Times New Roman" fontSize="9.0"/>
            </TextLine>
            <TextLine id="tl_19" primaryLanguage="English" custom="readingOrder {index:1;}">
                <Coords points="130,1038 938,1038 938,1071 130,1071"/>
                <Baseline points="130,1069 163,1071 457,1069 536,1069 712,1070 796,1061 938,1071"/>
                <Word id="w_w2aab1b3b2c17b3ab1" language="English" custom="readingOrder {index:0;}">
                    <Coords points="130,1039 163,1039 163,1071 130,1071"/>
                    <TextEquiv>
                        <Unicode>la</Unicode>
                    </TextEquiv>
                    <TextStyle fontFamily="Times New Roman" fontSize="9.0"/>
                </Word>
                <Word id="w_w2aab1b3b2c17b3ab7" language="English" custom="readingOrder {index:1;}">
                    <Coords points="198,1038 457,1038 457,1070 198,1070"/>
                    <TextEquiv>
                        <Unicode>manufacture</Unicode>
                    </TextEquiv>
                    <TextStyle fontFamily="Times New Roman" fontSize="9.0"/>
                </Word>
                <Word id="w_w2aab1b3b2c17b3ac31" language="English" custom="readingOrder {index:2;}">
                    <Coords points="491,1039 536,1039 536,1069 491,1069"/>
                    <TextEquiv>
                        <Unicode>de</Unicode>
                    </TextEquiv>
                    <TextStyle fontFamily="Times New Roman" fontSize="9.0"/>
                </Word>
                <Word id="w_w2aab1b3b2c17b3ac37" language="English" custom="readingOrder {index:3;}">
                    <Coords points="572,1039 712,1039 712,1070 572,1070"/>
                    <TextEquiv>
                        <Unicode>Sèvres.</Unicode>
                    </TextEquiv>
                    <TextStyle fontFamily="Times New Roman" fontSize="9.0"/>
                </Word>
                <Word id="w_w2aab1b3b2c17b3ac53" language="English" custom="readingOrder {index:4;}">
                    <Coords points="747,1057 796,1057 796,1061 747,1061"/>
                    <TextEquiv>
                        <Unicode>—</Unicode>
                    </TextEquiv>
                    <TextStyle fontFamily="Times New Roman" fontSize="9.0"/>
                </Word>
                <Word id="w_w2aab1b3b2c17b3ac57" language="English" custom="readingOrder {index:5;}">
                    <Coords points="832,1040 938,1040 938,1071 832,1071"/>
                    <TextEquiv>
                        <Unicode>Deux</Unicode>
                    </TextEquiv>
                    <TextStyle fontFamily="Times New Roman" fontSize="9.0"/>
                </Word>
                <TextEquiv>
                    <Unicode>la manufacture de Sèvres. — Deux</Unicode>
                </TextEquiv>
                <TextStyle fontFamily="Times New Roman" fontSize="9.0"/>
            </TextLine>
            <TextLine id="tl_20" primaryLanguage="English" custom="readingOrder {index:2;}">
                <Coords points="130,1087 936,1087 936,1127 130,1127"/>
                <Baseline points="130,1117 254,1117 309,1118 360,1118 498,1124 712,1117 736,1125 833,1119 878,1119 936,1119"/>
                <Word id="w_w2aab1b3b2c17b5ab1" language="English" custom="readingOrder {index:0;}">
                    <Coords points="130,1087 254,1087 254,1118 130,1118"/>
                    <TextEquiv>
                        <Unicode>lettres</Unicode>
                    </TextEquiv>
                    <TextStyle fontFamily="Times New Roman" fontSize="9.0"/>
                </Word>
                <Word id="w_w2aab1b3b2c17b5ac17" language="English" custom="readingOrder {index:1;}">
                    <Coords points="277,1096 309,1096 309,1118 277,1118"/>
                    <TextEquiv>
                        <Unicode>a.</Unicode>
                    </TextEquiv>
                    <TextStyle fontFamily="Times New Roman" fontSize="9.0"/>
                </Word>
                <Word id="w_w2aab1b3b2c17b5ac23" language="English" custom="readingOrder {index:2;}">
                    <Coords points="332,1095 360,1095 360,1118 332,1118"/>
                    <TextEquiv>
                        <Unicode>s.</Unicode>
                    </TextEquiv>
                    <TextStyle fontFamily="Times New Roman" fontSize="9.0"/>
                </Word>
                <Word id="w_w2aab1b3b2c17b5ac29" language="English" custom="readingOrder {index:3;}">
                    <Coords points="384,1087 498,1087 498,1124 384,1124"/>
                    <TextEquiv>
                        <Unicode>Paris,</Unicode>
                    </TextEquiv>
                    <TextStyle fontFamily="Times New Roman" fontSize="9.0"/>
                </Word>
                <Word id="w_w2aab1b3b2c17b5ac43" language="English" custom="readingOrder {index:4;}">
                    <Coords points="513,1087 712,1087 712,1118 513,1118"/>
                    <TextEquiv>
                        <Unicode>1839-1843</Unicode>
                    </TextEquiv>
                    <TextStyle fontFamily="Times New Roman" fontSize="9.0"/>
                </Word>
                <Word id="w_w2aab1b3b2c17b5ac63" language="English" custom="readingOrder {index:5;}">
                    <Coords points="728,1097 736,1097 736,1125 728,1125"/>
                    <TextEquiv>
                        <Unicode>;</Unicode>
                    </TextEquiv>
                    <TextStyle fontFamily="Times New Roman" fontSize="9.0"/>
                </Word>
                <Word id="w_w2aab1b3b2c17b5ac67" language="English" custom="readingOrder {index:6;}">
                    <Coords points="760,1096 833,1096 833,1119 760,1119"/>
                    <TextEquiv>
                        <Unicode>eus.</Unicode>
                    </TextEquiv>
                    <TextStyle fontFamily="Times New Roman" fontSize="9.0"/>
                </Word>
                <Word id="w_w2aab1b3b2c17b5ac77" language="English" custom="readingOrder {index:7;}">
                    <Coords points="858,1088 878,1088 878,1119 858,1119"/>
                    <TextEquiv>
                        <Unicode>3</Unicode>
                    </TextEquiv>
                    <TextStyle fontFamily="Times New Roman" fontSize="9.0"/>
                </Word>
                <Word id="w_w2aab1b3b2c17b5ac81" language="English" custom="readingOrder {index:8;}">
                    <Coords points="901,1097 936,1097 936,1127 901,1127"/>
                    <TextEquiv>
                        <Unicode>p.</Unicode>
                    </TextEquiv>
                    <TextStyle fontFamily="Times New Roman" fontSize="9.0"/>
                </Word>
                <TextEquiv>
                    <Unicode>lettres a. s. Paris, 1839-1843 ; eus. 3 p.</Unicode>
                </TextEquiv>
                <TextStyle fontFamily="Times New Roman" fontSize="9.0"/>
            </TextLine>
            <TextLine id="tl_21" primaryLanguage="English" custom="readingOrder {index:3;}">
                <Coords points="128,1134 935,1134 935,1167 128,1167"/>
                <Baseline points="128,1166 205,1166 264,1166 375,1166 864,1166 935,1167"/>
                <Word id="w_w2aab1b3b2c17b7ab1" language="English" custom="readingOrder {index:0;}">
                    <Coords points="128,1134 205,1134 205,1166 128,1166"/>
                    <TextEquiv>
                        <Unicode>in-8</Unicode>
                    </TextEquiv>
                    <TextStyle fontFamily="Times New Roman" fontSize="9.0"/>
                </Word>
                <Word id="w_w2aab1b3b2c17b7ac11" language="English" custom="readingOrder {index:1;}">
                    <Coords points="228,1136 264,1136 264,1166 228,1166"/>
                    <TextEquiv>
                        <Unicode>et</Unicode>
                    </TextEquiv>
                    <TextStyle fontFamily="Times New Roman" fontSize="9.0"/>
                </Word>
                <Word id="w_w2aab1b3b2c17b7ac17" language="English" custom="readingOrder {index:2;}">
                    <Coords points="286,1135 375,1135 375,1166 286,1166"/>
                    <TextEquiv>
                        <Unicode>in-4.</Unicode>
                    </TextEquiv>
                    <TextStyle fontFamily="Times New Roman" fontSize="9.0"/>
                </Word>
                <Word id="w_w2aab1b3b2c17b7ac29" language="English" custom="readingOrder {index:3;}">
                    <Coords points="820,1136 864,1136 864,1167 820,1167"/>
                    <TextEquiv>
                        <Unicode>25</Unicode>
                    </TextEquiv>
                    <TextStyle fontFamily="Times New Roman" fontSize="9.0"/>
                </Word>
                <Word id="w_w2aab1b3b2c17b7ac35" language="English" custom="readingOrder {index:4;}">
                    <Coords points="891,1136 935,1136 935,1167 891,1167"/>
                    <TextEquiv>
                        <Unicode>fr.</Unicode>
                    </TextEquiv>
                    <TextStyle fontFamily="Times New Roman" fontSize="9.0"/>
                </Word>
                <TextEquiv>
                    <Unicode>in-8 et in-4. 25 fr.</Unicode>
                </TextEquiv>
                <TextStyle fontFamily="Times New Roman" fontSize="9.0"/>
            </TextLine>
            <TextEquiv>
                <Unicode>bre chimiste et géologue, directeur de
la manufacture de Sèvres. — Deux
lettres a. s. Paris, 1839-1843 ; eus. 3 p.
in-8 et in-4. 25 fr.</Unicode>
            </TextEquiv>
        </TextRegion>
        <TextRegion type="paragraph" id="r_2_10" custom="readingOrder {index:10;}">
            <Coords points="164,1196 939,1196 939,1414 164,1414"/>
            <TextLine id="tl_22" primaryLanguage="English" custom="readingOrder {index:0;}">
                <Coords points="210,1197 938,1197 938,1232 210,1232"/>
                <Baseline points="210,1225 303,1224 355,1225 538,1224 670,1229 712,1224 844,1225 938,1218"/>
                <Word id="w_w2aab1b3b2c19b1ab1" language="English" custom="readingOrder {index:0;}">
                    <Coords points="210,1198 303,1198 303,1225 210,1225"/>
                    <TextEquiv>
                        <Unicode>Dans</Unicode>
                    </TextEquiv>
                    <TextStyle fontFamily="Times New Roman" fontSize="7.0"/>
                </Word>
                <Word id="w_w2aab1b3b2c19b1ac11" language="English" custom="readingOrder {index:1;}">
                    <Coords points="324,1197 355,1197 355,1225 324,1225"/>
                    <TextEquiv>
                        <Unicode>la</Unicode>
                    </TextEquiv>
                    <TextStyle fontFamily="Times New Roman" fontSize="7.0"/>
                </Word>
                <Word id="w_w2aab1b3b2c19b1ac17" language="English" custom="readingOrder {index:2;}">
                    <Coords points="376,1198 538,1198 538,1232 376,1232"/>
                    <TextEquiv>
                        <Unicode>première</Unicode>
                    </TextEquiv>
                    <TextStyle fontFamily="Times New Roman" fontSize="7.0"/>
                </Word>
                <Word id="w_w2aab1b3b2c19b1ac35" language="English" custom="readingOrder {index:3;}">
                    <Coords points="558,1198 670,1198 670,1229 558,1229"/>
                    <TextEquiv>
                        <Unicode>lettre,</Unicode>
                    </TextEquiv>
                    <TextStyle fontFamily="Times New Roman" fontSize="7.0"/>
                </Word>
                <Word id="w_w2aab1b3b2c19b1ac51" language="English" custom="readingOrder {index:4;}">
                    <Coords points="690,1198 712,1198 712,1225 690,1225"/>
                    <TextEquiv>
                        <Unicode>il</Unicode>
                    </TextEquiv>
                    <TextStyle fontFamily="Times New Roman" fontSize="7.0"/>
                </Word>
                <Word id="w_w2aab1b3b2c19b1ac57" language="English" custom="readingOrder {index:5;}">
                    <Coords points="733,1198 844,1198 844,1225 733,1225"/>
                    <TextEquiv>
                        <Unicode>donne</Unicode>
                    </TextEquiv>
                    <TextStyle fontFamily="Times New Roman" fontSize="7.0"/>
                </Word>
                <Word id="w_w2aab1b3b2c19b1ac69" language="English" custom="readingOrder {index:6;}">
                    <Coords points="864,1206 938,1206 938,1226 864,1226"/>
                    <TextEquiv>
                        <Unicode>ren¬</Unicode>
                    </TextEquiv>
                    <TextStyle fontFamily="Times New Roman" fontSize="7.0"/>
                </Word>
                <TextEquiv>
                    <Unicode>Dans la première lettre, il donne ren¬</Unicode>
                </TextEquiv>
                <TextStyle fontFamily="Times New Roman" fontSize="7.0"/>
            </TextLine>
            <TextLine id="tl_23" primaryLanguage="English" custom="readingOrder {index:1;}">
                <Coords points="166,1233 938,1233 938,1268 166,1268"/>
                <Baseline points="166,1262 328,1260 370,1261 455,1261 553,1261 777,1261 886,1262 938,1262"/>
                <Word id="w_w2aab1b3b2c19b3ab1" language="English" custom="readingOrder {index:0;}">
                    <Coords points="166,1234 328,1234 328,1262 166,1262"/>
                    <TextEquiv>
                        <Unicode>dez-vous</Unicode>
                    </TextEquiv>
                    <TextStyle fontFamily="Times New Roman" fontSize="7.0"/>
                </Word>
                <Word id="w_w2aab1b3b2c19b3ac19" language="English" custom="readingOrder {index:1;}">
                    <Coords points="351,1233 370,1233 370,1261 351,1261"/>
                    <TextEquiv>
                        <Unicode>à</Unicode>
                    </TextEquiv>
                    <TextStyle fontFamily="Times New Roman" fontSize="7.0"/>
                </Word>
                <Word id="w_w2aab1b3b2c19b3ac23" language="English" custom="readingOrder {index:2;}">
                    <Coords points="394,1242 455,1242 455,1261 394,1261"/>
                    <TextEquiv>
                        <Unicode>son</Unicode>
                    </TextEquiv>
                    <TextStyle fontFamily="Times New Roman" fontSize="7.0"/>
                </Word>
                <Word id="w_w2aab1b3b2c19b3ac31" language="English" custom="readingOrder {index:3;}">
                    <Coords points="478,1234 553,1234 553,1261 478,1261"/>
                    <TextEquiv>
                        <Unicode>aide</Unicode>
                    </TextEquiv>
                    <TextStyle fontFamily="Times New Roman" fontSize="7.0"/>
                </Word>
                <Word id="w_w2aab1b3b2c19b3ac41" language="English" custom="readingOrder {index:4;}">
                    <Coords points="576,1234 777,1234 777,1262 576,1262"/>
                    <TextEquiv>
                        <Unicode>naturaliste</Unicode>
                    </TextEquiv>
                    <TextStyle fontFamily="Times New Roman" fontSize="7.0"/>
                </Word>
                <Word id="w_w2aab1b3b2c19b3ac65" language="English" custom="readingOrder {index:5;}">
                    <Coords points="800,1243 886,1243 886,1268 800,1268"/>
                    <TextEquiv>
                        <Unicode>pour</Unicode>
                    </TextEquiv>
                    <TextStyle fontFamily="Times New Roman" fontSize="7.0"/>
                </Word>
                <Word id="w_w2aab1b3b2c19b3ac75" language="English" custom="readingOrder {index:6;}">
                    <Coords points="908,1235 938,1235 938,1262 908,1262"/>
                    <TextEquiv>
                        <Unicode>le</Unicode>
                    </TextEquiv>
                    <TextStyle fontFamily="Times New Roman" fontSize="7.0"/>
                </Word>
                <TextEquiv>
                    <Unicode>dez-vous à son aide naturaliste pour le</Unicode>
                </TextEquiv>
                <TextStyle fontFamily="Times New Roman" fontSize="7.0"/>
            </TextLine>
            <TextLine id="tl_24" primaryLanguage="English" custom="readingOrder {index:2;}">
                <Coords points="166,1270 937,1270 937,1304 166,1304"/>
                <Baseline points="166,1298 290,1297 349,1298 555,1297 615,1297 664,1297 860,1298 937,1298"/>
                <Word id="w_w2aab1b3b2c19b5ab1" language="English" custom="readingOrder {index:0;}">
                    <Coords points="166,1272 290,1272 290,1298 166,1298"/>
                    <TextEquiv>
                        <Unicode>mettre</Unicode>
                    </TextEquiv>
                    <TextStyle fontFamily="Times New Roman" fontSize="7.0"/>
                </Word>
                <Word id="w_w2aab1b3b2c19b5ac15" language="English" custom="readingOrder {index:1;}">
                    <Coords points="308,1277 349,1277 349,1298 308,1298"/>
                    <TextEquiv>
                        <Unicode>en</Unicode>
                    </TextEquiv>
                    <TextStyle fontFamily="Times New Roman" fontSize="7.0"/>
                </Word>
                <Word id="w_w2aab1b3b2c19b5ac21" language="English" custom="readingOrder {index:2;}">
                    <Coords points="367,1270 555,1270 555,1304 367,1304"/>
                    <TextEquiv>
                        <Unicode>possession</Unicode>
                    </TextEquiv>
                    <TextStyle fontFamily="Times New Roman" fontSize="7.0"/>
                </Word>
                <Word id="w_w2aab1b3b2c19b5ac43" language="English" custom="readingOrder {index:3;}">
                    <Coords points="574,1271 615,1271 615,1297 574,1297"/>
                    <TextEquiv>
                        <Unicode>de</Unicode>
                    </TextEquiv>
                    <TextStyle fontFamily="Times New Roman" fontSize="7.0"/>
                </Word>
                <Word id="w_w2aab1b3b2c19b5ac49" language="English" custom="readingOrder {index:4;}">
                    <Coords points="634,1270 664,1270 664,1297 634,1297"/>
                    <TextEquiv>
                        <Unicode>la</Unicode>
                    </TextEquiv>
                    <TextStyle fontFamily="Times New Roman" fontSize="7.0"/>
                </Word>
                <Word id="w_w2aab1b3b2c19b5ac55" language="English" custom="readingOrder {index:5;}">
                    <Coords points="684,1271 860,1271 860,1298 684,1298"/>
                    <TextEquiv>
                        <Unicode>collection</Unicode>
                    </TextEquiv>
                    <TextStyle fontFamily="Times New Roman" fontSize="7.0"/>
                </Word>
                <Word id="w_w2aab1b3b2c19b5ac77" language="English" custom="readingOrder {index:6;}">
                    <Coords points="879,1272 937,1272 937,1298 879,1298"/>
                    <TextEquiv>
                        <Unicode>des</Unicode>
                    </TextEquiv>
                    <TextStyle fontFamily="Times New Roman" fontSize="7.0"/>
                </Word>
                <TextEquiv>
                    <Unicode>mettre en possession de la collection des</Unicode>
                </TextEquiv>
                <TextStyle fontFamily="Times New Roman" fontSize="7.0"/>
            </TextLine>
            <TextLine id="tl_25" primaryLanguage="English" custom="readingOrder {index:3;}">
                <Coords points="166,1306 936,1306 936,1341 166,1341"/>
                <Baseline points="166,1334 318,1333 394,1333 460,1334 625,1334 911,1334 936,1340"/>
                <Word id="w_w2aab1b3b2c19b7ab1" language="English" custom="readingOrder {index:0;}">
                    <Coords points="166,1306 318,1306 318,1334 166,1334"/>
                    <TextEquiv>
                        <Unicode>archives</Unicode>
                    </TextEquiv>
                    <TextStyle fontFamily="Times New Roman" fontSize="7.0"/>
                </Word>
                <Word id="w_w2aab1b3b2c19b7ac19" language="English" custom="readingOrder {index:1;}">
                    <Coords points="352,1307 394,1307 394,1334 352,1334"/>
                    <TextEquiv>
                        <Unicode>de</Unicode>
                    </TextEquiv>
                    <TextStyle fontFamily="Times New Roman" fontSize="7.0"/>
                </Word>
                <Word id="w_w2aab1b3b2c19b7ac25" language="English" custom="readingOrder {index:2;}">
                    <Coords points="428,1307 460,1307 460,1334 428,1334"/>
                    <TextEquiv>
                        <Unicode>la</Unicode>
                    </TextEquiv>
                    <TextStyle fontFamily="Times New Roman" fontSize="7.0"/>
                </Word>
                <Word id="w_w2aab1b3b2c19b7ac31" language="English" custom="readingOrder {index:3;}">
                    <Coords points="494,1307 625,1307 625,1334 494,1334"/>
                    <TextEquiv>
                        <Unicode>Société</Unicode>
                    </TextEquiv>
                    <TextStyle fontFamily="Times New Roman" fontSize="7.0"/>
                </Word>
                <Word id="w_w2aab1b3b2c19b7ac47" language="English" custom="readingOrder {index:4;}">
                    <Coords points="660,1307 911,1307 911,1341 660,1341"/>
                    <TextEquiv>
                        <Unicode>Philomatique</Unicode>
                    </TextEquiv>
                    <TextStyle fontFamily="Times New Roman" fontSize="7.0"/>
                </Word>
                <Word id="w_w2aab1b3b2c19b7ac73" language="English" custom="readingOrder {index:5;}">
                    <Coords points="928,1315 936,1315 936,1340 928,1340"/>
                    <TextEquiv>
                        <Unicode>;</Unicode>
                    </TextEquiv>
                    <TextStyle fontFamily="Times New Roman" fontSize="7.0"/>
                </Word>
                <TextEquiv>
                    <Unicode>archives de la Société Philomatique ;</Unicode>
                </TextEquiv>
                <TextStyle fontFamily="Times New Roman" fontSize="7.0"/>
            </TextLine>
            <TextLine id="tl_26" primaryLanguage="English" custom="readingOrder {index:4;}">
                <Coords points="165,1342 937,1342 937,1376 165,1376"/>
                <Baseline points="165,1370 250,1369 395,1369 440,1369 605,1370 686,1370 872,1370 937,1371"/>
                <Word id="w_w2aab1b3b2c19b9ab1" language="English" custom="readingOrder {index:0;}">
                    <Coords points="165,1343 250,1343 250,1371 165,1371"/>
                    <TextEquiv>
                        <Unicode>dans</Unicode>
                    </TextEquiv>
                    <TextStyle fontFamily="Times New Roman" fontSize="7.0"/>
                </Word>
                <Word id="w_w2aab1b3b2c19b9ac11" language="English" custom="readingOrder {index:1;}">
                    <Coords points="272,1342 395,1342 395,1370 272,1370"/>
                    <TextEquiv>
                        <Unicode>l’autre</Unicode>
                    </TextEquiv>
                    <TextStyle fontFamily="Times New Roman" fontSize="7.0"/>
                </Word>
                <Word id="w_w2aab1b3b2c19b9ac27" language="English" custom="readingOrder {index:2;}">
                    <Coords points="417,1343 440,1343 440,1369 417,1369"/>
                    <TextEquiv>
                        <Unicode>il</Unicode>
                    </TextEquiv>
                    <TextStyle fontFamily="Times New Roman" fontSize="7.0"/>
                </Word>
                <Word id="w_w2aab1b3b2c19b9ac33" language="English" custom="readingOrder {index:3;}">
                    <Coords points="462,1342 605,1342 605,1370 462,1370"/>
                    <TextEquiv>
                        <Unicode>réclame</Unicode>
                    </TextEquiv>
                    <TextStyle fontFamily="Times New Roman" fontSize="7.0"/>
                </Word>
                <Word id="w_w2aab1b3b2c19b9ac49" language="English" custom="readingOrder {index:4;}">
                    <Coords points="629,1343 686,1343 686,1370 629,1370"/>
                    <TextEquiv>
                        <Unicode>des</Unicode>
                    </TextEquiv>
                    <TextStyle fontFamily="Times New Roman" fontSize="7.0"/>
                </Word>
                <Word id="w_w2aab1b3b2c19b9ac57" language="English" custom="readingOrder {index:5;}">
                    <Coords points="710,1344 872,1344 872,1376 710,1376"/>
                    <TextEquiv>
                        <Unicode>portraits</Unicode>
                    </TextEquiv>
                    <TextStyle fontFamily="Times New Roman" fontSize="7.0"/>
                </Word>
                <Word id="w_w2aab1b3b2c19b9ac77" language="English" custom="readingOrder {index:6;}">
                    <Coords points="896,1344 937,1344 937,1371 896,1371"/>
                    <TextEquiv>
                        <Unicode>de</Unicode>
                    </TextEquiv>
                    <TextStyle fontFamily="Times New Roman" fontSize="7.0"/>
                </Word>
                <TextEquiv>
                    <Unicode>dans l’autre il réclame des portraits de</Unicode>
                </TextEquiv>
                <TextStyle fontFamily="Times New Roman" fontSize="7.0"/>
            </TextLine>
            <TextLine id="tl_27" primaryLanguage="English" custom="readingOrder {index:5;}">
                <Coords points="165,1379 897,1379 897,1413 165,1413"/>
                <Baseline points="165,1406 197,1407 348,1406 486,1406 596,1406 667,1406 897,1407"/>
                <Word id="w_w2aab1b3b2c19c11ab1" language="English" custom="readingOrder {index:0;}">
                    <Coords points="165,1379 197,1379 197,1407 165,1407"/>
                    <TextEquiv>
                        <Unicode>la</Unicode>
                    </TextEquiv>
                    <TextStyle fontFamily="Times New Roman" fontSize="7.0"/>
                </Word>
                <Word id="w_w2aab1b3b2c19c11ab7" language="English" custom="readingOrder {index:1;}">
                    <Coords points="222,1379 348,1379 348,1407 222,1407"/>
                    <TextEquiv>
                        <Unicode>famille</Unicode>
                    </TextEquiv>
                    <TextStyle fontFamily="Times New Roman" fontSize="7.0"/>
                </Word>
                <Word id="w_w2aab1b3b2c19c11ac23" language="English" custom="readingOrder {index:2;}">
                    <Coords points="371,1379 486,1379 486,1413 371,1413"/>
                    <TextEquiv>
                        <Unicode>royale</Unicode>
                    </TextEquiv>
                    <TextStyle fontFamily="Times New Roman" fontSize="7.0"/>
                </Word>
                <Word id="w_w2aab1b3b2c19c11ac37" language="English" custom="readingOrder {index:3;}">
                    <Coords points="510,1387 596,1387 596,1413 510,1413"/>
                    <TextEquiv>
                        <Unicode>pour</Unicode>
                    </TextEquiv>
                    <TextStyle fontFamily="Times New Roman" fontSize="7.0"/>
                </Word>
                <Word id="w_w2aab1b3b2c19c11ac47" language="English" custom="readingOrder {index:4;}">
                    <Coords points="620,1379 667,1379 667,1406 620,1406"/>
                    <TextEquiv>
                        <Unicode>les</Unicode>
                    </TextEquiv>
                    <TextStyle fontFamily="Times New Roman" fontSize="7.0"/>
                </Word>
                <Word id="w_w2aab1b3b2c19c11ac55" language="English" custom="readingOrder {index:5;}">
                    <Coords points="692,1380 897,1380 897,1413 692,1413"/>
                    <TextEquiv>
                        <Unicode>reproduire.</Unicode>
                    </TextEquiv>
                    <TextStyle fontFamily="Times New Roman" fontSize="7.0"/>
                </Word>
                <TextEquiv>
                    <Unicode>la famille royale pour les reproduire.</Unicode>
                </TextEquiv>
                <TextStyle fontFamily="Times New Roman" fontSize="7.0"/>
            </TextLine>
            <TextEquiv>
                <Unicode>Dans la première lettre, il donne ren¬
dez-vous à son aide naturaliste pour le
mettre en possession de la collection des
archives de la Société Philomatique ;
dans l’autre il réclame des portraits de
la famille royale pour les reproduire.</Unicode>
            </TextEquiv>
        </TextRegion>
        <TextRegion type="paragraph" id="r_2_11" custom="readingOrder {index:11;}">
            <Coords points="78,1465 935,1465 935,1509 78,1509"/>
            <TextLine id="tl_28" primaryLanguage="English" custom="readingOrder {index:0;}">
                <Coords points="79,1466 934,1466 934,1508 79,1508"/>
                <Baseline points="79,1499 97,1499 229,1497 934,1506"/>
                <Word id="w_w2aab1b3b2c21b1ab1" language="English" custom="readingOrder {index:0;}">
                    <Coords points="79,1468 168,1468 168,1499 79,1499"/>
                    <TextEquiv>
                        <Unicode>4262</Unicode>
                    </TextEquiv>
                    <TextStyle fontFamily="Times New Roman" fontSize="9.0"/>
                </Word>
                <Word id="w_w2aab1b3b2c21b1b1b1" language="English" custom="readingOrder {index:1;}">
                    <Coords points="196,1467 556,1467 556,1507 196,1507"/>
                    <TextEquiv>
                        <Unicode>BUONAROTTI</Unicode>
                    </TextEquiv>
                    <TextStyle fontFamily="Times New Roman" fontSize="8.0" bold="true"/>
                </Word>
                <Word id="w_w2aab1b3b2c21b1b2b1" language="English" custom="readingOrder {index:2;}">
                    <Coords points="569,1466 934,1466 934,1508 569,1508"/>
                    <TextEquiv>
                        <Unicode>(Philippe-Michel),</Unicode>
                    </TextEquiv>
                    <TextStyle fontFamily="Times New Roman" fontSize="9.0"/>
                </Word>
                <TextEquiv>
                    <Unicode>4262 BUONAROTTI (Philippe-Michel),</Unicode>
                </TextEquiv>
            </TextLine>
            <TextEquiv>
                <Unicode>4262 BUONAROTTI (Philippe-Michel),</Unicode>
            </TextEquiv>
        </TextRegion>
        <TextRegion type="paragraph" id="r_2_12" custom="readingOrder {index:12;}">
            <Coords points="123,1514 936,1514 936,1740 123,1740"/>
            <TextLine id="tl_29" primaryLanguage="English" custom="readingOrder {index:0;}">
                <Coords points="124,1515 935,1515 935,1553 124,1553"/>
                <Baseline points="124,1546 447,1552 551,1546 632,1546 817,1553 935,1539"/>
                <Word id="w_w2aab1b3b2c23b1ab1" language="English" custom="readingOrder {index:0;}">
                    <Coords points="124,1515 447,1515 447,1552 124,1552"/>
                    <TextEquiv>
                        <Unicode>révolutionnaire,</Unicode>
                    </TextEquiv>
                    <TextStyle fontFamily="Times New Roman" fontSize="9.0"/>
                </Word>
                <Word id="w_w2aab1b3b2c23b1ac35" language="English" custom="readingOrder {index:1;}">
                    <Coords points="478,1515 551,1515 551,1546 478,1546"/>
                    <TextEquiv>
                        <Unicode>ami</Unicode>
                    </TextEquiv>
                    <TextStyle fontFamily="Times New Roman" fontSize="9.0"/>
                </Word>
                <Word id="w_w2aab1b3b2c23b1ac43" language="English" custom="readingOrder {index:2;}">
                    <Coords points="588,1516 632,1516 632,1546 588,1546"/>
                    <TextEquiv>
                        <Unicode>de</Unicode>
                    </TextEquiv>
                    <TextStyle fontFamily="Times New Roman" fontSize="9.0"/>
                </Word>
                <Word id="w_w2aab1b3b2c23b1ac49" language="English" custom="readingOrder {index:3;}">
                    <Coords points="662,1515 817,1515 817,1553 662,1553"/>
                    <TextEquiv>
                        <Unicode>Babeuf,</Unicode>
                    </TextEquiv>
                    <TextStyle fontFamily="Times New Roman" fontSize="9.0"/>
                </Word>
                <Word id="w_w2aab1b3b2c23b1ac65" language="English" custom="readingOrder {index:4;}">
                    <Coords points="856,1517 935,1517 935,1546 856,1546"/>
                    <TextEquiv>
                        <Unicode>des¬</Unicode>
                    </TextEquiv>
                    <TextStyle fontFamily="Times New Roman" fontSize="9.0"/>
                </Word>
                <TextEquiv>
                    <Unicode>révolutionnaire, ami de Babeuf, des¬</Unicode>
                </TextEquiv>
                <TextStyle fontFamily="Times New Roman" fontSize="9.0"/>
            </TextLine>
            <TextLine id="tl_30" primaryLanguage="English" custom="readingOrder {index:1;}">
                <Coords points="125,1563 933,1563 933,1603 125,1603"/>
                <Baseline points="125,1595 287,1594 367,1594 526,1593 678,1601 758,1594 810,1595 933,1602"/>
                <Word id="w_w2aab1b3b2c23b3ab1" language="English" custom="readingOrder {index:0;}">
                    <Coords points="125,1563 287,1563 287,1595 125,1595"/>
                    <TextEquiv>
                        <Unicode>cendant</Unicode>
                    </TextEquiv>
                    <TextStyle fontFamily="Times New Roman" fontSize="9.0"/>
                </Word>
                <Word id="w_w2aab1b3b2c23b3ac17" language="English" custom="readingOrder {index:1;}">
                    <Coords points="321,1563 367,1563 367,1594 321,1594"/>
                    <TextEquiv>
                        <Unicode>de</Unicode>
                    </TextEquiv>
                    <TextStyle fontFamily="Times New Roman" fontSize="9.0"/>
                </Word>
                <Word id="w_w2aab1b3b2c23b3ac23" language="English" custom="readingOrder {index:2;}">
                    <Coords points="395,1563 526,1563 526,1594 395,1594"/>
                    <TextEquiv>
                        <Unicode>Michel</Unicode>
                    </TextEquiv>
                    <TextStyle fontFamily="Times New Roman" fontSize="9.0"/>
                </Word>
                <Word id="w_w2aab1b3b2c23b3ac37" language="English" custom="readingOrder {index:3;}">
                    <Coords points="561,1563 678,1563 678,1603 561,1603"/>
                    <TextEquiv>
                        <Unicode>Ange,</Unicode>
                    </TextEquiv>
                    <TextStyle fontFamily="Times New Roman" fontSize="9.0"/>
                </Word>
                <Word id="w_w2aab1b3b2c23b3ac49" language="English" custom="readingOrder {index:4;}">
                    <Coords points="714,1563 758,1563 758,1594 714,1594"/>
                    <TextEquiv>
                        <Unicode>né</Unicode>
                    </TextEquiv>
                    <TextStyle fontFamily="Times New Roman" fontSize="9.0"/>
                </Word>
                <Word id="w_w2aab1b3b2c23b3ac55" language="English" custom="readingOrder {index:5;}">
                    <Coords points="790,1564 810,1564 810,1595 790,1595"/>
                    <TextEquiv>
                        <Unicode>à</Unicode>
                    </TextEquiv>
                    <TextStyle fontFamily="Times New Roman" fontSize="9.0"/>
                </Word>
                <Word id="w_w2aab1b3b2c23b3ac59" language="English" custom="readingOrder {index:6;}">
                    <Coords points="840,1564 933,1564 933,1602 840,1602"/>
                    <TextEquiv>
                        <Unicode>Pise,</Unicode>
                    </TextEquiv>
                    <TextStyle fontFamily="Times New Roman" fontSize="9.0"/>
                </Word>
                <TextEquiv>
                    <Unicode>cendant de Michel Ange, né à Pise,</Unicode>
                </TextEquiv>
                <TextStyle fontFamily="Times New Roman" fontSize="9.0"/>
            </TextLine>
            <TextLine id="tl_31" primaryLanguage="English" custom="readingOrder {index:2;}">
                <Coords points="128,1611 933,1611 933,1643 128,1643"/>
                <Baseline points="128,1642 339,1642 425,1633 574,1642 736,1642 799,1643 859,1643 933,1643"/>
                <Word id="w_w2aab1b3b2c23b5ab1" language="English" custom="readingOrder {index:0;}">
                    <Coords points="128,1611 339,1611 339,1643 128,1643"/>
                    <TextEquiv>
                        <Unicode>1761-1837.</Unicode>
                    </TextEquiv>
                    <TextStyle fontFamily="Times New Roman" fontSize="9.0"/>
                </Word>
                <Word id="w_w2aab1b3b2c23b5ac23" language="English" custom="readingOrder {index:1;}">
                    <Coords points="376,1628 425,1628 425,1633 376,1633"/>
                    <TextEquiv>
                        <Unicode>—</Unicode>
                    </TextEquiv>
                    <TextStyle fontFamily="Times New Roman" fontSize="9.0"/>
                </Word>
                <Word id="w_w2aab1b3b2c23b5ac27" language="English" custom="readingOrder {index:2;}">
                    <Coords points="466,1611 574,1611 574,1642 466,1642"/>
                    <TextEquiv>
                        <Unicode>Deux</Unicode>
                    </TextEquiv>
                    <TextStyle fontFamily="Times New Roman" fontSize="9.0"/>
                </Word>
                <Word id="w_w2aab1b3b2c23b5ac37" language="English" custom="readingOrder {index:3;}">
                    <Coords points="610,1611 736,1611 736,1642 610,1642"/>
                    <TextEquiv>
                        <Unicode>lettres</Unicode>
                    </TextEquiv>
                    <TextStyle fontFamily="Times New Roman" fontSize="9.0"/>
                </Word>
                <Word id="w_w2aab1b3b2c23b5ac53" language="English" custom="readingOrder {index:4;}">
                    <Coords points="768,1621 799,1621 799,1643 768,1643"/>
                    <TextEquiv>
                        <Unicode>a.</Unicode>
                    </TextEquiv>
                    <TextStyle fontFamily="Times New Roman" fontSize="9.0"/>
                </Word>
                <Word id="w_w2aab1b3b2c23b5ac59" language="English" custom="readingOrder {index:5;}">
                    <Coords points="831,1620 859,1620 859,1643 831,1643"/>
                    <TextEquiv>
                        <Unicode>s.</Unicode>
                    </TextEquiv>
                    <TextStyle fontFamily="Times New Roman" fontSize="9.0"/>
                </Word>
                <Word id="w_w2aab1b3b2c23b5ac65" language="English" custom="readingOrder {index:6;}">
                    <Coords points="887,1621 933,1621 933,1643 887,1643"/>
                    <TextEquiv>
                        <Unicode>au</Unicode>
                    </TextEquiv>
                    <TextStyle fontFamily="Times New Roman" fontSize="9.0"/>
                </Word>
                <TextEquiv>
                    <Unicode>1761-1837. — Deux lettres a. s. au</Unicode>
                </TextEquiv>
                <TextStyle fontFamily="Times New Roman" fontSize="9.0"/>
            </TextLine>
            <TextLine id="tl_32" primaryLanguage="English" custom="readingOrder {index:3;}">
                <Coords points="125,1658 932,1658 932,1699 125,1699"/>
                <Baseline points="125,1690 263,1690 380,1690 498,1690 630,1698 750,1697 838,1690 877,1690 932,1691"/>
                <Word id="w_w2aab1b3b2c23b7ab1" language="English" custom="readingOrder {index:0;}">
                    <Coords points="125,1658 263,1658 263,1699 125,1699"/>
                    <TextEquiv>
                        <Unicode>député</Unicode>
                    </TextEquiv>
                    <TextStyle fontFamily="Times New Roman" fontSize="9.0"/>
                </Word>
                <Word id="w_w2aab1b3b2c23b7ac15" language="English" custom="readingOrder {index:1;}">
                    <Coords points="278,1658 380,1658 380,1690 278,1690"/>
                    <TextEquiv>
                        <Unicode>Félix</Unicode>
                    </TextEquiv>
                    <TextStyle fontFamily="Times New Roman" fontSize="9.0"/>
                </Word>
                <Word id="w_w2aab1b3b2c23b7ac27" language="English" custom="readingOrder {index:2;}">
                    <Coords points="395,1658 498,1658 498,1690 395,1690"/>
                    <TextEquiv>
                        <Unicode>Réal.</Unicode>
                    </TextEquiv>
                    <TextStyle fontFamily="Times New Roman" fontSize="9.0"/>
                </Word>
                <Word id="w_w2aab1b3b2c23b7ac39" language="English" custom="readingOrder {index:3;}">
                    <Coords points="516,1659 630,1659 630,1698 516,1698"/>
                    <TextEquiv>
                        <Unicode>Paris,</Unicode>
                    </TextEquiv>
                    <TextStyle fontFamily="Times New Roman" fontSize="9.0"/>
                </Word>
                <Word id="w_w2aab1b3b2c23b7ac53" language="English" custom="readingOrder {index:4;}">
                    <Coords points="648,1659 750,1659 750,1697 648,1697"/>
                    <TextEquiv>
                        <Unicode>1834,</Unicode>
                    </TextEquiv>
                    <TextStyle fontFamily="Times New Roman" fontSize="9.0"/>
                </Word>
                <Word id="w_w2aab1b3b2c23b7ac65" language="English" custom="readingOrder {index:5;}">
                    <Coords points="766,1668 838,1668 838,1690 766,1690"/>
                    <TextEquiv>
                        <Unicode>ens.</Unicode>
                    </TextEquiv>
                    <TextStyle fontFamily="Times New Roman" fontSize="9.0"/>
                </Word>
                <Word id="w_w2aab1b3b2c23b7ac75" language="English" custom="readingOrder {index:6;}">
                    <Coords points="858,1660 877,1660 877,1690 858,1690"/>
                    <TextEquiv>
                        <Unicode>2</Unicode>
                    </TextEquiv>
                    <TextStyle fontFamily="Times New Roman" fontSize="9.0"/>
                </Word>
                <Word id="w_w2aab1b3b2c23b7ac79" language="English" custom="readingOrder {index:7;}">
                    <Coords points="898,1669 932,1669 932,1699 898,1699"/>
                    <TextEquiv>
                        <Unicode>p.</Unicode>
                    </TextEquiv>
                    <TextStyle fontFamily="Times New Roman" fontSize="9.0"/>
                </Word>
                <TextEquiv>
                    <Unicode>député Félix Réal. Paris, 1834, ens. 2 p.</Unicode>
                </TextEquiv>
                <TextStyle fontFamily="Times New Roman" fontSize="9.0"/>
            </TextLine>
            <TextLine id="tl_33" primaryLanguage="English" custom="readingOrder {index:4;}">
                <Coords points="125,1707 932,1707 932,1739 125,1739"/>
                <Baseline points="125,1738 161,1738 200,1738 259,1738 368,1738 863,1738 932,1739"/>
                <Word id="w_w2aab1b3b2c23b9ab1" language="English" custom="readingOrder {index:0;}">
                    <Coords points="125,1707 161,1707 161,1738 125,1738"/>
                    <TextEquiv>
                        <Unicode>in</Unicode>
                    </TextEquiv>
                    <TextStyle fontFamily="Times New Roman" fontSize="9.0"/>
                </Word>
                <Word id="w_w2aab1b3b2c23b9ab7" language="English" custom="readingOrder {index:1;}">
                    <Coords points="180,1707 200,1707 200,1738 180,1738"/>
                    <TextEquiv>
                        <Unicode>8</Unicode>
                    </TextEquiv>
                    <TextStyle fontFamily="Times New Roman" fontSize="9.0"/>
                </Word>
                <Word id="w_w2aab1b3b2c23b9ac11" language="English" custom="readingOrder {index:2;}">
                    <Coords points="223,1709 259,1709 259,1738 223,1738"/>
                    <TextEquiv>
                        <Unicode>et</Unicode>
                    </TextEquiv>
                    <TextStyle fontFamily="Times New Roman" fontSize="9.0"/>
                </Word>
                <Word id="w_w2aab1b3b2c23b9ac17" language="English" custom="readingOrder {index:3;}">
                    <Coords points="281,1707 368,1707 368,1738 281,1738"/>
                    <TextEquiv>
                        <Unicode>in-4.</Unicode>
                    </TextEquiv>
                    <TextStyle fontFamily="Times New Roman" fontSize="9.0"/>
                </Word>
                <Word id="w_w2aab1b3b2c23b9ac29" language="English" custom="readingOrder {index:4;}">
                    <Coords points="818,1708 863,1708 863,1738 818,1738"/>
                    <TextEquiv>
                        <Unicode>40</Unicode>
                    </TextEquiv>
                    <TextStyle fontFamily="Times New Roman" fontSize="9.0"/>
                </Word>
                <Word id="w_w2aab1b3b2c23b9ac35" language="English" custom="readingOrder {index:5;}">
                    <Coords points="889,1708 932,1708 932,1739 889,1739"/>
                    <TextEquiv>
                        <Unicode>fr.</Unicode>
                    </TextEquiv>
                    <TextStyle fontFamily="Times New Roman" fontSize="9.0"/>
                </Word>
                <TextEquiv>
                    <Unicode>in 8 et in-4. 40 fr.</Unicode>
                </TextEquiv>
                <TextStyle fontFamily="Times New Roman" fontSize="9.0"/>
            </TextLine>
            <TextEquiv>
                <Unicode>révolutionnaire, ami de Babeuf, des¬
cendant de Michel Ange, né à Pise,
1761-1837. — Deux lettres a. s. au
député Félix Réal. Paris, 1834, ens. 2 p.
in 8 et in-4. 40 fr.</Unicode>
            </TextEquiv>
        </TextRegion>
        <TextRegion type="paragraph" id="r_2_13" custom="readingOrder {index:13;}">
            <Coords points="162,1768 937,1768 937,2057 162,2057"/>
            <TextLine id="tl_34" primaryLanguage="English" custom="readingOrder {index:0;}">
                <Coords points="209,1769 935,1769 935,1803 209,1803"/>
                <Baseline points="209,1793 219,1793 371,1796 467,1796 765,1796 877,1797 935,1797"/>
                <Word id="w_w2aab1b3b2c25b1ab1" language="English" custom="readingOrder {index:0;}">
                    <Coords points="209,1779 219,1779 219,1793 209,1793"/>
                    <TextEquiv>
                        <Unicode>•</Unicode>
                    </TextEquiv>
                    <TextStyle fontFamily="Times New Roman" fontSize="7.0"/>
                </Word>
                <Word id="w_w2aab1b3b2c25b1ab5" language="English" custom="readingOrder {index:1;}">
                    <Coords points="246,1769 371,1769 371,1803 246,1803"/>
                    <TextEquiv>
                        <Unicode>Agréez</Unicode>
                    </TextEquiv>
                    <TextStyle fontFamily="Times New Roman" fontSize="7.0"/>
                </Word>
                <Word id="w_w2aab1b3b2c25b1ac19" language="English" custom="readingOrder {index:2;}">
                    <Coords points="398,1777 467,1777 467,1796 398,1796"/>
                    <TextEquiv>
                        <Unicode>mes</Unicode>
                    </TextEquiv>
                    <TextStyle fontFamily="Times New Roman" fontSize="7.0"/>
                </Word>
                <Word id="w_w2aab1b3b2c25b1ac27" language="English" custom="readingOrder {index:3;}">
                    <Coords points="494,1769 765,1769 765,1797 494,1797"/>
                    <TextEquiv>
                        <Unicode>remerciements</Unicode>
                    </TextEquiv>
                    <TextStyle fontFamily="Times New Roman" fontSize="7.0"/>
                </Word>
                <Word id="w_w2aab1b3b2c25b1ac55" language="English" custom="readingOrder {index:4;}">
                    <Coords points="793,1778 877,1778 877,1803 793,1803"/>
                    <TextEquiv>
                        <Unicode>pour</Unicode>
                    </TextEquiv>
                    <TextStyle fontFamily="Times New Roman" fontSize="7.0"/>
                </Word>
                <Word id="w_w2aab1b3b2c25b1ac65" language="English" custom="readingOrder {index:5;}">
                    <Coords points="904,1770 935,1770 935,1797 904,1797"/>
                    <TextEquiv>
                        <Unicode>la</Unicode>
                    </TextEquiv>
                    <TextStyle fontFamily="Times New Roman" fontSize="7.0"/>
                </Word>
                <TextEquiv>
                    <Unicode>« Agréez mes remerciements pour la</Unicode>
                </TextEquiv>
                <TextStyle fontFamily="Times New Roman" fontSize="7.0"/>
            </TextLine>
            <TextLine id="tl_35" primaryLanguage="English" custom="readingOrder {index:1;}">
                <Coords points="163,1805 936,1805 936,1839 163,1839"/>
                <Baseline points="163,1833 342,1832 427,1832 532,1832 635,1832 697,1832 749,1833 874,1833 936,1833"/>
                <Word id="w_w2aab1b3b2c25b3ab1" language="English" custom="readingOrder {index:0;}">
                    <Coords points="163,1805 342,1805 342,1833 163,1833"/>
                    <TextEquiv>
                        <Unicode>démarche</Unicode>
                    </TextEquiv>
                    <TextStyle fontFamily="Times New Roman" fontSize="7.0"/>
                </Word>
                <Word id="w_w2aab1b3b2c25b3ac19" language="English" custom="readingOrder {index:1;}">
                    <Coords points="362,1813 427,1813 427,1839 362,1839"/>
                    <TextEquiv>
                        <Unicode>que</Unicode>
                    </TextEquiv>
                    <TextStyle fontFamily="Times New Roman" fontSize="7.0"/>
                </Word>
                <Word id="w_w2aab1b3b2c25b3ac27" language="English" custom="readingOrder {index:2;}">
                    <Coords points="447,1813 532,1813 532,1832 447,1832"/>
                    <TextEquiv>
                        <Unicode>vous</Unicode>
                    </TextEquiv>
                    <TextStyle fontFamily="Times New Roman" fontSize="7.0"/>
                </Word>
                <Word id="w_w2aab1b3b2c25b3ac37" language="English" custom="readingOrder {index:3;}">
                    <Coords points="553,1813 635,1813 635,1833 553,1833"/>
                    <TextEquiv>
                        <Unicode>avez</Unicode>
                    </TextEquiv>
                    <TextStyle fontFamily="Times New Roman" fontSize="7.0"/>
                </Word>
                <Word id="w_w2aab1b3b2c25b3ac47" language="English" custom="readingOrder {index:4;}">
                    <Coords points="656,1813 697,1813 697,1832 656,1832"/>
                    <TextEquiv>
                        <Unicode>eu</Unicode>
                    </TextEquiv>
                    <TextStyle fontFamily="Times New Roman" fontSize="7.0"/>
                </Word>
                <Word id="w_w2aab1b3b2c25b3ac53" language="English" custom="readingOrder {index:5;}">
                    <Coords points="717,1806 749,1806 749,1833 717,1833"/>
                    <TextEquiv>
                        <Unicode>la</Unicode>
                    </TextEquiv>
                    <TextStyle fontFamily="Times New Roman" fontSize="7.0"/>
                </Word>
                <Word id="w_w2aab1b3b2c25b3ac59" language="English" custom="readingOrder {index:6;}">
                    <Coords points="769,1806 874,1806 874,1833 769,1833"/>
                    <TextEquiv>
                        <Unicode>bonté</Unicode>
                    </TextEquiv>
                    <TextStyle fontFamily="Times New Roman" fontSize="7.0"/>
                </Word>
                <Word id="w_w2aab1b3b2c25b3ac71" language="English" custom="readingOrder {index:7;}">
                    <Coords points="894,1807 936,1807 936,1834 894,1834"/>
                    <TextEquiv>
                        <Unicode>de</Unicode>
                    </TextEquiv>
                    <TextStyle fontFamily="Times New Roman" fontSize="7.0"/>
                </Word>
                <TextEquiv>
                    <Unicode>démarche que vous avez eu la bonté de</Unicode>
                </TextEquiv>
                <TextStyle fontFamily="Times New Roman" fontSize="7.0"/>
            </TextLine>
            <TextLine id="tl_36" primaryLanguage="English" custom="readingOrder {index:2;}">
                <Coords points="164,1841 936,1841 936,1869 164,1869"/>
                <Baseline points="164,1868 246,1868 283,1869 406,1868 595,1868 645,1869 859,1869 936,1869"/>
                <Word id="w_w2aab1b3b2c25b5ab1" language="English" custom="readingOrder {index:0;}">
                    <Coords points="164,1842 246,1842 246,1869 164,1869"/>
                    <TextEquiv>
                        <Unicode>faire</Unicode>
                    </TextEquiv>
                    <TextStyle fontFamily="Times New Roman" fontSize="7.0"/>
                </Word>
                <Word id="w_w2aab1b3b2c25b5ac13" language="English" custom="readingOrder {index:1;}">
                    <Coords points="264,1841 283,1841 283,1869 264,1869"/>
                    <TextEquiv>
                        <Unicode>à</Unicode>
                    </TextEquiv>
                    <TextStyle fontFamily="Times New Roman" fontSize="7.0"/>
                </Word>
                <Word id="w_w2aab1b3b2c25b5ac17" language="English" custom="readingOrder {index:2;}">
                    <Coords points="302,1841 406,1841 406,1868 302,1868"/>
                    <TextEquiv>
                        <Unicode>l’effet</Unicode>
                    </TextEquiv>
                    <TextStyle fontFamily="Times New Roman" fontSize="7.0"/>
                </Word>
                <Word id="w_w2aab1b3b2c25b5ac33" language="English" custom="readingOrder {index:3;}">
                    <Coords points="424,1842 595,1842 595,1869 424,1869"/>
                    <TextEquiv>
                        <Unicode>d’obtenir</Unicode>
                    </TextEquiv>
                    <TextStyle fontFamily="Times New Roman" fontSize="7.0"/>
                </Word>
                <Word id="w_w2aab1b3b2c25b5ac53" language="English" custom="readingOrder {index:4;}">
                    <Coords points="612,1842 645,1842 645,1869 612,1869"/>
                    <TextEquiv>
                        <Unicode>la</Unicode>
                    </TextEquiv>
                    <TextStyle fontFamily="Times New Roman" fontSize="7.0"/>
                </Word>
                <Word id="w_w2aab1b3b2c25b5ac59" language="English" custom="readingOrder {index:5;}">
                    <Coords points="662,1842 859,1842 859,1869 662,1869"/>
                    <TextEquiv>
                        <Unicode>restitution</Unicode>
                    </TextEquiv>
                    <TextStyle fontFamily="Times New Roman" fontSize="7.0"/>
                </Word>
                <Word id="w_w2aab1b3b2c25b5ac83" language="English" custom="readingOrder {index:6;}">
                    <Coords points="877,1843 936,1843 936,1869 877,1869"/>
                    <TextEquiv>
                        <Unicode>des</Unicode>
                    </TextEquiv>
                    <TextStyle fontFamily="Times New Roman" fontSize="7.0"/>
                </Word>
                <TextEquiv>
                    <Unicode>faire à l’effet d’obtenir la restitution des</Unicode>
                </TextEquiv>
                <TextStyle fontFamily="Times New Roman" fontSize="7.0"/>
            </TextLine>
            <TextLine id="tl_37" primaryLanguage="English" custom="readingOrder {index:3;}">
                <Coords points="164,1878 936,1878 936,1912 164,1912"/>
                <Baseline points="164,1912 296,1904 385,1904 470,1904 614,1905 780,1905 872,1905 936,1905"/>
                <Word id="w_w2aab1b3b2c25b7ab1" language="English" custom="readingOrder {index:0;}">
                    <Coords points="164,1878 296,1878 296,1912 164,1912"/>
                    <TextEquiv>
                        <Unicode>papiers</Unicode>
                    </TextEquiv>
                    <TextStyle fontFamily="Times New Roman" fontSize="7.0"/>
                </Word>
                <Word id="w_w2aab1b3b2c25b7ac17" language="English" custom="readingOrder {index:1;}">
                    <Coords points="328,1878 385,1878 385,1911 328,1911"/>
                    <TextEquiv>
                        <Unicode>qui</Unicode>
                    </TextEquiv>
                    <TextStyle fontFamily="Times New Roman" fontSize="7.0"/>
                </Word>
                <Word id="w_w2aab1b3b2c25b7ac25" language="English" custom="readingOrder {index:2;}">
                    <Coords points="417,1885 470,1885 470,1904 417,1904"/>
                    <TextEquiv>
                        <Unicode>me</Unicode>
                    </TextEquiv>
                    <TextStyle fontFamily="Times New Roman" fontSize="7.0"/>
                </Word>
                <Word id="w_w2aab1b3b2c25b7ac31" language="English" custom="readingOrder {index:3;}">
                    <Coords points="502,1878 614,1878 614,1905 502,1905"/>
                    <TextEquiv>
                        <Unicode>furent</Unicode>
                    </TextEquiv>
                    <TextStyle fontFamily="Times New Roman" fontSize="7.0"/>
                </Word>
                <Word id="w_w2aab1b3b2c25b7ac45" language="English" custom="readingOrder {index:4;}">
                    <Coords points="647,1878 780,1878 780,1905 647,1905"/>
                    <TextEquiv>
                        <Unicode>enlevés</Unicode>
                    </TextEquiv>
                    <TextStyle fontFamily="Times New Roman" fontSize="7.0"/>
                </Word>
                <Word id="w_w2aab1b3b2c25b7ac61" language="English" custom="readingOrder {index:5;}">
                    <Coords points="812,1886 872,1886 872,1912 812,1912"/>
                    <TextEquiv>
                        <Unicode>par</Unicode>
                    </TextEquiv>
                    <TextStyle fontFamily="Times New Roman" fontSize="7.0"/>
                </Word>
                <Word id="w_w2aab1b3b2c25b7ac69" language="English" custom="readingOrder {index:6;}">
                    <Coords points="904,1879 936,1879 936,1905 904,1905"/>
                    <TextEquiv>
                        <Unicode>la</Unicode>
                    </TextEquiv>
                    <TextStyle fontFamily="Times New Roman" fontSize="7.0"/>
                </Word>
                <TextEquiv>
                    <Unicode>papiers qui me furent enlevés par la</Unicode>
                </TextEquiv>
                <TextStyle fontFamily="Times New Roman" fontSize="7.0"/>
            </TextLine>
            <TextLine id="tl_38" primaryLanguage="English" custom="readingOrder {index:4;}">
                <Coords points="164,1914 936,1914 936,1948 164,1948"/>
                <Baseline points="164,1948 280,1940 373,1940 537,1940 647,1940 735,1941 936,1941"/>
                <Word id="w_w2aab1b3b2c25b9ab1" language="English" custom="readingOrder {index:0;}">
                    <Coords points="164,1914 280,1914 280,1948 164,1948"/>
                    <TextEquiv>
                        <Unicode>police.</Unicode>
                    </TextEquiv>
                    <TextStyle fontFamily="Times New Roman" fontSize="7.0"/>
                </Word>
                <Word id="w_w2aab1b3b2c25b9ac17" language="English" custom="readingOrder {index:1;}">
                    <Coords points="313,1914 373,1914 373,1941 313,1941"/>
                    <TextEquiv>
                        <Unicode>Ces</Unicode>
                    </TextEquiv>
                    <TextStyle fontFamily="Times New Roman" fontSize="7.0"/>
                </Word>
                <Word id="w_w2aab1b3b2c25b9ac25" language="English" custom="readingOrder {index:2;}">
                    <Coords points="405,1914 537,1914 537,1948 405,1948"/>
                    <TextEquiv>
                        <Unicode>papiers</Unicode>
                    </TextEquiv>
                    <TextStyle fontFamily="Times New Roman" fontSize="7.0"/>
                </Word>
                <Word id="w_w2aab1b3b2c25b9ac41" language="English" custom="readingOrder {index:3;}">
                    <Coords points="569,1916 647,1916 647,1941 569,1941"/>
                    <TextEquiv>
                        <Unicode>sont</Unicode>
                    </TextEquiv>
                    <TextStyle fontFamily="Times New Roman" fontSize="7.0"/>
                </Word>
                <Word id="w_w2aab1b3b2c25b9ac51" language="English" custom="readingOrder {index:4;}">
                    <Coords points="679,1922 735,1922 735,1941 679,1941"/>
                    <TextEquiv>
                        <Unicode>ma</Unicode>
                    </TextEquiv>
                    <TextStyle fontFamily="Times New Roman" fontSize="7.0"/>
                </Word>
                <Word id="w_w2aab1b3b2c25b9ac57" language="English" custom="readingOrder {index:5;}">
                    <Coords points="766,1914 936,1914 936,1948 766,1948"/>
                    <TextEquiv>
                        <Unicode>propriété</Unicode>
                    </TextEquiv>
                    <TextStyle fontFamily="Times New Roman" fontSize="7.0"/>
                </Word>
                <TextEquiv>
                    <Unicode>police. Ces papiers sont ma propriété</Unicode>
                </TextEquiv>
                <TextStyle fontFamily="Times New Roman" fontSize="7.0"/>
            </TextLine>
            <TextLine id="tl_39" primaryLanguage="English" custom="readingOrder {index:5;}">
                <Coords points="163,1950 936,1950 936,1984 163,1984"/>
                <Baseline points="163,1977 196,1977 442,1976 526,1976 668,1977 752,1977 832,1977 936,1977"/>
                <Word id="w_w2aab1b3b2c25c11ab1" language="English" custom="readingOrder {index:0;}">
                    <Coords points="163,1952 196,1952 196,1977 163,1977"/>
                    <TextEquiv>
                        <Unicode>et</Unicode>
                    </TextEquiv>
                    <TextStyle fontFamily="Times New Roman" fontSize="7.0"/>
                </Word>
                <Word id="w_w2aab1b3b2c25c11ab7" language="English" custom="readingOrder {index:1;}">
                    <Coords points="222,1950 442,1950 442,1977 222,1977"/>
                    <TextEquiv>
                        <Unicode>contiennent</Unicode>
                    </TextEquiv>
                    <TextStyle fontFamily="Times New Roman" fontSize="7.0"/>
                </Word>
                <Word id="w_w2aab1b3b2c25c11ac31" language="English" custom="readingOrder {index:2;}">
                    <Coords points="468,1950 526,1950 526,1977 468,1977"/>
                    <TextEquiv>
                        <Unicode>des</Unicode>
                    </TextEquiv>
                    <TextStyle fontFamily="Times New Roman" fontSize="7.0"/>
                </Word>
                <Word id="w_w2aab1b3b2c25c11ac39" language="English" custom="readingOrder {index:3;}">
                    <Coords points="552,1950 668,1950 668,1977 552,1977"/>
                    <TextEquiv>
                        <Unicode>choses</Unicode>
                    </TextEquiv>
                    <TextStyle fontFamily="Times New Roman" fontSize="7.0"/>
                </Word>
                <Word id="w_w2aab1b3b2c25c11ac53" language="English" custom="readingOrder {index:4;}">
                    <Coords points="695,1950 752,1950 752,1984 695,1984"/>
                    <TextEquiv>
                        <Unicode>qui</Unicode>
                    </TextEquiv>
                    <TextStyle fontFamily="Times New Roman" fontSize="7.0"/>
                </Word>
                <Word id="w_w2aab1b3b2c25c11ac61" language="English" custom="readingOrder {index:5;}">
                    <Coords points="779,1958 832,1958 832,1977 779,1977"/>
                    <TextEquiv>
                        <Unicode>me</Unicode>
                    </TextEquiv>
                    <TextStyle fontFamily="Times New Roman" fontSize="7.0"/>
                </Word>
                <Word id="w_w2aab1b3b2c25c11ac67" language="English" custom="readingOrder {index:6;}">
                    <Coords points="858,1952 936,1952 936,1977 858,1977"/>
                    <TextEquiv>
                        <Unicode>sont</Unicode>
                    </TextEquiv>
                    <TextStyle fontFamily="Times New Roman" fontSize="7.0"/>
                </Word>
                <TextEquiv>
                    <Unicode>et contiennent des choses qui me sont</Unicode>
                </TextEquiv>
                <TextStyle fontFamily="Times New Roman" fontSize="7.0"/>
            </TextLine>
            <TextLine id="tl_40" primaryLanguage="English" custom="readingOrder {index:6;}">
                <Coords points="163,1985 936,1985 936,2019 163,2019"/>
                <Baseline points="163,2013 262,2012 314,2012 388,2012 578,2012 628,2013 713,2013 862,2013 936,2005"/>
                <Word id="w_w2aab1b3b2c25c13ab1" language="English" custom="readingOrder {index:0;}">
                    <Coords points="163,1986 262,1986 262,2013 163,2013"/>
                    <TextEquiv>
                        <Unicode>utiles</Unicode>
                    </TextEquiv>
                    <TextStyle fontFamily="Times New Roman" fontSize="7.0"/>
                </Word>
                <Word id="w_w2aab1b3b2c25c13ac15" language="English" custom="readingOrder {index:1;}">
                    <Coords points="280,1987 314,1987 314,2012 280,2012"/>
                    <TextEquiv>
                        <Unicode>et</Unicode>
                    </TextEquiv>
                    <TextStyle fontFamily="Times New Roman" fontSize="7.0"/>
                </Word>
                <Word id="w_w2aab1b3b2c25c13ac21" language="English" custom="readingOrder {index:2;}">
                    <Coords points="332,1993 388,1993 388,2012 332,2012"/>
                    <TextEquiv>
                        <Unicode>sur</Unicode>
                    </TextEquiv>
                    <TextStyle fontFamily="Times New Roman" fontSize="7.0"/>
                </Word>
                <Word id="w_w2aab1b3b2c25c13ac29" language="English" custom="readingOrder {index:3;}">
                    <Coords points="405,1985 578,1985 578,2019 405,2019"/>
                    <TextEquiv>
                        <Unicode>lesquelles</Unicode>
                    </TextEquiv>
                    <TextStyle fontFamily="Times New Roman" fontSize="7.0"/>
                </Word>
                <Word id="w_w2aab1b3b2c25c13ac51" language="English" custom="readingOrder {index:4;}">
                    <Coords points="596,1986 628,1986 628,2019 596,2019"/>
                    <TextEquiv>
                        <Unicode>je</Unicode>
                    </TextEquiv>
                    <TextStyle fontFamily="Times New Roman" fontSize="7.0"/>
                </Word>
                <Word id="w_w2aab1b3b2c25c13ac57" language="English" custom="readingOrder {index:5;}">
                    <Coords points="646,1985 713,1985 713,2013 646,2013"/>
                    <TextEquiv>
                        <Unicode>n’ai</Unicode>
                    </TextEquiv>
                    <TextStyle fontFamily="Times New Roman" fontSize="7.0"/>
                </Word>
                <Word id="w_w2aab1b3b2c25c13ac67" language="English" custom="readingOrder {index:6;}">
                    <Coords points="732,1994 862,1994 862,2013 732,2013"/>
                    <TextEquiv>
                        <Unicode>aucune</Unicode>
                    </TextEquiv>
                    <TextStyle fontFamily="Times New Roman" fontSize="7.0"/>
                </Word>
                <Word id="w_w2aab1b3b2c25c13ac81" language="English" custom="readingOrder {index:7;}">
                    <Coords points="880,1994 936,1994 936,2013 880,2013"/>
                    <TextEquiv>
                        <Unicode>ex¬</Unicode>
                    </TextEquiv>
                    <TextStyle fontFamily="Times New Roman" fontSize="7.0"/>
                </Word>
                <TextEquiv>
                    <Unicode>utiles et sur lesquelles je n’ai aucune ex¬</Unicode>
                </TextEquiv>
                <TextStyle fontFamily="Times New Roman" fontSize="7.0"/>
            </TextLine>
            <TextLine id="tl_41" primaryLanguage="English" custom="readingOrder {index:7;}">
                <Coords points="163,2021 547,2021 547,2056 163,2056"/>
                <Baseline points="163,2056 324,2049 361,2049 516,2049 547,2045"/>
                <Word id="w_w2aab1b3b2c25c15ab1" language="English" custom="readingOrder {index:0;}">
                    <Coords points="163,2022 324,2022 324,2056 163,2056"/>
                    <TextEquiv>
                        <Unicode>plication</Unicode>
                    </TextEquiv>
                    <TextStyle fontFamily="Times New Roman" fontSize="7.0"/>
                </Word>
                <Word id="w_w2aab1b3b2c25c15ac21" language="English" custom="readingOrder {index:1;}">
                    <Coords points="341,2021 361,2021 361,2049 341,2049"/>
                    <TextEquiv>
                        <Unicode>à</Unicode>
                    </TextEquiv>
                    <TextStyle fontFamily="Times New Roman" fontSize="7.0"/>
                </Word>
                <Word id="w_w2aab1b3b2c25c15ac25" language="English" custom="readingOrder {index:2;}">
                    <Coords points="377,2021 516,2021 516,2049 377,2049"/>
                    <TextEquiv>
                        <Unicode>donner.</Unicode>
                    </TextEquiv>
                    <TextStyle fontFamily="Times New Roman" fontSize="7.0"/>
                </Word>
                <Word id="w_w2aab1b3b2c25c15ac41" language="English" custom="readingOrder {index:3;}">
                    <Coords points="537,2032 547,2032 547,2045 537,2045"/>
                    <TextEquiv>
                        <Unicode>»</Unicode>
                    </TextEquiv>
                    <TextStyle fontFamily="Times New Roman" fontSize="7.0"/>
                </Word>
                <TextEquiv>
                    <Unicode>plication à donner. »</Unicode>
                </TextEquiv>
                <TextStyle fontFamily="Times New Roman" fontSize="7.0"/>
            </TextLine>
            <TextEquiv>
                <Unicode>« Agréez mes remerciements pour la
démarche que vous avez eu la bonté de
faire à l’effet d’obtenir la restitution des
papiers qui me furent enlevés par la
police. Ces papiers sont ma propriété
et contiennent des choses qui me sont
utiles et sur lesquelles je n’ai aucune ex¬
plication à donner. »</Unicode>
            </TextEquiv>
        </TextRegion>
        <TextRegion type="paragraph" id="r_2_14" custom="readingOrder {index:14;}">
            <Coords points="75,2114 937,2114 937,2253 75,2253"/>
            <TextLine id="tl_42" primaryLanguage="English" custom="readingOrder {index:0;}">
                <Coords points="76,2115 936,2115 936,2156 76,2156"/>
                <Baseline points="76,2148 95,2148 224,2147 624,2153 851,2148 936,2139"/>
                <Word id="w_w2aab1b3b2c27b1ab1" language="English" custom="readingOrder {index:0;}">
                    <Coords points="76,2116 167,2116 167,2148 76,2148"/>
                    <TextEquiv>
                        <Unicode>4263</Unicode>
                    </TextEquiv>
                    <TextStyle fontFamily="Times New Roman" fontSize="9.0"/>
                </Word>
                <Word id="w_w2aab1b3b2c27b1b1b1" language="English" custom="readingOrder {index:1;}">
                    <Coords points="195,2115 423,2115 423,2155 195,2155"/>
                    <TextEquiv>
                        <Unicode>CAJELLA</Unicode>
                    </TextEquiv>
                    <TextStyle fontFamily="Times New Roman" fontSize="8.0" bold="true"/>
                </Word>
                <Word id="w_w2aab1b3b2c27b1b2b1" language="English" custom="readingOrder {index:2;}">
                    <Coords points="464,2115 624,2115 624,2156 464,2156"/>
                    <TextEquiv>
                        <Unicode>(Henri),</Unicode>
                    </TextEquiv>
                    <TextStyle fontFamily="Times New Roman" fontSize="9.0"/>
                </Word>
                <Word id="w_w2aab1b3b2c27b1b2c19" language="English" custom="readingOrder {index:3;}">
                    <Coords points="662,2116 851,2116 851,2148 662,2148"/>
                    <TextEquiv>
                        <Unicode>chanteur.</Unicode>
                    </TextEquiv>
                    <TextStyle fontFamily="Times New Roman" fontSize="9.0"/>
                </Word>
                <Word id="w_w2aab1b3b2c27b1b2c39" language="English" custom="readingOrder {index:4;}">
                    <Coords points="888,2135 936,2135 936,2139 888,2139"/>
                    <TextEquiv>
                        <Unicode>—</Unicode>
                    </TextEquiv>
                    <TextStyle fontFamily="Times New Roman" fontSize="9.0"/>
                </Word>
                <TextEquiv>
                    <Unicode>4263 CAJELLA (Henri), chanteur. —</Unicode>
                </TextEquiv>
            </TextLine>
            <TextLine id="tl_43" primaryLanguage="English" custom="readingOrder {index:1;}">
                <Coords points="124,2164 933,2164 933,2203 124,2203"/>
                <Baseline points="124,2196 251,2195 303,2195 353,2195 396,2194 579,2194 644,2195 697,2195 933,2203"/>
                <Word id="w_w2aab1b3b2c27b3ab1" language="English" custom="readingOrder {index:0;}">
                    <Coords points="124,2165 251,2165 251,2196 124,2196"/>
                    <TextEquiv>
                        <Unicode>Lettre</Unicode>
                    </TextEquiv>
                    <TextStyle fontFamily="Times New Roman" fontSize="9.0"/>
                </Word>
                <Word id="w_w2aab1b3b2c27b3ac15" language="English" custom="readingOrder {index:1;}">
                    <Coords points="272,2173 303,2173 303,2195 272,2195"/>
                    <TextEquiv>
                        <Unicode>a.</Unicode>
                    </TextEquiv>
                    <TextStyle fontFamily="Times New Roman" fontSize="9.0"/>
                </Word>
                <Word id="w_w2aab1b3b2c27b3ac21" language="English" custom="readingOrder {index:2;}">
                    <Coords points="325,2171 353,2171 353,2195 325,2195"/>
                    <TextEquiv>
                        <Unicode>s.</Unicode>
                    </TextEquiv>
                    <TextStyle fontFamily="Times New Roman" fontSize="9.0"/>
                </Word>
                <Word id="w_w2aab1b3b2c27b3ac27" language="English" custom="readingOrder {index:3;}">
                    <Coords points="375,2164 396,2164 396,2194 375,2194"/>
                    <TextEquiv>
                        <Unicode>à</Unicode>
                    </TextEquiv>
                    <TextStyle fontFamily="Times New Roman" fontSize="9.0"/>
                </Word>
                <Word id="w_w2aab1b3b2c27b3ac31" language="English" custom="readingOrder {index:4;}">
                    <Coords points="416,2164 579,2164 579,2203 416,2203"/>
                    <TextEquiv>
                        <Unicode>Stephen</Unicode>
                    </TextEquiv>
                    <TextStyle fontFamily="Times New Roman" fontSize="9.0"/>
                </Word>
                <Word id="w_w2aab1b3b2c27b3ac47" language="English" custom="readingOrder {index:5;}">
                    <Coords points="599,2164 644,2164 644,2195 599,2195"/>
                    <TextEquiv>
                        <Unicode>de</Unicode>
                    </TextEquiv>
                    <TextStyle fontFamily="Times New Roman" fontSize="9.0"/>
                </Word>
                <Word id="w_w2aab1b3b2c27b3ac53" language="English" custom="readingOrder {index:6;}">
                    <Coords points="664,2164 697,2164 697,2195 664,2195"/>
                    <TextEquiv>
                        <Unicode>la</Unicode>
                    </TextEquiv>
                    <TextStyle fontFamily="Times New Roman" fontSize="9.0"/>
                </Word>
                <Word id="w_w2aab1b3b2c27b3ac59" language="English" custom="readingOrder {index:7;}">
                    <Coords points="719,2164 933,2164 933,2203 719,2203"/>
                    <TextEquiv>
                        <Unicode>Madeleine,</Unicode>
                    </TextEquiv>
                    <TextStyle fontFamily="Times New Roman" fontSize="9.0"/>
                </Word>
                <TextEquiv>
                    <Unicode>Lettre a. s. à Stephen de la Madeleine,</Unicode>
                </TextEquiv>
                <TextStyle fontFamily="Times New Roman" fontSize="9.0"/>
            </TextLine>
            <TextLine id="tl_44" primaryLanguage="English" custom="readingOrder {index:2;}">
                <Coords points="124,2211 932,2211 932,2252 124,2252"/>
                <Baseline points="124,2244 234,2250 280,2242 336,2242 451,2242 590,2249 629,2242 683,2242 790,2243 863,2243 932,2244"/>
                <Word id="w_w2aab1b3b2c27b5ab1" language="English" custom="readingOrder {index:0;}">
                    <Coords points="124,2212 234,2212 234,2250 124,2250"/>
                    <TextEquiv>
                        <Unicode>Caen,</Unicode>
                    </TextEquiv>
                    <TextStyle fontFamily="Times New Roman" fontSize="9.0"/>
                </Word>
                <Word id="w_w2aab1b3b2c27b5ac13" language="English" custom="readingOrder {index:1;}">
                    <Coords points="253,2220 280,2220 280,2243 253,2243"/>
                    <TextEquiv>
                        <Unicode>s.</Unicode>
                    </TextEquiv>
                    <TextStyle fontFamily="Times New Roman" fontSize="9.0"/>
                </Word>
                <Word id="w_w2aab1b3b2c27b5ac19" language="English" custom="readingOrder {index:2;}">
                    <Coords points="300,2212 336,2212 336,2242 300,2242"/>
                    <TextEquiv>
                        <Unicode>d.</Unicode>
                    </TextEquiv>
                    <TextStyle fontFamily="Times New Roman" fontSize="9.0"/>
                </Word>
                <Word id="w_w2aab1b3b2c27b5ac25" language="English" custom="readingOrder {index:3;}">
                    <Coords points="355,2211 451,2211 451,2251 355,2251"/>
                    <TextEquiv>
                        <Unicode>(vers</Unicode>
                    </TextEquiv>
                    <TextStyle fontFamily="Times New Roman" fontSize="9.0"/>
                </Word>
                <Word id="w_w2aab1b3b2c27b5ac37" language="English" custom="readingOrder {index:4;}">
                    <Coords points="472,2211 590,2211 590,2252 472,2252"/>
                    <TextEquiv>
                        <Unicode>1850),</Unicode>
                    </TextEquiv>
                    <TextStyle fontFamily="Times New Roman" fontSize="9.0"/>
                </Word>
                <Word id="w_w2aab1b3b2c27b5ac51" language="English" custom="readingOrder {index:5;}">
                    <Coords points="609,2212 629,2212 629,2242 609,2242"/>
                    <TextEquiv>
                        <Unicode>2</Unicode>
                    </TextEquiv>
                    <TextStyle fontFamily="Times New Roman" fontSize="9.0"/>
                </Word>
                <Word id="w_w2aab1b3b2c27b5ac55" language="English" custom="readingOrder {index:6;}">
                    <Coords points="649,2220 683,2220 683,2251 649,2251"/>
                    <TextEquiv>
                        <Unicode>p.</Unicode>
                    </TextEquiv>
                    <TextStyle fontFamily="Times New Roman" fontSize="9.0"/>
                </Word>
                <Word id="w_w2aab1b3b2c27b5ac61" language="English" custom="readingOrder {index:7;}">
                    <Coords points="702,2212 790,2212 790,2243 702,2243"/>
                    <TextEquiv>
                        <Unicode>in-8.</Unicode>
                    </TextEquiv>
                    <TextStyle fontFamily="Times New Roman" fontSize="9.0"/>
                </Word>
                <Word id="w_w2aab1b3b2c27b5ac73" language="English" custom="readingOrder {index:8;}">
                    <Coords points="818,2212 863,2212 863,2243 818,2243"/>
                    <TextEquiv>
                        <Unicode>20</Unicode>
                    </TextEquiv>
                    <TextStyle fontFamily="Times New Roman" fontSize="9.0"/>
                </Word>
                <Word id="w_w2aab1b3b2c27b5ac79" language="English" custom="readingOrder {index:9;}">
                    <Coords points="888,2213 932,2213 932,2244 888,2244"/>
                    <TextEquiv>
                        <Unicode>fr.</Unicode>
                    </TextEquiv>
                    <TextStyle fontFamily="Times New Roman" fontSize="9.0"/>
                </Word>
                <TextEquiv>
                    <Unicode>Caen, s. d. (vers 1850), 2 p. in-8. 20 fr.</Unicode>
                </TextEquiv>
                <TextStyle fontFamily="Times New Roman" fontSize="9.0"/>
            </TextLine>
            <TextEquiv>
                <Unicode>4263 CAJELLA (Henri), chanteur. —
Lettre a. s. à Stephen de la Madeleine,
Caen, s. d. (vers 1850), 2 p. in-8. 20 fr.</Unicode>
            </TextEquiv>
        </TextRegion>
        <TextRegion type="paragraph" id="r_2_15" custom="readingOrder {index:15;}">
            <Coords points="162,2273 936,2273 936,2452 162,2452"/>
            <TextLine id="tl_45" primaryLanguage="English" custom="readingOrder {index:0;}">
                <Coords points="208,2274 935,2274 935,2308 208,2308"/>
                <Baseline points="208,2300 219,2300 325,2302 465,2302 533,2302 654,2301 777,2301 824,2302 935,2303"/>
                <Word id="w_w2aab1b3b2c29b1ab1" language="English" custom="readingOrder {index:0;}">
                    <Coords points="208,2286 219,2286 219,2300 208,2300"/>
                    <TextEquiv>
                        <Unicode>«</Unicode>
                    </TextEquiv>
                    <TextStyle fontFamily="Times New Roman" fontSize="7.0"/>
                </Word>
                <Word id="w_w2aab1b3b2c29b1ab5" language="English" custom="readingOrder {index:1;}">
                    <Coords points="246,2276 325,2276 325,2302 246,2302"/>
                    <TextEquiv>
                        <Unicode>Mon</Unicode>
                    </TextEquiv>
                    <TextStyle fontFamily="Times New Roman" fontSize="7.0"/>
                </Word>
                <Word id="w_w2aab1b3b2c29b1ac13" language="English" custom="readingOrder {index:2;}">
                    <Coords points="352,2275 465,2275 465,2302 352,2302"/>
                    <TextEquiv>
                        <Unicode>succès</Unicode>
                    </TextEquiv>
                    <TextStyle fontFamily="Times New Roman" fontSize="7.0"/>
                </Word>
                <Word id="w_w2aab1b3b2c29b1ac27" language="English" custom="readingOrder {index:3;}">
                    <Coords points="492,2274 533,2274 533,2302 492,2302"/>
                    <TextEquiv>
                        <Unicode>ici</Unicode>
                    </TextEquiv>
                    <TextStyle fontFamily="Times New Roman" fontSize="7.0"/>
                </Word>
                <Word id="w_w2aab1b3b2c29b1ac35" language="English" custom="readingOrder {index:4;}">
                    <Coords points="559,2275 654,2275 654,2302 559,2302"/>
                    <TextEquiv>
                        <Unicode>lundi</Unicode>
                    </TextEquiv>
                    <TextStyle fontFamily="Times New Roman" fontSize="7.0"/>
                </Word>
                <Word id="w_w2aab1b3b2c29b1ac47" language="English" custom="readingOrder {index:5;}">
                    <Coords points="680,2275 777,2275 777,2308 680,2308"/>
                    <TextEquiv>
                        <Unicode>passé</Unicode>
                    </TextEquiv>
                    <TextStyle fontFamily="Times New Roman" fontSize="7.0"/>
                </Word>
                <Word id="w_w2aab1b3b2c29b1ac59" language="English" custom="readingOrder {index:6;}">
                    <Coords points="804,2283 824,2283 824,2302 804,2302"/>
                    <TextEquiv>
                        <Unicode>a</Unicode>
                    </TextEquiv>
                    <TextStyle fontFamily="Times New Roman" fontSize="7.0"/>
                </Word>
                <Word id="w_w2aab1b3b2c29b1ac63" language="English" custom="readingOrder {index:7;}">
                    <Coords points="851,2275 935,2275 935,2303 851,2303"/>
                    <TextEquiv>
                        <Unicode>était</Unicode>
                    </TextEquiv>
                    <TextStyle fontFamily="Times New Roman" fontSize="7.0"/>
                </Word>
                <TextEquiv>
                    <Unicode>« Mon succès ici lundi passé a était</Unicode>
                </TextEquiv>
                <TextStyle fontFamily="Times New Roman" fontSize="7.0"/>
            </TextLine>
            <TextLine id="tl_46" primaryLanguage="English" custom="readingOrder {index:1;}">
                <Coords points="164,2311 934,2311 934,2346 164,2346"/>
                <Baseline points="164,2346 353,2338 432,2338 542,2337 613,2337 674,2337 821,2338 934,2339"/>
                <Word id="w_w2aab1b3b2c29b3ab1" language="English" custom="readingOrder {index:0;}">
                    <Coords points="164,2311 353,2311 353,2346 164,2346"/>
                    <TextEquiv>
                        <Unicode>piramidal.</Unicode>
                    </TextEquiv>
                    <TextStyle fontFamily="Times New Roman" fontSize="7.0"/>
                </Word>
                <Word id="w_w2aab1b3b2c29b3ac23" language="English" custom="readingOrder {index:1;}">
                    <Coords points="384,2312 432,2312 432,2338 384,2338"/>
                    <TextEquiv>
                        <Unicode>La</Unicode>
                    </TextEquiv>
                    <TextStyle fontFamily="Times New Roman" fontSize="7.0"/>
                </Word>
                <Word id="w_w2aab1b3b2c29b3ac29" language="English" custom="readingOrder {index:2;}">
                    <Coords points="462,2311 542,2311 542,2338 462,2338"/>
                    <TextEquiv>
                        <Unicode>salle</Unicode>
                    </TextEquiv>
                    <TextStyle fontFamily="Times New Roman" fontSize="7.0"/>
                </Word>
                <Word id="w_w2aab1b3b2c29b3ac41" language="English" custom="readingOrder {index:3;}">
                    <Coords points="571,2311 613,2311 613,2338 571,2338"/>
                    <TextEquiv>
                        <Unicode>de</Unicode>
                    </TextEquiv>
                    <TextStyle fontFamily="Times New Roman" fontSize="7.0"/>
                </Word>
                <Word id="w_w2aab1b3b2c29b3ac47" language="English" custom="readingOrder {index:4;}">
                    <Coords points="643,2311 674,2311 674,2337 643,2337"/>
                    <TextEquiv>
                        <Unicode>la</Unicode>
                    </TextEquiv>
                    <TextStyle fontFamily="Times New Roman" fontSize="7.0"/>
                </Word>
                <Word id="w_w2aab1b3b2c29b3ac53" language="English" custom="readingOrder {index:5;}">
                    <Coords points="705,2311 821,2311 821,2338 705,2338"/>
                    <TextEquiv>
                        <Unicode>mairie</Unicode>
                    </TextEquiv>
                    <TextStyle fontFamily="Times New Roman" fontSize="7.0"/>
                </Word>
                <Word id="w_w2aab1b3b2c29b3ac67" language="English" custom="readingOrder {index:6;}">
                    <Coords points="850,2312 934,2312 934,2339 850,2339"/>
                    <TextEquiv>
                        <Unicode>était</Unicode>
                    </TextEquiv>
                    <TextStyle fontFamily="Times New Roman" fontSize="7.0"/>
                </Word>
                <TextEquiv>
                    <Unicode>piramidal. La salle de la mairie était</Unicode>
                </TextEquiv>
                <TextStyle fontFamily="Times New Roman" fontSize="7.0"/>
            </TextLine>
            <TextLine id="tl_47" primaryLanguage="English" custom="readingOrder {index:2;}">
                <Coords points="164,2346 935,2346 935,2382 164,2382"/>
                <Baseline points="164,2382 273,2374 438,2379 525,2373 729,2373 773,2374 816,2374 880,2374 935,2375"/>
                <Word id="w_w2aab1b3b2c29b5ab1" language="English" custom="readingOrder {index:0;}">
                    <Coords points="164,2348 273,2348 273,2382 164,2382"/>
                    <TextEquiv>
                        <Unicode>pleine</Unicode>
                    </TextEquiv>
                    <TextStyle fontFamily="Times New Roman" fontSize="7.0"/>
                </Word>
                <Word id="w_w2aab1b3b2c29b5ac15" language="English" custom="readingOrder {index:1;}">
                    <Coords points="296,2347 438,2347 438,2379 296,2379"/>
                    <TextEquiv>
                        <Unicode>comble,</Unicode>
                    </TextEquiv>
                    <TextStyle fontFamily="Times New Roman" fontSize="7.0"/>
                </Word>
                <Word id="w_w2aab1b3b2c29b5ac31" language="English" custom="readingOrder {index:2;}">
                    <Coords points="462,2347 525,2347 525,2374 462,2374"/>
                    <TextEquiv>
                        <Unicode>300</Unicode>
                    </TextEquiv>
                    <TextStyle fontFamily="Times New Roman" fontSize="7.0"/>
                </Word>
                <Word id="w_w2aab1b3b2c29b5ac39" language="English" custom="readingOrder {index:3;}">
                    <Coords points="548,2354 729,2354 729,2381 548,2381"/>
                    <TextEquiv>
                        <Unicode>personnes</Unicode>
                    </TextEquiv>
                    <TextStyle fontFamily="Times New Roman" fontSize="7.0"/>
                </Word>
                <Word id="w_w2aab1b3b2c29b5ac59" language="English" custom="readingOrder {index:4;}">
                    <Coords points="753,2346 773,2346 773,2374 753,2374"/>
                    <TextEquiv>
                        <Unicode>à</Unicode>
                    </TextEquiv>
                    <TextStyle fontFamily="Times New Roman" fontSize="7.0"/>
                </Word>
                <Word id="w_w2aab1b3b2c29b5ac63" language="English" custom="readingOrder {index:5;}">
                    <Coords points="797,2347 816,2347 816,2374 797,2374"/>
                    <TextEquiv>
                        <Unicode>5</Unicode>
                    </TextEquiv>
                    <TextStyle fontFamily="Times New Roman" fontSize="7.0"/>
                </Word>
                <Word id="w_w2aab1b3b2c29b5ac67" language="English" custom="readingOrder {index:6;}">
                    <Coords points="840,2348 880,2348 880,2374 840,2374"/>
                    <TextEquiv>
                        <Unicode>fr.</Unicode>
                    </TextEquiv>
                    <TextStyle fontFamily="Times New Roman" fontSize="7.0"/>
                </Word>
                <Word id="w_w2aab1b3b2c29b5ac75" language="English" custom="readingOrder {index:7;}">
                    <Coords points="906,2348 935,2348 935,2375 906,2375"/>
                    <TextEquiv>
                        <Unicode>le</Unicode>
                    </TextEquiv>
                    <TextStyle fontFamily="Times New Roman" fontSize="7.0"/>
                </Word>
                <TextEquiv>
                    <Unicode>pleine comble, 300 personnes à 5 fr. le</Unicode>
                </TextEquiv>
                <TextStyle fontFamily="Times New Roman" fontSize="7.0"/>
            </TextLine>
            <TextLine id="tl_48" primaryLanguage="English" custom="readingOrder {index:3;}">
                <Coords points="163,2383 934,2383 934,2417 163,2417"/>
                <Baseline points="163,2411 281,2410 413,2410 591,2409 757,2410 874,2410 934,2411"/>
                <Word id="w_w2aab1b3b2c29b7ab1" language="English" custom="readingOrder {index:0;}">
                    <Coords points="163,2384 281,2384 281,2411 163,2411"/>
                    <TextEquiv>
                        <Unicode>ticket.</Unicode>
                    </TextEquiv>
                    <TextStyle fontFamily="Times New Roman" fontSize="7.0"/>
                </Word>
                <Word id="w_w2aab1b3b2c29b7ac17" language="English" custom="readingOrder {index:1;}">
                    <Coords points="320,2383 413,2383 413,2410 320,2410"/>
                    <TextEquiv>
                        <Unicode>Nous</Unicode>
                    </TextEquiv>
                    <TextStyle fontFamily="Times New Roman" fontSize="7.0"/>
                </Word>
                <Word id="w_w2aab1b3b2c29b7ac27" language="English" custom="readingOrder {index:2;}">
                    <Coords points="451,2384 591,2384 591,2417 451,2417"/>
                    <TextEquiv>
                        <Unicode>partons</Unicode>
                    </TextEquiv>
                    <TextStyle fontFamily="Times New Roman" fontSize="7.0"/>
                </Word>
                <Word id="w_w2aab1b3b2c29b7ac43" language="English" custom="readingOrder {index:3;}">
                    <Coords points="629,2383 757,2383 757,2410 629,2410"/>
                    <TextEquiv>
                        <Unicode>samedi</Unicode>
                    </TextEquiv>
                    <TextStyle fontFamily="Times New Roman" fontSize="7.0"/>
                </Word>
                <Word id="w_w2aab1b3b2c29b7ac57" language="English" custom="readingOrder {index:4;}">
                    <Coords points="788,2391 874,2391 874,2417 788,2417"/>
                    <TextEquiv>
                        <Unicode>pour</Unicode>
                    </TextEquiv>
                    <TextStyle fontFamily="Times New Roman" fontSize="7.0"/>
                </Word>
                <Word id="w_w2aab1b3b2c29b7ac67" language="English" custom="readingOrder {index:5;}">
                    <Coords points="905,2384 934,2384 934,2411 905,2411"/>
                    <TextEquiv>
                        <Unicode>le</Unicode>
                    </TextEquiv>
                    <TextStyle fontFamily="Times New Roman" fontSize="7.0"/>
                </Word>
                <TextEquiv>
                    <Unicode>ticket. Nous partons samedi pour le</Unicode>
                </TextEquiv>
                <TextStyle fontFamily="Times New Roman" fontSize="7.0"/>
            </TextLine>
            <TextLine id="tl_49" primaryLanguage="English" custom="readingOrder {index:4;}">
                <Coords points="164,2420 417,2420 417,2451 164,2451"/>
                <Baseline points="164,2447 291,2451 379,2446 417,2442"/>
                <Word id="w_w2aab1b3b2c29b9ab1" language="English" custom="readingOrder {index:0;}">
                    <Coords points="164,2420 291,2420 291,2451 164,2451"/>
                    <TextEquiv>
                        <Unicode>Hàvre,</Unicode>
                    </TextEquiv>
                    <TextStyle fontFamily="Times New Roman" fontSize="7.0"/>
                </Word>
                <Word id="w_w2aab1b3b2c29b9ac15" language="English" custom="readingOrder {index:1;}">
                    <Coords points="315,2420 379,2420 379,2446 315,2446"/>
                    <TextEquiv>
                        <Unicode>etc.</Unicode>
                    </TextEquiv>
                    <TextStyle fontFamily="Times New Roman" fontSize="7.0"/>
                </Word>
                <Word id="w_w2aab1b3b2c29b9ac25" language="English" custom="readingOrder {index:2;}">
                    <Coords points="407,2429 417,2429 417,2442 407,2442"/>
                    <TextEquiv>
                        <Unicode>°</Unicode>
                    </TextEquiv>
                    <TextStyle fontFamily="Times New Roman" fontSize="7.0"/>
                </Word>
                <TextEquiv>
                    <Unicode>Havre, etc. »</Unicode>
                </TextEquiv>
                <TextStyle fontFamily="Times New Roman" fontSize="7.0"/>
            </TextLine>
            <TextEquiv>
                <Unicode>« Mon succès ici lundi passé a était
piramidal. La salle de la mairie était
pleine comble, 300 personnes à 5 fr. le
ticket. Nous partons samedi pour le
Havre, etc. »</Unicode>
            </TextEquiv>
        </TextRegion>
        <TextRegion type="paragraph" id="r_2_16" custom="readingOrder {index:16;}">
            <Coords points="75,2498 935,2498 935,2541 75,2541"/>
            <TextLine id="tl_50" primaryLanguage="English" custom="readingOrder {index:0;}">
                <Coords points="76,2499 934,2499 934,2540 76,2540"/>
                <Baseline points="76,2535 95,2535 226,2532 763,2537 934,2532"/>
                <Word id="w_w2aab1b3b2c31b1ab1" language="English" custom="readingOrder {index:0;}">
                    <Coords points="76,2503 166,2503 166,2535 76,2535"/>
                    <TextEquiv>
                        <Unicode>4264</Unicode>
                    </TextEquiv>
                    <TextStyle fontFamily="Times New Roman" fontSize="9.0"/>
                </Word>
                <Word id="w_w2aab1b3b2c31b1b1b1" language="English" custom="readingOrder {index:1;}">
                    <Coords points="197,2500 497,2500 497,2538 197,2538"/>
                    <TextEquiv>
                        <Unicode>CAMPENON</Unicode>
                    </TextEquiv>
                    <TextStyle fontFamily="Times New Roman" fontSize="8.0" bold="true"/>
                </Word>
                <Word id="w_w2aab1b3b2c31b1b2b1" language="English" custom="readingOrder {index:2;}">
                    <Coords points="560,2499 763,2499 763,2539 560,2539"/>
                    <TextEquiv>
                        <Unicode>(Vincent),</Unicode>
                    </TextEquiv>
                    <TextStyle fontFamily="Times New Roman" fontSize="9.0"/>
                </Word>
                <Word id="w_w2aab1b3b2c31b1b2c23" language="English" custom="readingOrder {index:3;}">
                    <Coords points="826,2501 934,2501 934,2540 826,2540"/>
                    <TextEquiv>
                        <Unicode>poète</Unicode>
                    </TextEquiv>
                    <TextStyle fontFamily="Times New Roman" fontSize="9.0"/>
                </Word>
                <TextEquiv>
                    <Unicode>4264 CAMPENON (Vincent), poète</Unicode>
                </TextEquiv>
            </TextLine>
            <TextEquiv>
                <Unicode>4264 CAMPENON (Vincent), poète</Unicode>
            </TextEquiv>
        </TextRegion>
        <TextRegion type="paragraph" id="r_2_17" custom="readingOrder {index:17;}">
            <Coords points="123,2546 932,2546 932,2636 123,2636"/>
            <TextLine id="tl_51" primaryLanguage="English" custom="readingOrder {index:0;}">
                <Coords points="124,2547 931,2547 931,2588 124,2588"/>
                <Baseline points="124,2581 359,2579 623,2578 689,2569 832,2578 884,2579 931,2580"/>
                <Word id="w_w2aab1b3b2c33b1ab1" language="English" custom="readingOrder {index:0;}">
                    <Coords points="124,2549 359,2549 359,2588 124,2588"/>
                    <TextEquiv>
                        <Unicode>dramatique</Unicode>
                    </TextEquiv>
                    <TextStyle fontFamily="Times New Roman" fontSize="9.0"/>
                </Word>
                <Word id="w_w2aab1b3b2c33b1ac23" language="English" custom="readingOrder {index:1;}">
                    <Coords points="377,2547 623,2547 623,2587 377,2587"/>
                    <TextEquiv>
                        <Unicode>(1772-1843).</Unicode>
                    </TextEquiv>
                    <TextStyle fontFamily="Times New Roman" fontSize="9.0"/>
                </Word>
                <Word id="w_w2aab1b3b2c33b1ac49" language="English" custom="readingOrder {index:2;}">
                    <Coords points="645,2565 689,2565 689,2569 645,2569"/>
                    <TextEquiv>
                        <Unicode>—</Unicode>
                    </TextEquiv>
                    <TextStyle fontFamily="Times New Roman" fontSize="9.0"/>
                </Word>
                <Word id="w_w2aab1b3b2c33b1ac53" language="English" custom="readingOrder {index:3;}">
                    <Coords points="708,2548 832,2548 832,2578 708,2578"/>
                    <TextEquiv>
                        <Unicode>Lettre</Unicode>
                    </TextEquiv>
                    <TextStyle fontFamily="Times New Roman" fontSize="9.0"/>
                </Word>
                <Word id="w_w2aab1b3b2c33b1ac67" language="English" custom="readingOrder {index:4;}">
                    <Coords points="852,2557 884,2557 884,2579 852,2579"/>
                    <TextEquiv>
                        <Unicode>a.</Unicode>
                    </TextEquiv>
                    <TextStyle fontFamily="Times New Roman" fontSize="9.0"/>
                </Word>
                <Word id="w_w2aab1b3b2c33b1ac73" language="English" custom="readingOrder {index:5;}">
                    <Coords points="904,2557 931,2557 931,2580 904,2580"/>
                    <TextEquiv>
                        <Unicode>s.</Unicode>
                    </TextEquiv>
                    <TextStyle fontFamily="Times New Roman" fontSize="9.0"/>
                </Word>
                <TextEquiv>
                    <Unicode>dramatique (1772-1843). — Lettre a. s.</Unicode>
                </TextEquiv>
                <TextStyle fontFamily="Times New Roman" fontSize="9.0"/>
            </TextLine>
            <TextLine id="tl_52" primaryLanguage="English" custom="readingOrder {index:1;}">
                <Coords points="124,2595 930,2595 930,2635 124,2635"/>
                <Baseline points="124,2629 152,2630 195,2630 252,2628 323,2634 416,2626 470,2626 577,2626 861,2627 930,2628"/>
                <Word id="w_w2aab1b3b2c33b3ab1" language="English" custom="readingOrder {index:0;}">
                    <Coords points="124,2608 152,2608 152,2630 124,2630"/>
                    <TextEquiv>
                        <Unicode>s.</Unicode>
                    </TextEquiv>
                    <TextStyle fontFamily="Times New Roman" fontSize="9.0"/>
                </Word>
                <Word id="w_w2aab1b3b2c33b3ab7" language="English" custom="readingOrder {index:1;}">
                    <Coords points="173,2598 195,2598 195,2630 173,2630"/>
                    <TextEquiv>
                        <Unicode>1.</Unicode>
                    </TextEquiv>
                    <TextStyle fontFamily="Times New Roman" fontSize="9.0"/>
                </Word>
                <Word id="w_w2aab1b3b2c33b3ac13" language="English" custom="readingOrder {index:2;}">
                    <Coords points="218,2606 252,2606 252,2628 218,2628"/>
                    <TextEquiv>
                        <Unicode>n.</Unicode>
                    </TextEquiv>
                    <TextStyle fontFamily="Times New Roman" fontSize="9.0"/>
                </Word>
                <Word id="w_w2aab1b3b2c33b3ac19" language="English" custom="readingOrder {index:3;}">
                    <Coords points="274,2597 323,2597 323,2634 274,2634"/>
                    <TextEquiv>
                        <Unicode>d.,</Unicode>
                    </TextEquiv>
                    <TextStyle fontFamily="Times New Roman" fontSize="9.0"/>
                </Word>
                <Word id="w_w2aab1b3b2c33b3ac27" language="English" custom="readingOrder {index:4;}">
                    <Coords points="345,2605 416,2605 416,2627 345,2627"/>
                    <TextEquiv>
                        <Unicode>une</Unicode>
                    </TextEquiv>
                    <TextStyle fontFamily="Times New Roman" fontSize="9.0"/>
                </Word>
                <Word id="w_w2aab1b3b2c33b3ac35" language="English" custom="readingOrder {index:5;}">
                    <Coords points="434,2604 470,2604 470,2635 434,2635"/>
                    <TextEquiv>
                        <Unicode>p.</Unicode>
                    </TextEquiv>
                    <TextStyle fontFamily="Times New Roman" fontSize="9.0"/>
                </Word>
                <Word id="w_w2aab1b3b2c33b3ac41" language="English" custom="readingOrder {index:6;}">
                    <Coords points="490,2595 577,2595 577,2626 490,2626"/>
                    <TextEquiv>
                        <Unicode>in-4.</Unicode>
                    </TextEquiv>
                    <TextStyle fontFamily="Times New Roman" fontSize="9.0"/>
                </Word>
                <Word id="w_w2aab1b3b2c33b3ac53" language="English" custom="readingOrder {index:7;}">
                    <Coords points="817,2596 861,2596 861,2627 817,2627"/>
                    <TextEquiv>
                        <Unicode>25</Unicode>
                    </TextEquiv>
                    <TextStyle fontFamily="Times New Roman" fontSize="9.0"/>
                </Word>
                <Word id="w_w2aab1b3b2c33b3ac59" language="English" custom="readingOrder {index:8;}">
                    <Coords points="888,2596 930,2596 930,2628 888,2628"/>
                    <TextEquiv>
                        <Unicode>fr.</Unicode>
                    </TextEquiv>
                    <TextStyle fontFamily="Times New Roman" fontSize="9.0"/>
                </Word>
                <TextEquiv>
                    <Unicode>s. l. n. d., une p. in-4. 25 fr.</Unicode>
                </TextEquiv>
                <TextStyle fontFamily="Times New Roman" fontSize="9.0"/>
            </TextLine>
            <TextEquiv>
                <Unicode>dramatique (1772-1843). — Lettre a. s.
s. l. n. d., une p. in-4. 25 fr.</Unicode>
            </TextEquiv>
        </TextRegion>
        <TextRegion type="paragraph" id="r_2_18" custom="readingOrder {index:18;}">
            <Coords points="162,2655 936,2655 936,2908 162,2908"/>
            <TextLine id="tl_53" primaryLanguage="English" custom="readingOrder {index:0;}">
                <Coords points="208,2656 935,2656 935,2690 208,2690"/>
                <Baseline points="208,2682 224,2682 287,2685 398,2683 509,2688 706,2684 806,2684 935,2686"/>
                <Word id="w_w2aab1b3b2c35b1ab1" language="English" custom="readingOrder {index:0;}">
                    <Coords points="208,2667 224,2667 224,2682 208,2682"/>
                    <TextEquiv>
                        <Unicode>r</Unicode>
                    </TextEquiv>
                    <TextStyle fontFamily="Times New Roman" fontSize="5.0" italic="true"/>
                </Word>
                <Word id="w_w2aab1b3b2c35b1b1b3" language="English" custom="readingOrder {index:1;}">
                    <Coords points="245,2658 287,2658 287,2686 245,2686"/>
                    <TextEquiv>
                        <Unicode>Je</Unicode>
                    </TextEquiv>
                    <TextStyle fontFamily="Times New Roman" fontSize="7.0"/>
                </Word>
                <Word id="w_w2aab1b3b2c35b1b1b9" language="English" custom="readingOrder {index:2;}">
                    <Coords points="313,2665 398,2665 398,2685 313,2685"/>
                    <TextEquiv>
                        <Unicode>vous</Unicode>
                    </TextEquiv>
                    <TextStyle fontFamily="Times New Roman" fontSize="7.0"/>
                </Word>
                <Word id="w_w2aab1b3b2c35b1b1c19" language="English" custom="readingOrder {index:3;}">
                    <Coords points="425,2657 509,2657 509,2688 425,2688"/>
                    <TextEquiv>
                        <Unicode>dois,</Unicode>
                    </TextEquiv>
                    <TextStyle fontFamily="Times New Roman" fontSize="7.0"/>
                </Word>
                <Word id="w_w2aab1b3b2c35b1b1c31" language="English" custom="readingOrder {index:4;}">
                    <Coords points="536,2656 706,2656 706,2684 536,2684"/>
                    <TextEquiv>
                        <Unicode>Monsieur</Unicode>
                    </TextEquiv>
                    <TextStyle fontFamily="Times New Roman" fontSize="7.0"/>
                </Word>
                <Word id="w_w2aab1b3b2c35b1b1c49" language="English" custom="readingOrder {index:5;}">
                    <Coords points="732,2657 806,2657 806,2690 732,2690"/>
                    <TextEquiv>
                        <Unicode>plus</Unicode>
                    </TextEquiv>
                    <TextStyle fontFamily="Times New Roman" fontSize="7.0"/>
                </Word>
                <Word id="w_w2aab1b3b2c35b1b1c59" language="English" custom="readingOrder {index:6;}">
                    <Coords points="832,2657 935,2657 935,2686 832,2686"/>
                    <TextEquiv>
                        <Unicode>d’une</Unicode>
                    </TextEquiv>
                    <TextStyle fontFamily="Times New Roman" fontSize="7.0"/>
                </Word>
                <TextEquiv>
                    <Unicode>«Je vous dois, Monsieur plus d’une</Unicode>
                </TextEquiv>
            </TextLine>
            <TextLine id="tl_54" primaryLanguage="English" custom="readingOrder {index:1;}">
                <Coords points="164,2693 934,2693 934,2727 164,2727"/>
                <Baseline points="164,2722 253,2721 312,2721 600,2719 625,2724 726,2719 798,2719 934,2713"/>
                <Word id="w_w2aab1b3b2c35b3ab1" language="English" custom="readingOrder {index:0;}">
                    <Coords points="164,2696 253,2696 253,2722 164,2722"/>
                    <TextEquiv>
                        <Unicode>sorte</Unicode>
                    </TextEquiv>
                    <TextStyle fontFamily="Times New Roman" fontSize="7.0"/>
                </Word>
                <Word id="w_w2aab1b3b2c35b3ac13" language="English" custom="readingOrder {index:1;}">
                    <Coords points="271,2695 312,2695 312,2721 271,2721"/>
                    <TextEquiv>
                        <Unicode>de</Unicode>
                    </TextEquiv>
                    <TextStyle fontFamily="Times New Roman" fontSize="7.0"/>
                </Word>
                <Word id="w_w2aab1b3b2c35b3ac19" language="English" custom="readingOrder {index:2;}">
                    <Coords points="330,2693 600,2693 600,2720 330,2720"/>
                    <TextEquiv>
                        <Unicode>remerciements</Unicode>
                    </TextEquiv>
                    <TextStyle fontFamily="Times New Roman" fontSize="7.0"/>
                </Word>
                <Word id="w_w2aab1b3b2c35b3ac47" language="English" custom="readingOrder {index:3;}">
                    <Coords points="617,2701 625,2701 625,2724 617,2724"/>
                    <TextEquiv>
                        <Unicode>;</Unicode>
                    </TextEquiv>
                    <TextStyle fontFamily="Times New Roman" fontSize="7.0"/>
                </Word>
                <Word id="w_w2aab1b3b2c35b3ac51" language="English" custom="readingOrder {index:4;}">
                    <Coords points="642,2701 726,2701 726,2719 642,2719"/>
                    <TextEquiv>
                        <Unicode>vous</Unicode>
                    </TextEquiv>
                    <TextStyle fontFamily="Times New Roman" fontSize="7.0"/>
                </Word>
                <Word id="w_w2aab1b3b2c35b3ac61" language="English" custom="readingOrder {index:5;}">
                    <Coords points="746,2701 798,2701 798,2720 746,2720"/>
                    <TextEquiv>
                        <Unicode>me</Unicode>
                    </TextEquiv>
                    <TextStyle fontFamily="Times New Roman" fontSize="7.0"/>
                </Word>
                <Word id="w_w2aab1b3b2c35b3ac67" language="English" custom="readingOrder {index:6;}">
                    <Coords points="816,2701 934,2701 934,2727 816,2727"/>
                    <TextEquiv>
                        <Unicode>procu¬</Unicode>
                    </TextEquiv>
                    <TextStyle fontFamily="Times New Roman" fontSize="7.0"/>
                </Word>
                <TextEquiv>
                    <Unicode>sorte de remerciements ; vous me procu¬</Unicode>
                </TextEquiv>
                <TextStyle fontFamily="Times New Roman" fontSize="7.0"/>
            </TextLine>
            <TextLine id="tl_55" primaryLanguage="English" custom="readingOrder {index:2;}">
                <Coords points="163,2729 933,2729 933,2763 163,2763"/>
                <Baseline points="163,2758 217,2758 278,2757 433,2755 490,2756 564,2756 613,2756 670,2756 804,2755 865,2756 933,2757"/>
                <Word id="w_w2aab1b3b2c35b5ab1" language="English" custom="readingOrder {index:0;}">
                    <Coords points="163,2739 217,2739 217,2758 163,2758"/>
                    <TextEquiv>
                        <Unicode>rez</Unicode>
                    </TextEquiv>
                    <TextStyle fontFamily="Times New Roman" fontSize="7.0"/>
                </Word>
                <Word id="w_w2aab1b3b2c35b5ab9" language="English" custom="readingOrder {index:1;}">
                    <Coords points="232,2730 278,2730 278,2758 232,2758"/>
                    <TextEquiv>
                        <Unicode>les</Unicode>
                    </TextEquiv>
                    <TextStyle fontFamily="Times New Roman" fontSize="7.0"/>
                </Word>
                <Word id="w_w2aab1b3b2c35b5ac17" language="English" custom="readingOrder {index:2;}">
                    <Coords points="294,2737 433,2737 433,2763 294,2763"/>
                    <TextEquiv>
                        <Unicode>moyens</Unicode>
                    </TextEquiv>
                    <TextStyle fontFamily="Times New Roman" fontSize="7.0"/>
                </Word>
                <Word id="w_w2aab1b3b2c35b5ac31" language="English" custom="readingOrder {index:3;}">
                    <Coords points="449,2730 490,2730 490,2756 449,2756"/>
                    <TextEquiv>
                        <Unicode>de</Unicode>
                    </TextEquiv>
                    <TextStyle fontFamily="Times New Roman" fontSize="7.0"/>
                </Word>
                <Word id="w_w2aab1b3b2c35b5ac37" language="English" custom="readingOrder {index:4;}">
                    <Coords points="505,2729 564,2729 564,2756 505,2756"/>
                    <TextEquiv>
                        <Unicode>lire</Unicode>
                    </TextEquiv>
                    <TextStyle fontFamily="Times New Roman" fontSize="7.0"/>
                </Word>
                <Word id="w_w2aab1b3b2c35b5ac47" language="English" custom="readingOrder {index:5;}">
                    <Coords points="579,2730 613,2730 613,2756 579,2756"/>
                    <TextEquiv>
                        <Unicode>et</Unicode>
                    </TextEquiv>
                    <TextStyle fontFamily="Times New Roman" fontSize="7.0"/>
                </Word>
                <Word id="w_w2aab1b3b2c35b5ac53" language="English" custom="readingOrder {index:6;}">
                    <Coords points="629,2729 670,2729 670,2756 629,2756"/>
                    <TextEquiv>
                        <Unicode>de</Unicode>
                    </TextEquiv>
                    <TextStyle fontFamily="Times New Roman" fontSize="7.0"/>
                </Word>
                <Word id="w_w2aab1b3b2c35b5ac59" language="English" custom="readingOrder {index:7;}">
                    <Coords points="686,2729 804,2729 804,2762 686,2762"/>
                    <TextEquiv>
                        <Unicode>garder</Unicode>
                    </TextEquiv>
                    <TextStyle fontFamily="Times New Roman" fontSize="7.0"/>
                </Word>
                <Word id="w_w2aab1b3b2c35b5ac73" language="English" custom="readingOrder {index:8;}">
                    <Coords points="820,2738 865,2738 865,2756 820,2756"/>
                    <TextEquiv>
                        <Unicode>un</Unicode>
                    </TextEquiv>
                    <TextStyle fontFamily="Times New Roman" fontSize="7.0"/>
                </Word>
                <Word id="w_w2aab1b3b2c35b5ac79" language="English" custom="readingOrder {index:9;}">
                    <Coords points="880,2730 933,2730 933,2757 880,2757"/>
                    <TextEquiv>
                        <Unicode>bel</Unicode>
                    </TextEquiv>
                    <TextStyle fontFamily="Times New Roman" fontSize="7.0"/>
                </Word>
                <TextEquiv>
                    <Unicode>rez les moyens de lire et de garder un bel</Unicode>
                </TextEquiv>
                <TextStyle fontFamily="Times New Roman" fontSize="7.0"/>
            </TextLine>
            <TextLine id="tl_56" primaryLanguage="English" custom="readingOrder {index:3;}">
                <Coords points="164,2765 934,2765 934,2799 164,2799"/>
                <Baseline points="164,2794 198,2793 302,2793 486,2792 587,2791 646,2791 714,2791 934,2792"/>
                <Word id="w_w2aab1b3b2c35b7ab1" language="English" custom="readingOrder {index:0;}">
                    <Coords points="164,2768 198,2768 198,2794 164,2794"/>
                    <TextEquiv>
                        <Unicode>et</Unicode>
                    </TextEquiv>
                    <TextStyle fontFamily="Times New Roman" fontSize="7.0"/>
                </Word>
                <Word id="w_w2aab1b3b2c35b7ab7" language="English" custom="readingOrder {index:1;}">
                    <Coords points="235,2766 302,2766 302,2793 235,2793"/>
                    <TextEquiv>
                        <Unicode>bon</Unicode>
                    </TextEquiv>
                    <TextStyle fontFamily="Times New Roman" fontSize="7.0"/>
                </Word>
                <Word id="w_w2aab1b3b2c35b7ac15" language="English" custom="readingOrder {index:2;}">
                    <Coords points="339,2772 486,2772 486,2798 339,2798"/>
                    <TextEquiv>
                        <Unicode>ouvrage</Unicode>
                    </TextEquiv>
                    <TextStyle fontFamily="Times New Roman" fontSize="7.0"/>
                </Word>
                <Word id="w_w2aab1b3b2c35b7ac31" language="English" custom="readingOrder {index:3;}">
                    <Coords points="522,2772 587,2772 587,2799 522,2799"/>
                    <TextEquiv>
                        <Unicode>que</Unicode>
                    </TextEquiv>
                    <TextStyle fontFamily="Times New Roman" fontSize="7.0"/>
                </Word>
                <Word id="w_w2aab1b3b2c35b7ac39" language="English" custom="readingOrder {index:4;}">
                    <Coords points="613,2765 646,2765 646,2798 613,2798"/>
                    <TextEquiv>
                        <Unicode>je</Unicode>
                    </TextEquiv>
                    <TextStyle fontFamily="Times New Roman" fontSize="7.0"/>
                </Word>
                <Word id="w_w2aab1b3b2c35b7ac45" language="English" custom="readingOrder {index:5;}">
                    <Coords points="672,2772 714,2772 714,2791 672,2791"/>
                    <TextEquiv>
                        <Unicode>ne</Unicode>
                    </TextEquiv>
                    <TextStyle fontFamily="Times New Roman" fontSize="7.0"/>
                </Word>
                <Word id="w_w2aab1b3b2c35b7ac51" language="English" custom="readingOrder {index:6;}">
                    <Coords points="741,2766 934,2766 934,2793 741,2793"/>
                    <TextEquiv>
                        <Unicode>connassais</Unicode>
                    </TextEquiv>
                    <TextStyle fontFamily="Times New Roman" fontSize="7.0"/>
                </Word>
                <TextEquiv>
                    <Unicode>et bon ouvrage que je ne connassais</Unicode>
                </TextEquiv>
                <TextStyle fontFamily="Times New Roman" fontSize="7.0"/>
            </TextLine>
            <TextLine id="tl_57" primaryLanguage="English" custom="readingOrder {index:4;}">
                <Coords points="164,2801 934,2801 934,2836 164,2836"/>
                <Baseline points="164,2836 236,2833 290,2828 394,2828 660,2827 716,2827 872,2828 934,2829"/>
                <Word id="w_w2aab1b3b2c35b9ab1" language="English" custom="readingOrder {index:0;}">
                    <Coords points="164,2810 236,2810 236,2836 164,2836"/>
                    <TextEquiv>
                        <Unicode>pas,</Unicode>
                    </TextEquiv>
                    <TextStyle fontFamily="Times New Roman" fontSize="7.0"/>
                </Word>
                <Word id="w_w2aab1b3b2c35b9ac11" language="English" custom="readingOrder {index:1;}">
                    <Coords points="257,2803 290,2803 290,2829 257,2829"/>
                    <TextEquiv>
                        <Unicode>et</Unicode>
                    </TextEquiv>
                    <TextStyle fontFamily="Times New Roman" fontSize="7.0"/>
                </Word>
                <Word id="w_w2aab1b3b2c35b9ac17" language="English" custom="readingOrder {index:2;}">
                    <Coords points="310,2809 394,2809 394,2828 310,2828"/>
                    <TextEquiv>
                        <Unicode>vous</Unicode>
                    </TextEquiv>
                    <TextStyle fontFamily="Times New Roman" fontSize="7.0"/>
                </Word>
                <Word id="w_w2aab1b3b2c35b9ac27" language="English" custom="readingOrder {index:3;}">
                    <Coords points="414,2807 660,2807 660,2834 414,2834"/>
                    <TextEquiv>
                        <Unicode>accompagnez</Unicode>
                    </TextEquiv>
                    <TextStyle fontFamily="Times New Roman" fontSize="7.0"/>
                </Word>
                <Word id="w_w2aab1b3b2c35b9ac51" language="English" custom="readingOrder {index:4;}">
                    <Coords points="680,2808 716,2808 716,2827 680,2827"/>
                    <TextEquiv>
                        <Unicode>ce</Unicode>
                    </TextEquiv>
                    <TextStyle fontFamily="Times New Roman" fontSize="7.0"/>
                </Word>
                <Word id="w_w2aab1b3b2c35b9ac57" language="English" custom="readingOrder {index:5;}">
                    <Coords points="737,2801 872,2801 872,2834 737,2834"/>
                    <TextEquiv>
                        <Unicode>présent</Unicode>
                    </TextEquiv>
                    <TextStyle fontFamily="Times New Roman" fontSize="7.0"/>
                </Word>
                <Word id="w_w2aab1b3b2c35b9ac73" language="English" custom="readingOrder {index:6;}">
                    <Coords points="892,2802 934,2802 934,2829 892,2829"/>
                    <TextEquiv>
                        <Unicode>de</Unicode>
                    </TextEquiv>
                    <TextStyle fontFamily="Times New Roman" fontSize="7.0"/>
                </Word>
                <TextEquiv>
                    <Unicode>pas, et vous accompagnez ce présent de</Unicode>
                </TextEquiv>
                <TextStyle fontFamily="Times New Roman" fontSize="7.0"/>
            </TextLine>
            <TextLine id="tl_58" primaryLanguage="English" custom="readingOrder {index:5;}">
                <Coords points="164,2837 933,2837 933,2872 164,2872"/>
                <Baseline points="164,2864 238,2864 364,2864 426,2864 543,2864 606,2863 659,2863 837,2864 933,2864"/>
                <Word id="w_w2aab1b3b2c35c11ab1" language="English" custom="readingOrder {index:0;}">
                    <Coords points="164,2846 238,2846 238,2865 164,2865"/>
                    <TextEquiv>
                        <Unicode>vers</Unicode>
                    </TextEquiv>
                    <TextStyle fontFamily="Times New Roman" fontSize="7.0"/>
                </Word>
                <Word id="w_w2aab1b3b2c35c11ac11" language="English" custom="readingOrder {index:1;}">
                    <Coords points="258,2838 364,2838 364,2872 258,2872"/>
                    <TextEquiv>
                        <Unicode>pleins</Unicode>
                    </TextEquiv>
                    <TextStyle fontFamily="Times New Roman" fontSize="7.0"/>
                </Word>
                <Word id="w_w2aab1b3b2c35c11ac25" language="English" custom="readingOrder {index:2;}">
                    <Coords points="385,2838 426,2838 426,2864 385,2864"/>
                    <TextEquiv>
                        <Unicode>de</Unicode>
                    </TextEquiv>
                    <TextStyle fontFamily="Times New Roman" fontSize="7.0"/>
                </Word>
                <Word id="w_w2aab1b3b2c35c11ac31" language="English" custom="readingOrder {index:3;}">
                    <Coords points="446,2837 543,2837 543,2870 446,2870"/>
                    <TextEquiv>
                        <Unicode>grâce</Unicode>
                    </TextEquiv>
                    <TextStyle fontFamily="Times New Roman" fontSize="7.0"/>
                </Word>
                <Word id="w_w2aab1b3b2c35c11ac43" language="English" custom="readingOrder {index:4;}">
                    <Coords points="563,2838 606,2838 606,2863 563,2863"/>
                    <TextEquiv>
                        <Unicode>où</Unicode>
                    </TextEquiv>
                    <TextStyle fontFamily="Times New Roman" fontSize="7.0"/>
                </Word>
                <Word id="w_w2aab1b3b2c35c11ac49" language="English" custom="readingOrder {index:5;}">
                    <Coords points="626,2837 659,2837 659,2870 626,2870"/>
                    <TextEquiv>
                        <Unicode>je</Unicode>
                    </TextEquiv>
                    <TextStyle fontFamily="Times New Roman" fontSize="7.0"/>
                </Word>
                <Word id="w_w2aab1b3b2c35c11ac55" language="English" custom="readingOrder {index:6;}">
                    <Coords points="679,2838 837,2838 837,2864 679,2864"/>
                    <TextEquiv>
                        <Unicode>retrouve</Unicode>
                    </TextEquiv>
                    <TextStyle fontFamily="Times New Roman" fontSize="7.0"/>
                </Word>
                <Word id="w_w2aab1b3b2c35c11ac73" language="English" custom="readingOrder {index:7;}">
                    <Coords points="856,2839 933,2839 933,2864 856,2864"/>
                    <TextEquiv>
                        <Unicode>tout</Unicode>
                    </TextEquiv>
                    <TextStyle fontFamily="Times New Roman" fontSize="7.0"/>
                </Word>
                <TextEquiv>
                    <Unicode>vers pleins de grâce où je retrouve tout</Unicode>
                </TextEquiv>
                <TextStyle fontFamily="Times New Roman" fontSize="7.0"/>
            </TextLine>
            <TextLine id="tl_59" primaryLanguage="English" custom="readingOrder {index:6;}">
                <Coords points="163,2872 930,2872 930,2907 163,2907"/>
                <Baseline points="163,2901 260,2901 390,2901 451,2900 575,2900 698,2899 892,2900 930,2898"/>
                <Word id="w_w2aab1b3b2c35c13ab1" language="English" custom="readingOrder {index:0;}">
                    <Coords points="163,2875 260,2875 260,2901 163,2901"/>
                    <TextEquiv>
                        <Unicode>votre</Unicode>
                    </TextEquiv>
                    <TextStyle fontFamily="Times New Roman" fontSize="7.0"/>
                </Word>
                <Word id="w_w2aab1b3b2c35c13ac13" language="English" custom="readingOrder {index:1;}">
                    <Coords points="287,2873 390,2873 390,2907 287,2907"/>
                    <TextEquiv>
                        <Unicode>esprit</Unicode>
                    </TextEquiv>
                    <TextStyle fontFamily="Times New Roman" fontSize="7.0"/>
                </Word>
                <Word id="w_w2aab1b3b2c35c13ac27" language="English" custom="readingOrder {index:2;}">
                    <Coords points="417,2874 451,2874 451,2900 417,2900"/>
                    <TextEquiv>
                        <Unicode>et</Unicode>
                    </TextEquiv>
                    <TextStyle fontFamily="Times New Roman" fontSize="7.0"/>
                </Word>
                <Word id="w_w2aab1b3b2c35c13ac33" language="English" custom="readingOrder {index:3;}">
                    <Coords points="478,2874 575,2874 575,2900 478,2900"/>
                    <TextEquiv>
                        <Unicode>toute</Unicode>
                    </TextEquiv>
                    <TextStyle fontFamily="Times New Roman" fontSize="7.0"/>
                </Word>
                <Word id="w_w2aab1b3b2c35c13ac45" language="English" custom="readingOrder {index:4;}">
                    <Coords points="601,2874 698,2874 698,2899 601,2899"/>
                    <TextEquiv>
                        <Unicode>votre</Unicode>
                    </TextEquiv>
                    <TextStyle fontFamily="Times New Roman" fontSize="7.0"/>
                </Word>
                <Word id="w_w2aab1b3b2c35c13ac57" language="English" custom="readingOrder {index:5;}">
                    <Coords points="725,2872 892,2872 892,2906 725,2906"/>
                    <TextEquiv>
                        <Unicode>politesse.</Unicode>
                    </TextEquiv>
                    <TextStyle fontFamily="Times New Roman" fontSize="7.0"/>
                </Word>
                <Word id="w_w2aab1b3b2c35c13ac79" language="English" custom="readingOrder {index:6;}">
                    <Coords points="920,2885 930,2885 930,2898 920,2898"/>
                    <TextEquiv>
                        <Unicode>»</Unicode>
                    </TextEquiv>
                    <TextStyle fontFamily="Times New Roman" fontSize="7.0"/>
                </Word>
                <TextEquiv>
                    <Unicode>votre esprit et toute votre politesse. »</Unicode>
                </TextEquiv>
                <TextStyle fontFamily="Times New Roman" fontSize="7.0"/>
            </TextLine>
            <TextEquiv>
                <Unicode>«Je vous dois, Monsieur plus d’une
sorte de remerciements ; vous me procu¬
rez les moyens de lire et de garder un bel
et bon ouvrage que je ne connassais
pas, et vous accompagnez ce présent de
vers pleins de grâce où je retrouve tout
votre esprit et toute votre politesse. »</Unicode>
            </TextEquiv>
        </TextRegion>
        <TextRegion type="paragraph" id="r_2_19" custom="readingOrder {index:19;}">
            <Coords points="75,2942 933,2942 933,2989 75,2989"/>
            <TextLine id="tl_60" primaryLanguage="English" custom="readingOrder {index:0;}">
                <Coords points="76,2943 932,2943 932,2988 76,2988"/>
                <Baseline points="76,2981 96,2981 226,2980 600,2985 839,2979 932,2980"/>
                <Word id="w_w2aab1b3b2c37b1ab1" language="English" custom="readingOrder {index:0;}">
                    <Coords points="76,2949 167,2949 167,2981 76,2981"/>
                    <TextEquiv>
                        <Unicode>4265</Unicode>
                    </TextEquiv>
                    <TextStyle fontFamily="Times New Roman" fontSize="9.0"/>
                </Word>
                <Word id="w_w2aab1b3b2c37b1b1b1" language="English" custom="readingOrder {index:1;}">
                    <Coords points="197,2943 372,2943 372,2988 197,2988"/>
                    <TextEquiv>
                        <Unicode>CARRÉ</Unicode>
                    </TextEquiv>
                    <TextStyle fontFamily="Times New Roman" fontSize="8.0" bold="true"/>
                </Word>
                <Word id="w_w2aab1b3b2c37b1b2b1" language="English" custom="readingOrder {index:2;}">
                    <Coords points="427,2949 600,2949 600,2988 427,2988"/>
                    <TextEquiv>
                        <Unicode>(Albert),</Unicode>
                    </TextEquiv>
                    <TextStyle fontFamily="Times New Roman" fontSize="9.0"/>
                </Word>
                <Word id="w_w2aab1b3b2c37b1b2c21" language="English" custom="readingOrder {index:3;}">
                    <Coords points="656,2949 839,2949 839,2980 656,2980"/>
                    <TextEquiv>
                        <Unicode>directeur</Unicode>
                    </TextEquiv>
                    <TextStyle fontFamily="Times New Roman" fontSize="9.0"/>
                </Word>
                <Word id="w_w2aab1b3b2c37b1b2c41" language="English" custom="readingOrder {index:4;}">
                    <Coords points="888,2949 932,2949 932,2980 888,2980"/>
                    <TextEquiv>
                        <Unicode>de</Unicode>
                    </TextEquiv>
                    <TextStyle fontFamily="Times New Roman" fontSize="9.0"/>
                </Word>
                <TextEquiv>
                    <Unicode>4265 CARRÉ (Albert), directeur de</Unicode>
                </TextEquiv>
            </TextLine>
            <TextEquiv>
                <Unicode>4265 CARRÉ (Albert), directeur de</Unicode>
            </TextEquiv>
        </TextRegion>
        <TextRegion type="paragraph" id="r_2_20" custom="readingOrder {index:20;}">
            <Coords points="123,2995 932,2995 932,3086 123,3086"/>
            <TextLine id="tl_61" primaryLanguage="English" custom="readingOrder {index:0;}">
                <Coords points="124,2996 931,2996 931,3037 124,3037"/>
                <Baseline points="124,3028 271,3028 479,3027 542,3018 694,3027 753,3027 797,3028 931,3034"/>
                <Word id="w_w2aab1b3b2c39b1ab1" language="English" custom="readingOrder {index:0;}">
                    <Coords points="124,2996 271,2996 271,3037 124,3037"/>
                    <TextEquiv>
                        <Unicode>l'Opéra</Unicode>
                    </TextEquiv>
                    <TextStyle fontFamily="Times New Roman" fontSize="9.0"/>
                </Word>
                <Word id="w_w2aab1b3b2c39b1ac17" language="English" custom="readingOrder {index:1;}">
                    <Coords points="294,2997 479,2997 479,3037 294,3037"/>
                    <TextEquiv>
                        <Unicode>Comique.</Unicode>
                    </TextEquiv>
                    <TextStyle fontFamily="Times New Roman" fontSize="9.0"/>
                </Word>
                <Word id="w_w2aab1b3b2c39b1ac35" language="English" custom="readingOrder {index:2;}">
                    <Coords points="493,3014 542,3014 542,3018 493,3018"/>
                    <TextEquiv>
                        <Unicode>—</Unicode>
                    </TextEquiv>
                    <TextStyle fontFamily="Times New Roman" fontSize="9.0"/>
                </Word>
                <Word id="w_w2aab1b3b2c39b1ac39" language="English" custom="readingOrder {index:3;}">
                    <Coords points="568,2997 694,2997 694,3028 568,3028"/>
                    <TextEquiv>
                        <Unicode>Lettre</Unicode>
                    </TextEquiv>
                    <TextStyle fontFamily="Times New Roman" fontSize="9.0"/>
                </Word>
                <Word id="w_w2aab1b3b2c39b1ac53" language="English" custom="readingOrder {index:4;}">
                    <Coords points="722,3006 753,3006 753,3028 722,3028"/>
                    <TextEquiv>
                        <Unicode>a.</Unicode>
                    </TextEquiv>
                    <TextStyle fontFamily="Times New Roman" fontSize="9.0"/>
                </Word>
                <Word id="w_w2aab1b3b2c39b1ac59" language="English" custom="readingOrder {index:5;}">
                    <Coords points="770,3005 797,3005 797,3028 770,3028"/>
                    <TextEquiv>
                        <Unicode>s.</Unicode>
                    </TextEquiv>
                    <TextStyle fontFamily="Times New Roman" fontSize="9.0"/>
                </Word>
                <Word id="w_w2aab1b3b2c39b1ac65" language="English" custom="readingOrder {index:6;}">
                    <Coords points="818,2997 931,2997 931,3034 818,3034"/>
                    <TextEquiv>
                        <Unicode>Paris,</Unicode>
                    </TextEquiv>
                    <TextStyle fontFamily="Times New Roman" fontSize="9.0"/>
                </Word>
                <TextEquiv>
                    <Unicode>l'Opéra Comique. — Lettre a. s. Paris,</Unicode>
                </TextEquiv>
                <TextStyle fontFamily="Times New Roman" fontSize="9.0"/>
            </TextLine>
            <TextLine id="tl_62" primaryLanguage="English" custom="readingOrder {index:1;}">
                <Coords points="124,3044 920,3044 920,3085 124,3085"/>
                <Baseline points="124,3077 144,3077 283,3076 410,3076 501,3075 640,3075 860,3075 920,3075"/>
                <Word id="w_w2aab1b3b2c39b3ab1" language="English" custom="readingOrder {index:0;}">
                    <Coords points="124,3045 144,3045 144,3077 124,3077"/>
                    <TextEquiv>
                        <Unicode>2</Unicode>
                    </TextEquiv>
                    <TextStyle fontFamily="Times New Roman" fontSize="9.0"/>
                </Word>
                <Word id="w_w2aab1b3b2c39b3ab5" language="English" custom="readingOrder {index:1;}">
                    <Coords points="173,3053 283,3053 283,3085 173,3085"/>
                    <TextEquiv>
                        <Unicode>pages</Unicode>
                    </TextEquiv>
                    <TextStyle fontFamily="Times New Roman" fontSize="9.0"/>
                </Word>
                <Word id="w_w2aab1b3b2c39b3ac17" language="English" custom="readingOrder {index:2;}">
                    <Coords points="312,3045 410,3045 410,3076 312,3076"/>
                    <TextEquiv>
                        <Unicode>in-12</Unicode>
                    </TextEquiv>
                    <TextStyle fontFamily="Times New Roman" fontSize="9.0"/>
                </Word>
                <Word id="w_w2aab1b3b2c39b3ac29" language="English" custom="readingOrder {index:3;}">
                    <Coords points="439,3053 501,3053 501,3076 439,3076"/>
                    <TextEquiv>
                        <Unicode>sur</Unicode>
                    </TextEquiv>
                    <TextStyle fontFamily="Times New Roman" fontSize="9.0"/>
                </Word>
                <Word id="w_w2aab1b3b2c39b3ac37" language="English" custom="readingOrder {index:4;}">
                    <Coords points="529,3046 640,3046 640,3076 529,3076"/>
                    <TextEquiv>
                        <Unicode>carte.</Unicode>
                    </TextEquiv>
                    <TextStyle fontFamily="Times New Roman" fontSize="9.0"/>
                </Word>
                <Word id="w_w2aab1b3b2c39b3ac51" language="English" custom="readingOrder {index:5;}">
                    <Coords points="818,3044 860,3044 860,3075 818,3075"/>
                    <TextEquiv>
                        <Unicode>18</Unicode>
                    </TextEquiv>
                    <TextStyle fontFamily="Times New Roman" fontSize="9.0"/>
                </Word>
                <Word id="w_w2aab1b3b2c39b3ac57" language="English" custom="readingOrder {index:6;}">
                    <Coords points="886,3044 920,3044 920,3075 886,3075"/>
                    <TextEquiv>
                        <Unicode>fr</Unicode>
                    </TextEquiv>
                    <TextStyle fontFamily="Times New Roman" fontSize="9.0"/>
                </Word>
                <TextEquiv>
                    <Unicode>2 pages in-12 sur carte. 18 fr</Unicode>
                </TextEquiv>
                <TextStyle fontFamily="Times New Roman" fontSize="9.0"/>
            </TextLine>
            <TextEquiv>
                <Unicode>l'Opéra Comique. — Lettre a. s. Paris,
2 pages in-12 sur carte. 18 fr</Unicode>
            </TextEquiv>
        </TextRegion>
        <TextRegion type="paragraph" id="r_3_1" custom="readingOrder {index:21;}">
            <Coords points="1102,218 1878,218 1878,363 1102,363"/>
            <TextLine id="tl_63" primaryLanguage="English" custom="readingOrder {index:0;}">
                <Coords points="1149,219 1877,219 1877,254 1149,254"/>
                <Baseline points="1149,242 1159,242 1279,245 1427,246 1533,248 1615,247 1803,249 1877,248"/>
                <Word id="w_w2aab1b5b2b1b1ab1" language="English" custom="readingOrder {index:0;}">
                    <Coords points="1149,230 1159,230 1159,242 1149,242"/>
                    <TextEquiv>
                        <Unicode>«</Unicode>
                    </TextEquiv>
                    <TextStyle fontFamily="Times New Roman" fontSize="7.0"/>
                </Word>
                <Word id="w_w2aab1b5b2b1b1ab5" language="English" custom="readingOrder {index:1;}">
                    <Coords points="1189,219 1279,219 1279,246 1189,246"/>
                    <TextEquiv>
                        <Unicode>Vous</Unicode>
                    </TextEquiv>
                    <TextStyle fontFamily="Times New Roman" fontSize="7.0"/>
                </Word>
                <Word id="w_w2aab1b5b2b1b1ac15" language="English" custom="readingOrder {index:2;}">
                    <Coords points="1308,220 1427,220 1427,246 1308,246"/>
                    <TextEquiv>
                        <Unicode>voulez</Unicode>
                    </TextEquiv>
                    <TextStyle fontFamily="Times New Roman" fontSize="7.0"/>
                </Word>
                <Word id="w_w2aab1b5b2b1b1ac29" language="English" custom="readingOrder {index:3;}">
                    <Coords points="1456,220 1533,220 1533,248 1456,248"/>
                    <TextEquiv>
                        <Unicode>bien</Unicode>
                    </TextEquiv>
                    <TextStyle fontFamily="Times New Roman" fontSize="7.0"/>
                </Word>
                <Word id="w_w2aab1b5b2b1b1ac39" language="English" custom="readingOrder {index:4;}">
                    <Coords points="1562,228 1615,228 1615,247 1562,247"/>
                    <TextEquiv>
                        <Unicode>me</Unicode>
                    </TextEquiv>
                    <TextStyle fontFamily="Times New Roman" fontSize="7.0"/>
                </Word>
                <Word id="w_w2aab1b5b2b1b1ac45" language="English" custom="readingOrder {index:5;}">
                    <Coords points="1643,228 1803,228 1803,254 1643,254"/>
                    <TextEquiv>
                        <Unicode>proposer</Unicode>
                    </TextEquiv>
                    <TextStyle fontFamily="Times New Roman" fontSize="7.0"/>
                </Word>
                <Word id="w_w2aab1b5b2b1b1ac63" language="English" custom="readingOrder {index:6;}">
                    <Coords points="1832,221 1877,221 1877,248 1832,248"/>
                    <TextEquiv>
                        <Unicode>M.</Unicode>
                    </TextEquiv>
                    <TextStyle fontFamily="Times New Roman" fontSize="7.0"/>
                </Word>
                <TextEquiv>
                    <Unicode>« Vous voulez bien me proposer M.</Unicode>
                </TextEquiv>
                <TextStyle fontFamily="Times New Roman" fontSize="7.0"/>
            </TextLine>
            <TextLine id="tl_64" primaryLanguage="English" custom="readingOrder {index:1;}">
                <Coords points="1103,254 1877,254 1877,291 1103,291"/>
                <Baseline points="1103,281 1242,282 1292,281 1353,282 1457,283 1529,283 1608,283 1774,284 1877,278"/>
                <Word id="w_w2aab1b5b2b1b3ab1" language="English" custom="readingOrder {index:0;}">
                    <Coords points="1103,254 1242,254 1242,282 1103,282"/>
                    <TextEquiv>
                        <Unicode>Mischa.</Unicode>
                    </TextEquiv>
                    <TextStyle fontFamily="Times New Roman" fontSize="7.0"/>
                </Word>
                <Word id="w_w2aab1b5b2b1b3ac17" language="English" custom="readingOrder {index:1;}">
                    <Coords points="1266,255 1292,255 1292,281 1266,281"/>
                    <TextEquiv>
                        <Unicode>Il</Unicode>
                    </TextEquiv>
                    <TextStyle fontFamily="Times New Roman" fontSize="7.0"/>
                </Word>
                <Word id="w_w2aab1b5b2b1b3ac23" language="English" custom="readingOrder {index:2;}">
                    <Coords points="1312,263 1353,263 1353,283 1312,283"/>
                    <TextEquiv>
                        <Unicode>ne</Unicode>
                    </TextEquiv>
                    <TextStyle fontFamily="Times New Roman" fontSize="7.0"/>
                </Word>
                <Word id="w_w2aab1b5b2b1b3ac29" language="English" custom="readingOrder {index:3;}">
                    <Coords points="1373,264 1457,264 1457,283 1373,283"/>
                    <TextEquiv>
                        <Unicode>nous</Unicode>
                    </TextEquiv>
                    <TextStyle fontFamily="Times New Roman" fontSize="7.0"/>
                </Word>
                <Word id="w_w2aab1b5b2b1b3ac39" language="English" custom="readingOrder {index:4;}">
                    <Coords points="1478,258 1529,258 1529,283 1478,283"/>
                    <TextEquiv>
                        <Unicode>est</Unicode>
                    </TextEquiv>
                    <TextStyle fontFamily="Times New Roman" fontSize="7.0"/>
                </Word>
                <Word id="w_w2aab1b5b2b1b3ac47" language="English" custom="readingOrder {index:5;}">
                    <Coords points="1549,264 1608,264 1608,290 1549,290"/>
                    <TextEquiv>
                        <Unicode>pas</Unicode>
                    </TextEquiv>
                    <TextStyle fontFamily="Times New Roman" fontSize="7.0"/>
                </Word>
                <Word id="w_w2aab1b5b2b1b3ac55" language="English" custom="readingOrder {index:6;}">
                    <Coords points="1628,256 1774,256 1774,291 1628,291"/>
                    <TextEquiv>
                        <Unicode>possible</Unicode>
                    </TextEquiv>
                    <TextStyle fontFamily="Times New Roman" fontSize="7.0"/>
                </Word>
                <Word id="w_w2aab1b5b2b1b3ac73" language="English" custom="readingOrder {index:7;}">
                    <Coords points="1788,257 1877,257 1877,284 1788,284"/>
                    <TextEquiv>
                        <Unicode>d’ac¬</Unicode>
                    </TextEquiv>
                    <TextStyle fontFamily="Times New Roman" fontSize="7.0"/>
                </Word>
                <TextEquiv>
                    <Unicode>Mischa. Il ne nous est pas possible d’ac¬</Unicode>
                </TextEquiv>
                <TextStyle fontFamily="Times New Roman" fontSize="7.0"/>
            </TextLine>
            <TextLine id="tl_65" primaryLanguage="English" custom="readingOrder {index:2;}">
                <Coords points="1104,291 1877,291 1877,325 1104,325"/>
                <Baseline points="1104,317 1231,318 1361,318 1623,324 1750,320 1877,320"/>
                <Word id="w_w2aab1b5b2b1b5ab1" language="English" custom="readingOrder {index:0;}">
                    <Coords points="1104,291 1231,291 1231,318 1104,318"/>
                    <TextEquiv>
                        <Unicode>cueillir</Unicode>
                    </TextEquiv>
                    <TextStyle fontFamily="Times New Roman" fontSize="7.0"/>
                </Word>
                <Word id="w_w2aab1b5b2b1b5ac19" language="English" custom="readingOrder {index:1;}">
                    <Coords points="1271,293 1361,293 1361,318 1271,318"/>
                    <TextEquiv>
                        <Unicode>cette</Unicode>
                    </TextEquiv>
                    <TextStyle fontFamily="Times New Roman" fontSize="7.0"/>
                </Word>
                <Word id="w_w2aab1b5b2b1b5ac31" language="English" custom="readingOrder {index:2;}">
                    <Coords points="1401,292 1623,292 1623,325 1401,325"/>
                    <TextEquiv>
                        <Unicode>proposition,</Unicode>
                    </TextEquiv>
                    <TextStyle fontFamily="Times New Roman" fontSize="7.0"/>
                </Word>
                <Word id="w_w2aab1b5b2b1b5ac57" language="English" custom="readingOrder {index:3;}">
                    <Coords points="1652,294 1750,294 1750,320 1652,320"/>
                    <TextEquiv>
                        <Unicode>notre</Unicode>
                    </TextEquiv>
                    <TextStyle fontFamily="Times New Roman" fontSize="7.0"/>
                </Word>
                <Word id="w_w2aab1b5b2b1b5ac69" language="English" custom="readingOrder {index:4;}">
                    <Coords points="1777,293 1877,293 1877,321 1777,321"/>
                    <TextEquiv>
                        <Unicode>cadre</Unicode>
                    </TextEquiv>
                    <TextStyle fontFamily="Times New Roman" fontSize="7.0"/>
                </Word>
                <TextEquiv>
                    <Unicode>cueillir cette proposition, notre cadre</Unicode>
                </TextEquiv>
                <TextStyle fontFamily="Times New Roman" fontSize="7.0"/>
            </TextLine>
            <TextLine id="tl_66" primaryLanguage="English" custom="readingOrder {index:3;}">
                <Coords points="1104,327 1565,327 1565,362 1104,362"/>
                <Baseline points="1104,354 1145,354 1280,354 1352,355 1530,356 1565,352"/>
                <Word id="w_w2aab1b5b2b1b7ab1" language="English" custom="readingOrder {index:0;}">
                    <Coords points="1104,327 1145,327 1145,354 1104,354"/>
                    <TextEquiv>
                        <Unicode>de</Unicode>
                    </TextEquiv>
                    <TextStyle fontFamily="Times New Roman" fontSize="7.0"/>
                </Word>
                <Word id="w_w2aab1b5b2b1b7ab7" language="English" custom="readingOrder {index:1;}">
                    <Coords points="1165,327 1280,327 1280,354 1165,354"/>
                    <TextEquiv>
                        <Unicode>ténors</Unicode>
                    </TextEquiv>
                    <TextStyle fontFamily="Times New Roman" fontSize="7.0"/>
                </Word>
                <Word id="w_w2aab1b5b2b1b7ac21" language="English" custom="readingOrder {index:2;}">
                    <Coords points="1301,329 1352,329 1352,355 1301,355"/>
                    <TextEquiv>
                        <Unicode>est</Unicode>
                    </TextEquiv>
                    <TextStyle fontFamily="Times New Roman" fontSize="7.0"/>
                </Word>
                <Word id="w_w2aab1b5b2b1b7ac29" language="English" custom="readingOrder {index:3;}">
                    <Coords points="1372,328 1530,328 1530,362 1372,362"/>
                    <TextEquiv>
                        <Unicode>complet.</Unicode>
                    </TextEquiv>
                    <TextStyle fontFamily="Times New Roman" fontSize="7.0"/>
                </Word>
                <Word id="w_w2aab1b5b2b1b7ac47" language="English" custom="readingOrder {index:4;}">
                    <Coords points="1555,339 1565,339 1565,352 1555,352"/>
                    <TextEquiv>
                        <Unicode>»</Unicode>
                    </TextEquiv>
                    <TextStyle fontFamily="Times New Roman" fontSize="7.0"/>
                </Word>
                <TextEquiv>
                    <Unicode>de ténors est complet. »</Unicode>
                </TextEquiv>
                <TextStyle fontFamily="Times New Roman" fontSize="7.0"/>
            </TextLine>
            <TextEquiv>
                <Unicode>« Vous voulez bien me proposer M.
Mischa. Il ne nous est pas possible d’ac¬
cueillir cette proposition, notre cadre
de ténors est complet. »</Unicode>
            </TextEquiv>
        </TextRegion>
        <TextRegion type="paragraph" id="r_3_2" custom="readingOrder {index:22;}">
            <Coords points="1015,394 1875,394 1875,438 1015,438"/>
            <TextLine id="tl_67" primaryLanguage="English" custom="readingOrder {index:0;}">
                <Coords points="1016,395 1874,395 1874,437 1016,437"/>
                <Baseline points="1016,425 1035,425 1154,426 1245,427 1738,435 1874,429"/>
                <Word id="w_w2aab1b5b2b3b1ab1" language="English" custom="readingOrder {index:0;}">
                    <Coords points="1016,395 1107,395 1107,426 1016,426"/>
                    <TextEquiv>
                        <Unicode>4265</Unicode>
                    </TextEquiv>
                    <TextStyle fontFamily="Times New Roman" fontSize="9.0"/>
                </Word>
                <Word id="w_w2aab1b5b2b3b1b1b1" language="English" custom="readingOrder {index:1;}">
                    <Coords points="1136,395 1188,395 1188,426 1136,426"/>
                    <TextEquiv>
                        <Unicode>bis</Unicode>
                    </TextEquiv>
                    <TextStyle fontFamily="Times New Roman" fontSize="8.5" italic="true"/>
                </Word>
                <Word id="w_w2aab1b5b2b3b1b3b1" language="English" custom="readingOrder {index:2;}">
                    <Coords points="1216,397 1532,397 1532,437 1216,437"/>
                    <TextEquiv>
                        <Unicode>CASSAGNAC</Unicode>
                    </TextEquiv>
                    <TextStyle fontFamily="Times New Roman" fontSize="8.0" bold="true"/>
                </Word>
                <Word id="w_w2aab1b5b2b3b1b4b1" language="English" custom="readingOrder {index:3;}">
                    <Coords points="1557,397 1738,397 1738,437 1557,437"/>
                    <TextEquiv>
                        <Unicode>(Granier,</Unicode>
                    </TextEquiv>
                    <TextStyle fontFamily="Times New Roman" fontSize="9.0"/>
                </Word>
                <Word id="w_w2aab1b5b2b3b1b4c21" language="English" custom="readingOrder {index:4;}">
                    <Coords points="1764,399 1874,399 1874,430 1764,430"/>
                    <TextEquiv>
                        <Unicode>Louis</Unicode>
                    </TextEquiv>
                    <TextStyle fontFamily="Times New Roman" fontSize="9.0"/>
                </Word>
                <TextEquiv>
                    <Unicode>4265 bis CASSAGNAC (Granier, Louis</Unicode>
                </TextEquiv>
            </TextLine>
            <TextEquiv>
                <Unicode>4265 bis CASSAGNAC (Granier, Louis</Unicode>
            </TextEquiv>
        </TextRegion>
        <TextRegion type="paragraph" id="r_3_3" custom="readingOrder {index:23;}">
            <Coords points="1063,443 1875,443 1875,723 1063,723"/>
            <TextLine id="tl_68" primaryLanguage="English" custom="readingOrder {index:0;}">
                <Coords points="1065,444 1874,444 1874,484 1065,484"/>
                <Baseline points="1065,473 1101,473 1229,474 1339,482 1593,476 1669,477 1874,477"/>
                <Word id="w_w2aab1b5b2b5b1ab1" language="English" custom="readingOrder {index:0;}">
                    <Coords points="1065,445 1101,445 1101,473 1065,473"/>
                    <TextEquiv>
                        <Unicode>et</Unicode>
                    </TextEquiv>
                    <TextStyle fontFamily="Times New Roman" fontSize="9.0"/>
                </Word>
                <Word id="w_w2aab1b5b2b5b1ab7" language="English" custom="readingOrder {index:1;}">
                    <Coords points="1139,444 1229,444 1229,475 1139,475"/>
                    <TextEquiv>
                        <Unicode>Paul</Unicode>
                    </TextEquiv>
                    <TextStyle fontFamily="Times New Roman" fontSize="9.0"/>
                </Word>
                <Word id="w_w2aab1b5b2b5b1ac17" language="English" custom="readingOrder {index:2;}">
                    <Coords points="1266,444 1339,444 1339,484 1266,484"/>
                    <TextEquiv>
                        <Unicode>de),</Unicode>
                    </TextEquiv>
                    <TextStyle fontFamily="Times New Roman" fontSize="9.0"/>
                </Word>
                <Word id="w_w2aab1b5b2b5b1ac27" language="English" custom="readingOrder {index:3;}">
                    <Coords points="1379,445 1593,445 1593,484 1379,484"/>
                    <TextEquiv>
                        <Unicode>publicistes</Unicode>
                    </TextEquiv>
                    <TextStyle fontFamily="Times New Roman" fontSize="9.0"/>
                </Word>
                <Word id="w_w2aab1b5b2b5b1ac51" language="English" custom="readingOrder {index:4;}">
                    <Coords points="1632,448 1669,448 1669,477 1632,477"/>
                    <TextEquiv>
                        <Unicode>et</Unicode>
                    </TextEquiv>
                    <TextStyle fontFamily="Times New Roman" fontSize="9.0"/>
                </Word>
                <Word id="w_w2aab1b5b2b5b1ac57" language="English" custom="readingOrder {index:5;}">
                    <Coords points="1708,447 1874,447 1874,477 1708,477"/>
                    <TextEquiv>
                        <Unicode>hommes</Unicode>
                    </TextEquiv>
                    <TextStyle fontFamily="Times New Roman" fontSize="9.0"/>
                </Word>
                <TextEquiv>
                    <Unicode>et Paul de), publicistes et hommes</Unicode>
                </TextEquiv>
                <TextStyle fontFamily="Times New Roman" fontSize="9.0"/>
            </TextLine>
            <TextLine id="tl_69" primaryLanguage="English" custom="readingOrder {index:1;}">
                <Coords points="1064,491 1873,491 1873,531 1064,531"/>
                <Baseline points="1064,530 1274,523 1378,514 1493,524 1665,524 1748,525 1815,526 1873,526"/>
                <Word id="w_w2aab1b5b2b5b3ab1" language="English" custom="readingOrder {index:0;}">
                    <Coords points="1064,491 1274,491 1274,531 1064,531"/>
                    <TextEquiv>
                        <Unicode>politiques.</Unicode>
                    </TextEquiv>
                    <TextStyle fontFamily="Times New Roman" fontSize="9.0"/>
                </Word>
                <Word id="w_w2aab1b5b2b5b3ac25" language="English" custom="readingOrder {index:1;}">
                    <Coords points="1329,510 1378,510 1378,514 1329,514"/>
                    <TextEquiv>
                        <Unicode>—</Unicode>
                    </TextEquiv>
                    <TextStyle fontFamily="Times New Roman" fontSize="9.0"/>
                </Word>
                <Word id="w_w2aab1b5b2b5b3ac29" language="English" custom="readingOrder {index:2;}">
                    <Coords points="1419,493 1493,493 1493,524 1419,524"/>
                    <TextEquiv>
                        <Unicode>Dix</Unicode>
                    </TextEquiv>
                    <TextStyle fontFamily="Times New Roman" fontSize="9.0"/>
                </Word>
                <Word id="w_w2aab1b5b2b5b3ac37" language="English" custom="readingOrder {index:3;}">
                    <Coords points="1539,494 1665,494 1665,524 1539,524"/>
                    <TextEquiv>
                        <Unicode>lettres</Unicode>
                    </TextEquiv>
                    <TextStyle fontFamily="Times New Roman" fontSize="9.0"/>
                </Word>
                <Word id="w_w2aab1b5b2b5b3ac53" language="English" custom="readingOrder {index:4;}">
                    <Coords points="1715,503 1748,503 1748,525 1715,525"/>
                    <TextEquiv>
                        <Unicode>a.</Unicode>
                    </TextEquiv>
                    <TextStyle fontFamily="Times New Roman" fontSize="9.0"/>
                </Word>
                <Word id="w_w2aab1b5b2b5b3ac59" language="English" custom="readingOrder {index:5;}">
                    <Coords points="1787,502 1815,502 1815,526 1787,526"/>
                    <TextEquiv>
                        <Unicode>s.</Unicode>
                    </TextEquiv>
                    <TextStyle fontFamily="Times New Roman" fontSize="9.0"/>
                </Word>
                <Word id="w_w2aab1b5b2b5b3ac65" language="English" custom="readingOrder {index:6;}">
                    <Coords points="1853,494 1873,494 1873,526 1853,526"/>
                    <TextEquiv>
                        <Unicode>à</Unicode>
                    </TextEquiv>
                    <TextStyle fontFamily="Times New Roman" fontSize="9.0"/>
                </Word>
                <TextEquiv>
                    <Unicode>politiques. — Dix lettres a. s. à</Unicode>
                </TextEquiv>
                <TextStyle fontFamily="Times New Roman" fontSize="9.0"/>
            </TextLine>
            <TextLine id="tl_70" primaryLanguage="English" custom="readingOrder {index:2;}">
                <Coords points="1064,539 1872,539 1872,581 1064,581"/>
                <Baseline points="1064,569 1152,570 1333,580 1399,571 1622,572 1725,573 1800,573 1872,574"/>
                <Word id="w_w2aab1b5b2b5b5ab1" language="English" custom="readingOrder {index:0;}">
                    <Coords points="1064,539 1152,539 1152,570 1064,570"/>
                    <TextEquiv>
                        <Unicode>MM.</Unicode>
                    </TextEquiv>
                    <TextStyle fontFamily="Times New Roman" fontSize="9.0"/>
                </Word>
                <Word id="w_w2aab1b5b2b5b5ab9" language="English" custom="readingOrder {index:1;}">
                    <Coords points="1184,540 1333,540 1333,580 1184,580"/>
                    <TextEquiv>
                        <Unicode>Dutacq</Unicode>
                    </TextEquiv>
                    <TextStyle fontFamily="Times New Roman" fontSize="9.0"/>
                </Word>
                <Word id="w_w2aab1b5b2b5b5ac23" language="English" custom="readingOrder {index:2;}">
                    <Coords points="1363,542 1399,542 1399,571 1363,571"/>
                    <TextEquiv>
                        <Unicode>et</Unicode>
                    </TextEquiv>
                    <TextStyle fontFamily="Times New Roman" fontSize="9.0"/>
                </Word>
                <Word id="w_w2aab1b5b2b5b5ac29" language="English" custom="readingOrder {index:3;}">
                    <Coords points="1427,541 1622,541 1622,572 1427,572"/>
                    <TextEquiv>
                        <Unicode>Azambre.</Unicode>
                    </TextEquiv>
                    <TextStyle fontFamily="Times New Roman" fontSize="9.0"/>
                </Word>
                <Word id="w_w2aab1b5b2b5b5ac47" language="English" custom="readingOrder {index:4;}">
                    <Coords points="1651,550 1725,550 1725,573 1651,573"/>
                    <TextEquiv>
                        <Unicode>ens.</Unicode>
                    </TextEquiv>
                    <TextStyle fontFamily="Times New Roman" fontSize="9.0"/>
                </Word>
                <Word id="w_w2aab1b5b2b5b5ac57" language="English" custom="readingOrder {index:5;}">
                    <Coords points="1759,542 1800,542 1800,573 1759,573"/>
                    <TextEquiv>
                        <Unicode>14</Unicode>
                    </TextEquiv>
                    <TextStyle fontFamily="Times New Roman" fontSize="9.0"/>
                </Word>
                <Word id="w_w2aab1b5b2b5b5ac63" language="English" custom="readingOrder {index:6;}">
                    <Coords points="1836,551 1872,551 1872,581 1836,581"/>
                    <TextEquiv>
                        <Unicode>p.</Unicode>
                    </TextEquiv>
                    <TextStyle fontFamily="Times New Roman" fontSize="9.0"/>
                </Word>
                <TextEquiv>
                    <Unicode>MM. Dutacq et Azambre. ens. 14 p.</Unicode>
                </TextEquiv>
                <TextStyle fontFamily="Times New Roman" fontSize="9.0"/>
            </TextLine>
            <TextLine id="tl_71" primaryLanguage="English" custom="readingOrder {index:3;}">
                <Coords points="1065,586 1874,586 1874,624 1065,624"/>
                <Baseline points="1065,617 1153,624 1222,618 1354,618 1419,619 1504,619 1662,620 1732,621 1798,621 1874,621"/>
                <Word id="w_w2aab1b5b2b5b7ab1" language="English" custom="readingOrder {index:0;}">
                    <Coords points="1065,586 1153,586 1153,624 1065,624"/>
                    <TextEquiv>
                        <Unicode>in-8,</Unicode>
                    </TextEquiv>
                    <TextStyle fontFamily="Times New Roman" fontSize="9.0"/>
                </Word>
                <Word id="w_w2aab1b5b2b5b7ac13" language="English" custom="readingOrder {index:1;}">
                    <Coords points="1186,589 1222,589 1222,618 1186,618"/>
                    <TextEquiv>
                        <Unicode>et</Unicode>
                    </TextEquiv>
                    <TextStyle fontFamily="Times New Roman" fontSize="9.0"/>
                </Word>
                <Word id="w_w2aab1b5b2b5b7ac19" language="English" custom="readingOrder {index:2;}">
                    <Coords points="1256,588 1354,588 1354,618 1256,618"/>
                    <TextEquiv>
                        <Unicode>in-16</Unicode>
                    </TextEquiv>
                    <TextStyle fontFamily="Times New Roman" fontSize="9.0"/>
                </Word>
                <Word id="w_w2aab1b5b2b5b7ac31" language="English" custom="readingOrder {index:3;}">
                    <Coords points="1383,590 1419,590 1419,619 1383,619"/>
                    <TextEquiv>
                        <Unicode>et</Unicode>
                    </TextEquiv>
                    <TextStyle fontFamily="Times New Roman" fontSize="9.0"/>
                </Word>
                <Word id="w_w2aab1b5b2b5b7ac37" language="English" custom="readingOrder {index:4;}">
                    <Coords points="1454,598 1504,598 1504,619 1454,619"/>
                    <TextEquiv>
                        <Unicode>un</Unicode>
                    </TextEquiv>
                    <TextStyle fontFamily="Times New Roman" fontSize="9.0"/>
                </Word>
                <Word id="w_w2aab1b5b2b5b7ac43" language="English" custom="readingOrder {index:5;}">
                    <Coords points="1535,589 1662,589 1662,621 1535,621"/>
                    <TextEquiv>
                        <Unicode>article</Unicode>
                    </TextEquiv>
                    <TextStyle fontFamily="Times New Roman" fontSize="9.0"/>
                </Word>
                <Word id="w_w2aab1b5b2b5b7ac59" language="English" custom="readingOrder {index:6;}">
                    <Coords points="1700,600 1732,600 1732,621 1700,621"/>
                    <TextEquiv>
                        <Unicode>a.</Unicode>
                    </TextEquiv>
                    <TextStyle fontFamily="Times New Roman" fontSize="9.0"/>
                </Word>
                <Word id="w_w2aab1b5b2b5b7ac65" language="English" custom="readingOrder {index:7;}">
                    <Coords points="1770,598 1798,598 1798,621 1770,621"/>
                    <TextEquiv>
                        <Unicode>s.</Unicode>
                    </TextEquiv>
                    <TextStyle fontFamily="Times New Roman" fontSize="9.0"/>
                </Word>
                <Word id="w_w2aab1b5b2b5b7ac71" language="English" custom="readingOrder {index:8;}">
                    <Coords points="1828,591 1874,591 1874,621 1828,621"/>
                    <TextEquiv>
                        <Unicode>de</Unicode>
                    </TextEquiv>
                    <TextStyle fontFamily="Times New Roman" fontSize="9.0"/>
                </Word>
                <TextEquiv>
                    <Unicode>in-8, et in-16 et un article a. s. de</Unicode>
                </TextEquiv>
                <TextStyle fontFamily="Times New Roman" fontSize="9.0"/>
            </TextLine>
            <TextLine id="tl_72" primaryLanguage="English" custom="readingOrder {index:4;}">
                <Coords points="1067,635 1872,635 1872,677 1067,677"/>
                <Baseline points="1067,666 1219,666 1292,666 1530,674 1627,667 1702,668 1872,676"/>
                <Word id="w_w2aab1b5b2b5b9ab1" language="English" custom="readingOrder {index:0;}">
                    <Coords points="1067,635 1219,635 1219,666 1067,666"/>
                    <TextEquiv>
                        <Unicode>Granier</Unicode>
                    </TextEquiv>
                    <TextStyle fontFamily="Times New Roman" fontSize="9.0"/>
                </Word>
                <Word id="w_w2aab1b5b2b5b9ac17" language="English" custom="readingOrder {index:1;}">
                    <Coords points="1245,636 1292,636 1292,666 1245,666"/>
                    <TextEquiv>
                        <Unicode>de</Unicode>
                    </TextEquiv>
                    <TextStyle fontFamily="Times New Roman" fontSize="9.0"/>
                </Word>
                <Word id="w_w2aab1b5b2b5b9ac23" language="English" custom="readingOrder {index:2;}">
                    <Coords points="1313,637 1530,637 1530,676 1313,676"/>
                    <TextEquiv>
                        <Unicode>Cassagnac,</Unicode>
                    </TextEquiv>
                    <TextStyle fontFamily="Times New Roman" fontSize="9.0"/>
                </Word>
                <Word id="w_w2aab1b5b2b5b9ac45" language="English" custom="readingOrder {index:3;}">
                    <Coords points="1565,645 1627,645 1627,668 1565,668"/>
                    <TextEquiv>
                        <Unicode>sur</Unicode>
                    </TextEquiv>
                    <TextStyle fontFamily="Times New Roman" fontSize="9.0"/>
                </Word>
                <Word id="w_w2aab1b5b2b5b9ac53" language="English" custom="readingOrder {index:4;}">
                    <Coords points="1655,638 1702,638 1702,668 1655,668"/>
                    <TextEquiv>
                        <Unicode>M.</Unicode>
                    </TextEquiv>
                    <TextStyle fontFamily="Times New Roman" fontSize="9.0"/>
                </Word>
                <Word id="w_w2aab1b5b2b5b9ac59" language="English" custom="readingOrder {index:5;}">
                    <Coords points="1734,638 1872,638 1872,677 1734,677"/>
                    <TextEquiv>
                        <Unicode>Dupin,</Unicode>
                    </TextEquiv>
                    <TextStyle fontFamily="Times New Roman" fontSize="9.0"/>
                </Word>
                <TextEquiv>
                    <Unicode>Granier de Cassagnac, sur M. Dupin,</Unicode>
                </TextEquiv>
                <TextStyle fontFamily="Times New Roman" fontSize="9.0"/>
            </TextLine>
            <TextLine id="tl_73" primaryLanguage="English" custom="readingOrder {index:5;}">
                <Coords points="1067,683 1872,683 1872,722 1067,722"/>
                <Baseline points="1067,713 1109,714 1164,714 1300,715 1800,717 1872,717"/>
                <Word id="w_w2aab1b5b2b5c11ab1" language="English" custom="readingOrder {index:0;}">
                    <Coords points="1067,683 1109,683 1109,714 1067,714"/>
                    <TextEquiv>
                        <Unicode>14</Unicode>
                    </TextEquiv>
                    <TextStyle fontFamily="Times New Roman" fontSize="9.0"/>
                </Word>
                <Word id="w_w2aab1b5b2b5c11ab7" language="English" custom="readingOrder {index:1;}">
                    <Coords points="1129,692 1164,692 1164,722 1129,722"/>
                    <TextEquiv>
                        <Unicode>p.</Unicode>
                    </TextEquiv>
                    <TextStyle fontFamily="Times New Roman" fontSize="9.0"/>
                </Word>
                <Word id="w_w2aab1b5b2b5c11ac13" language="English" custom="readingOrder {index:2;}">
                    <Coords points="1186,684 1300,684 1300,715 1186,715"/>
                    <TextEquiv>
                        <Unicode>in-12.</Unicode>
                    </TextEquiv>
                    <TextStyle fontFamily="Times New Roman" fontSize="9.0"/>
                </Word>
                <Word id="w_w2aab1b5b2b5c11ac27" language="English" custom="readingOrder {index:3;}">
                    <Coords points="1757,685 1800,685 1800,717 1757,717"/>
                    <TextEquiv>
                        <Unicode>25</Unicode>
                    </TextEquiv>
                    <TextStyle fontFamily="Times New Roman" fontSize="9.0"/>
                </Word>
                <Word id="w_w2aab1b5b2b5c11ac33" language="English" custom="readingOrder {index:4;}">
                    <Coords points="1827,685 1872,685 1872,717 1827,717"/>
                    <TextEquiv>
                        <Unicode>fr.</Unicode>
                    </TextEquiv>
                    <TextStyle fontFamily="Times New Roman" fontSize="9.0"/>
                </Word>
                <TextEquiv>
                    <Unicode>14 p. in-12. 25 fr.</Unicode>
                </TextEquiv>
                <TextStyle fontFamily="Times New Roman" fontSize="9.0"/>
            </TextLine>
            <TextEquiv>
                <Unicode>et Paul de), publicistes et hommes
politiques. — Dix lettres a. s. à
MM. Dutacq et Azambre. ens. 14 p.
in-8, et in-16 et un article a. s. de
Granier de Cassagnac, sur M. Dupin,
14 p. in-12. 25 fr.</Unicode>
            </TextEquiv>
        </TextRegion>
        <TextRegion type="paragraph" id="r_3_4" custom="readingOrder {index:24;}">
            <Coords points="1015,759 1874,759 1874,802 1015,802"/>
            <TextLine id="tl_74" primaryLanguage="English" custom="readingOrder {index:0;}">
                <Coords points="1016,760 1873,760 1873,801 1016,801"/>
                <Baseline points="1016,790 1035,790 1164,791 1592,798 1797,793 1873,794"/>
                <Word id="w_w2aab1b5b2b7b1ab1" language="English" custom="readingOrder {index:0;}">
                    <Coords points="1016,760 1105,760 1105,791 1016,791"/>
                    <TextEquiv>
                        <Unicode>4266</Unicode>
                    </TextEquiv>
                    <TextStyle fontFamily="Times New Roman" fontSize="9.0"/>
                </Word>
                <Word id="w_w2aab1b5b2b7b1b1b1" language="English" custom="readingOrder {index:1;}">
                    <Coords points="1135,762 1394,762 1394,801 1135,801"/>
                    <TextEquiv>
                        <Unicode>CAUCHON</Unicode>
                    </TextEquiv>
                    <TextStyle fontFamily="Times New Roman" fontSize="8.0" bold="true"/>
                </Word>
                <Word id="w_w2aab1b5b2b7b1b2b1" language="English" custom="readingOrder {index:2;}">
                    <Coords points="1426,762 1592,762 1592,801 1426,801"/>
                    <TextEquiv>
                        <Unicode>(Pierre),</Unicode>
                    </TextEquiv>
                    <TextStyle fontFamily="Times New Roman" fontSize="9.0"/>
                </Word>
                <Word id="w_w2aab1b5b2b7b1b2c21" language="English" custom="readingOrder {index:3;}">
                    <Coords points="1625,763 1797,763 1797,795 1625,795"/>
                    <TextEquiv>
                        <Unicode>auditeur</Unicode>
                    </TextEquiv>
                    <TextStyle fontFamily="Times New Roman" fontSize="9.0"/>
                </Word>
                <Word id="w_w2aab1b5b2b7b1b2c39" language="English" custom="readingOrder {index:4;}">
                    <Coords points="1828,763 1873,763 1873,794 1828,794"/>
                    <TextEquiv>
                        <Unicode>de</Unicode>
                    </TextEquiv>
                    <TextStyle fontFamily="Times New Roman" fontSize="9.0"/>
                </Word>
                <TextEquiv>
                    <Unicode>4266 CAUCHON (Pierre), auditeur de</Unicode>
                </TextEquiv>
            </TextLine>
            <TextEquiv>
                <Unicode>4266 CAUCHON (Pierre), auditeur de</Unicode>
            </TextEquiv>
        </TextRegion>
        <TextRegion type="paragraph" id="r_3_5" custom="readingOrder {index:25;}">
            <Coords points="1062,807 1875,807 1875,850 1062,850"/>
            <TextLine id="tl_75" primaryLanguage="English" custom="readingOrder {index:0;}">
                <Coords points="1063,808 1874,808 1874,849 1063,849"/>
                <Baseline points="1063,838 1096,839 1298,840 1388,840 1583,841 1656,841 1798,842 1874,833"/>
                <Word id="w_w2aab1b5b2b9b1ab1" language="English" custom="readingOrder {index:0;}">
                    <Coords points="1063,808 1096,808 1096,839 1063,839"/>
                    <TextEquiv>
                        <Unicode>la</Unicode>
                    </TextEquiv>
                    <TextStyle fontFamily="Times New Roman" fontSize="9.0"/>
                </Word>
                <Word id="w_w2aab1b5b2b9b1ab7" language="English" custom="readingOrder {index:1;}">
                    <Coords points="1125,809 1298,809 1298,840 1125,840"/>
                    <TextEquiv>
                        <Unicode>chambre</Unicode>
                    </TextEquiv>
                    <TextStyle fontFamily="Times New Roman" fontSize="9.0"/>
                </Word>
                <Word id="w_w2aab1b5b2b9b1ac23" language="English" custom="readingOrder {index:2;}">
                    <Coords points="1326,810 1388,810 1388,840 1326,840"/>
                    <TextEquiv>
                        <Unicode>des</Unicode>
                    </TextEquiv>
                    <TextStyle fontFamily="Times New Roman" fontSize="9.0"/>
                </Word>
                <Word id="w_w2aab1b5b2b9b1ac31" language="English" custom="readingOrder {index:3;}">
                    <Coords points="1418,812 1583,812 1583,849 1418,849"/>
                    <TextEquiv>
                        <Unicode>comptes</Unicode>
                    </TextEquiv>
                    <TextStyle fontFamily="Times New Roman" fontSize="9.0"/>
                </Word>
                <Word id="w_w2aab1b5b2b9b1ac47" language="English" custom="readingOrder {index:4;}">
                    <Coords points="1612,810 1656,810 1656,841 1612,841"/>
                    <TextEquiv>
                        <Unicode>de</Unicode>
                    </TextEquiv>
                    <TextStyle fontFamily="Times New Roman" fontSize="9.0"/>
                </Word>
                <Word id="w_w2aab1b5b2b9b1ac53" language="English" custom="readingOrder {index:5;}">
                    <Coords points="1686,810 1798,810 1798,842 1686,842"/>
                    <TextEquiv>
                        <Unicode>Paris.</Unicode>
                    </TextEquiv>
                    <TextStyle fontFamily="Times New Roman" fontSize="9.0"/>
                </Word>
                <Word id="w_w2aab1b5b2b9b1ac67" language="English" custom="readingOrder {index:6;}">
                    <Coords points="1825,828 1874,828 1874,833 1825,833"/>
                    <TextEquiv>
                        <Unicode>—</Unicode>
                    </TextEquiv>
                    <TextStyle fontFamily="Times New Roman" fontSize="9.0"/>
                </Word>
                <TextEquiv>
                    <Unicode>la chambre des comptes de Paris. —</Unicode>
                </TextEquiv>
                <TextStyle fontFamily="Times New Roman" fontSize="9.0"/>
            </TextLine>
            <TextEquiv>
                <Unicode>la chambre des comptes de Paris. —</Unicode>
            </TextEquiv>
        </TextRegion>
        <TextRegion type="paragraph" id="r_3_6" custom="readingOrder {index:26;}">
            <Coords points="1060,856 1873,856 1873,944 1060,944"/>
            <TextLine id="tl_76" primaryLanguage="English" custom="readingOrder {index:0;}">
                <Coords points="1064,857 1872,857 1872,898 1064,898"/>
                <Baseline points="1064,886 1167,887 1223,888 1368,895 1500,895 1601,889 1664,889 1770,889 1872,891"/>
                <Word id="w_w2aab1b5b2c11b1ab1" language="English" custom="readingOrder {index:0;}">
                    <Coords points="1064,857 1167,857 1167,887 1064,887"/>
                    <TextEquiv>
                        <Unicode>Pièce</Unicode>
                    </TextEquiv>
                    <TextStyle fontFamily="Times New Roman" fontSize="9.0"/>
                </Word>
                <Word id="w_w2aab1b5b2c11b1ac13" language="English" custom="readingOrder {index:1;}">
                    <Coords points="1195,866 1223,866 1223,888 1195,888"/>
                    <TextEquiv>
                        <Unicode>s.</Unicode>
                    </TextEquiv>
                    <TextStyle fontFamily="Times New Roman" fontSize="9.0"/>
                </Word>
                <Word id="w_w2aab1b5b2c11b1ac19" language="English" custom="readingOrder {index:2;}">
                    <Coords points="1254,857 1368,857 1368,895 1254,895"/>
                    <TextEquiv>
                        <Unicode>Paris,</Unicode>
                    </TextEquiv>
                    <TextStyle fontFamily="Times New Roman" fontSize="9.0"/>
                </Word>
                <Word id="w_w2aab1b5b2c11b1ac33" language="English" custom="readingOrder {index:3;}">
                    <Coords points="1399,858 1500,858 1500,895 1399,895"/>
                    <TextEquiv>
                        <Unicode>1603,</Unicode>
                    </TextEquiv>
                    <TextStyle fontFamily="Times New Roman" fontSize="9.0"/>
                </Word>
                <Word id="w_w2aab1b5b2c11b1ac45" language="English" custom="readingOrder {index:4;}">
                    <Coords points="1530,866 1601,866 1601,889 1530,889"/>
                    <TextEquiv>
                        <Unicode>une</Unicode>
                    </TextEquiv>
                    <TextStyle fontFamily="Times New Roman" fontSize="9.0"/>
                </Word>
                <Word id="w_w2aab1b5b2c11b1ac53" language="English" custom="readingOrder {index:5;}">
                    <Coords points="1629,867 1664,867 1664,898 1629,898"/>
                    <TextEquiv>
                        <Unicode>p.</Unicode>
                    </TextEquiv>
                    <TextStyle fontFamily="Times New Roman" fontSize="9.0"/>
                </Word>
                <Word id="w_w2aab1b5b2c11b1ac59" language="English" custom="readingOrder {index:6;}">
                    <Coords points="1695,858 1770,858 1770,889 1695,889"/>
                    <TextEquiv>
                        <Unicode>in-8</Unicode>
                    </TextEquiv>
                    <TextStyle fontFamily="Times New Roman" fontSize="9.0"/>
                </Word>
                <Word id="w_w2aab1b5b2c11b1ac69" language="English" custom="readingOrder {index:7;}">
                    <Coords points="1799,859 1872,859 1872,891 1799,891"/>
                    <TextEquiv>
                        <Unicode>obi.</Unicode>
                    </TextEquiv>
                    <TextStyle fontFamily="Times New Roman" fontSize="9.0"/>
                </Word>
                <TextEquiv>
                    <Unicode>Pièce s. Paris, 1603, une p. in-8 obl.</Unicode>
                </TextEquiv>
                <TextStyle fontFamily="Times New Roman" fontSize="9.0"/>
            </TextLine>
            <TextLine id="tl_77" primaryLanguage="English" custom="readingOrder {index:1;}">
                <Coords points="1061,904 1871,904 1871,943 1061,943"/>
                <Baseline points="1061,943 1287,936 1799,938 1871,938"/>
                <Word id="w_w2aab1b5b2c11b3ab1" language="English" custom="readingOrder {index:0;}">
                    <Coords points="1061,904 1287,904 1287,943 1061,943"/>
                    <TextEquiv>
                        <Unicode>parchemin.</Unicode>
                    </TextEquiv>
                    <TextStyle fontFamily="Times New Roman" fontSize="9.0"/>
                </Word>
                <Word id="w_w2aab1b5b2c11b3ac23" language="English" custom="readingOrder {index:1;}">
                    <Coords points="1755,906 1799,906 1799,938 1755,938"/>
                    <TextEquiv>
                        <Unicode>20</Unicode>
                    </TextEquiv>
                    <TextStyle fontFamily="Times New Roman" fontSize="9.0"/>
                </Word>
                <Word id="w_w2aab1b5b2c11b3ac29" language="English" custom="readingOrder {index:2;}">
                    <Coords points="1825,906 1871,906 1871,938 1825,938"/>
                    <TextEquiv>
                        <Unicode>fr.</Unicode>
                    </TextEquiv>
                    <TextStyle fontFamily="Times New Roman" fontSize="9.0"/>
                </Word>
                <TextEquiv>
                    <Unicode>parchemin. 20 fr.</Unicode>
                </TextEquiv>
                <TextStyle fontFamily="Times New Roman" fontSize="9.0"/>
            </TextLine>
            <TextEquiv>
                <Unicode>Pièce s. Paris, 1603, une p. in-8 obl.
parchemin. 20 fr.</Unicode>
            </TextEquiv>
        </TextRegion>
        <TextRegion type="paragraph" id="r_3_7" custom="readingOrder {index:27;}">
            <Coords points="1099,967 1874,967 1874,1037 1099,1037"/>
            <TextLine id="tl_78" primaryLanguage="English" custom="readingOrder {index:0;}">
                <Coords points="1145,968 1873,968 1873,1001 1145,1001"/>
                <Baseline points="1145,1001 1327,995 1477,995 1539,995 1638,995 1873,996"/>
                <Word id="w_w2aab1b5b2c13b1ab1" language="English" custom="readingOrder {index:0;}">
                    <Coords points="1145,968 1327,968 1327,1001 1145,1001"/>
                    <TextEquiv>
                        <Unicode>Quittance</Unicode>
                    </TextEquiv>
                    <TextStyle fontFamily="Times New Roman" fontSize="7.0"/>
                </Word>
                <Word id="w_w2aab1b5b2c13b1ac21" language="English" custom="readingOrder {index:1;}">
                    <Coords points="1346,968 1477,968 1477,996 1346,996"/>
                    <TextEquiv>
                        <Unicode>donnée</Unicode>
                    </TextEquiv>
                    <TextStyle fontFamily="Times New Roman" fontSize="7.0"/>
                </Word>
                <Word id="w_w2aab1b5b2c13b1ac35" language="English" custom="readingOrder {index:2;}">
                    <Coords points="1496,977 1539,977 1539,996 1496,996"/>
                    <TextEquiv>
                        <Unicode>au</Unicode>
                    </TextEquiv>
                    <TextStyle fontFamily="Times New Roman" fontSize="7.0"/>
                </Word>
                <Word id="w_w2aab1b5b2c13b1ac41" language="English" custom="readingOrder {index:3;}">
                    <Coords points="1559,975 1638,975 1638,995 1559,995"/>
                    <TextEquiv>
                        <Unicode>nom</Unicode>
                    </TextEquiv>
                    <TextStyle fontFamily="Times New Roman" fontSize="7.0"/>
                </Word>
                <Word id="w_w2aab1b5b2c13b1ac49" language="English" custom="readingOrder {index:4;}">
                    <Coords points="1658,968 1873,968 1873,996 1658,996"/>
                    <TextEquiv>
                        <Unicode>d’Elizabeth</Unicode>
                    </TextEquiv>
                    <TextStyle fontFamily="Times New Roman" fontSize="7.0"/>
                </Word>
                <TextEquiv>
                    <Unicode>Quittance donnée au nom d’Elizabeth</Unicode>
                </TextEquiv>
                <TextStyle fontFamily="Times New Roman" fontSize="7.0"/>
            </TextLine>
            <TextLine id="tl_79" primaryLanguage="English" custom="readingOrder {index:1;}">
                <Coords points="1100,1004 1737,1004 1737,1036 1100,1036"/>
                <Baseline points="1100,1031 1220,1036 1315,1031 1383,1032 1583,1032 1737,1032"/>
                <Word id="w_w2aab1b5b2c13b3ab1" language="English" custom="readingOrder {index:0;}">
                    <Coords points="1100,1004 1220,1004 1220,1036 1100,1036"/>
                    <TextEquiv>
                        <Unicode>Morin,</Unicode>
                    </TextEquiv>
                    <TextStyle fontFamily="Times New Roman" fontSize="7.0"/>
                </Word>
                <Word id="w_w2aab1b5b2c13b3ac15" language="English" custom="readingOrder {index:1;}">
                    <Coords points="1249,1005 1315,1005 1315,1031 1249,1031"/>
                    <TextEquiv>
                        <Unicode>fille</Unicode>
                    </TextEquiv>
                    <TextStyle fontFamily="Times New Roman" fontSize="7.0"/>
                </Word>
                <Word id="w_w2aab1b5b2c13b3ac27" language="English" custom="readingOrder {index:2;}">
                    <Coords points="1341,1006 1383,1006 1383,1032 1341,1032"/>
                    <TextEquiv>
                        <Unicode>de</Unicode>
                    </TextEquiv>
                    <TextStyle fontFamily="Times New Roman" fontSize="7.0"/>
                </Word>
                <Word id="w_w2aab1b5b2c13b3ac33" language="English" custom="readingOrder {index:3;}">
                    <Coords points="1410,1005 1583,1005 1583,1032 1410,1032"/>
                    <TextEquiv>
                        <Unicode>Mathurin</Unicode>
                    </TextEquiv>
                    <TextStyle fontFamily="Times New Roman" fontSize="7.0"/>
                </Word>
                <Word id="w_w2aab1b5b2c13b3ac51" language="English" custom="readingOrder {index:4;}">
                    <Coords points="1610,1005 1737,1005 1737,1032 1610,1032"/>
                    <TextEquiv>
                        <Unicode>Monin.</Unicode>
                    </TextEquiv>
                    <TextStyle fontFamily="Times New Roman" fontSize="7.0"/>
                </Word>
                <TextEquiv>
                    <Unicode>Morin, fille de Mathurin Monin.</Unicode>
                </TextEquiv>
                <TextStyle fontFamily="Times New Roman" fontSize="7.0"/>
            </TextLine>
            <TextEquiv>
                <Unicode>Quittance donnée au nom d’Elizabeth
Morin, fille de Mathurin Monin.</Unicode>
            </TextEquiv>
        </TextRegion>
        <TextRegion type="paragraph" id="r_3_8" custom="readingOrder {index:28;}">
            <Coords points="1011,1074 1871,1074 1871,1119 1011,1119"/>
            <TextLine id="tl_80" primaryLanguage="English" custom="readingOrder {index:0;}">
                <Coords points="1012,1075 1870,1075 1870,1118 1012,1118"/>
                <Baseline points="1012,1110 1030,1110 1452,1111 1559,1111 1870,1118"/>
                <Word id="w_w2aab1b5b2c15b1ab1" language="English" custom="readingOrder {index:0;}">
                    <Coords points="1012,1079 1103,1079 1103,1111 1012,1111"/>
                    <TextEquiv>
                        <Unicode>4267</Unicode>
                    </TextEquiv>
                    <TextStyle fontFamily="Times New Roman" fontSize="9.0"/>
                </Word>
                <Word id="w_w2aab1b5b2c15b1b1b1" language="English" custom="readingOrder {index:1;}">
                    <Coords points="1132,1081 1452,1081 1452,1111 1132,1111"/>
                    <TextEquiv>
                        <Unicode>CERTIFICAT</Unicode>
                    </TextEquiv>
                    <TextStyle fontFamily="Times New Roman" fontSize="8.0" bold="true"/>
                </Word>
                <Word id="w_w2aab1b5b2c15b1b1c23" language="English" custom="readingOrder {index:2;}">
                    <Coords points="1491,1082 1559,1082 1559,1111 1491,1111"/>
                    <TextEquiv>
                        <Unicode>DE</Unicode>
                    </TextEquiv>
                    <TextStyle fontFamily="Times New Roman" fontSize="8.0" bold="true"/>
                </Word>
                <Word id="w_w2aab1b5b2c15b1b1c29" language="English" custom="readingOrder {index:3;}">
                    <Coords points="1598,1075 1870,1075 1870,1118 1598,1118"/>
                    <TextEquiv>
                        <Unicode>RÉFORME,</Unicode>
                    </TextEquiv>
                    <TextStyle fontFamily="Times New Roman" fontSize="8.0" bold="true"/>
                </Word>
                <TextEquiv>
                    <Unicode>4267 CERTIFICAT DE RÉFORME,</Unicode>
                </TextEquiv>
            </TextLine>
            <TextEquiv>
                <Unicode>4267 CERTIFICAT DE RÉFORME,</Unicode>
            </TextEquiv>
        </TextRegion>
        <TextRegion type="paragraph" id="r_3_9" custom="readingOrder {index:29;}">
            <Coords points="1056,1126 1873,1126 1873,1313 1056,1313"/>
            <TextLine id="tl_81" primaryLanguage="English" custom="readingOrder {index:0;}">
                <Coords points="1059,1127 1872,1127 1872,1168 1059,1168"/>
                <Baseline points="1059,1158 1197,1159 1285,1159 1355,1159 1549,1166 1692,1160 1750,1160 1872,1151"/>
                <Word id="w_w2aab1b5b2c17b1ab1" language="English" custom="readingOrder {index:0;}">
                    <Coords points="1059,1127 1197,1127 1197,1159 1059,1159"/>
                    <TextEquiv>
                        <Unicode>délivré</Unicode>
                    </TextEquiv>
                    <TextStyle fontFamily="Times New Roman" fontSize="9.0"/>
                </Word>
                <Word id="w_w2aab1b5b2c17b1ac17" language="English" custom="readingOrder {index:1;}">
                    <Coords points="1218,1137 1285,1137 1285,1167 1218,1167"/>
                    <TextEquiv>
                        <Unicode>par</Unicode>
                    </TextEquiv>
                    <TextStyle fontFamily="Times New Roman" fontSize="9.0"/>
                </Word>
                <Word id="w_w2aab1b5b2c17b1ac25" language="English" custom="readingOrder {index:2;}">
                    <Coords points="1306,1129 1355,1129 1355,1159 1306,1159"/>
                    <TextEquiv>
                        <Unicode>les</Unicode>
                    </TextEquiv>
                    <TextStyle fontFamily="Times New Roman" fontSize="9.0"/>
                </Word>
                <Word id="w_w2aab1b5b2c17b1ac33" language="English" custom="readingOrder {index:3;}">
                    <Coords points="1379,1129 1549,1129 1549,1166 1379,1166"/>
                    <TextEquiv>
                        <Unicode>colonels,</Unicode>
                    </TextEquiv>
                    <TextStyle fontFamily="Times New Roman" fontSize="9.0"/>
                </Word>
                <Word id="w_w2aab1b5b2c17b1ac53" language="English" custom="readingOrder {index:4;}">
                    <Coords points="1572,1129 1692,1129 1692,1168 1572,1168"/>
                    <TextEquiv>
                        <Unicode>major</Unicode>
                    </TextEquiv>
                    <TextStyle fontFamily="Times New Roman" fontSize="9.0"/>
                </Word>
                <Word id="w_w2aab1b5b2c17b1ac65" language="English" custom="readingOrder {index:5;}">
                    <Coords points="1714,1130 1750,1130 1750,1160 1714,1160"/>
                    <TextEquiv>
                        <Unicode>et</Unicode>
                    </TextEquiv>
                    <TextStyle fontFamily="Times New Roman" fontSize="9.0"/>
                </Word>
                <Word id="w_w2aab1b5b2c17b1ac71" language="English" custom="readingOrder {index:6;}">
                    <Coords points="1773,1129 1872,1129 1872,1168 1773,1168"/>
                    <TextEquiv>
                        <Unicode>capi¬</Unicode>
                    </TextEquiv>
                    <TextStyle fontFamily="Times New Roman" fontSize="9.0"/>
                </Word>
                <TextEquiv>
                    <Unicode>délivré par les colonels, major et capi¬</Unicode>
                </TextEquiv>
                <TextStyle fontFamily="Times New Roman" fontSize="9.0"/>
            </TextLine>
            <TextLine id="tl_82" primaryLanguage="English" custom="readingOrder {index:1;}">
                <Coords points="1058,1176 1871,1176 1871,1216 1058,1216"/>
                <Baseline points="1058,1206 1176,1207 1262,1207 1478,1208 1749,1207 1871,1200"/>
                <Word id="w_w2aab1b5b2c17b3ab1" language="English" custom="readingOrder {index:0;}">
                    <Coords points="1058,1176 1176,1176 1176,1207 1058,1207"/>
                    <TextEquiv>
                        <Unicode>taines</Unicode>
                    </TextEquiv>
                    <TextStyle fontFamily="Times New Roman" fontSize="9.0"/>
                </Word>
                <Word id="w_w2aab1b5b2c17b3ac15" language="English" custom="readingOrder {index:1;}">
                    <Coords points="1213,1177 1262,1177 1262,1207 1213,1207"/>
                    <TextEquiv>
                        <Unicode>du</Unicode>
                    </TextEquiv>
                    <TextStyle fontFamily="Times New Roman" fontSize="9.0"/>
                </Word>
                <Word id="w_w2aab1b5b2c17b3ac21" language="English" custom="readingOrder {index:2;}">
                    <Coords points="1299,1176 1478,1176 1478,1216 1299,1216"/>
                    <TextEquiv>
                        <Unicode>régiment</Unicode>
                    </TextEquiv>
                    <TextStyle fontFamily="Times New Roman" fontSize="9.0"/>
                </Word>
                <Word id="w_w2aab1b5b2c17b3ac39" language="English" custom="readingOrder {index:3;}">
                    <Coords points="1515,1176 1749,1176 1749,1208 1515,1208"/>
                    <TextEquiv>
                        <Unicode>d’infanterie</Unicode>
                    </TextEquiv>
                    <TextStyle fontFamily="Times New Roman" fontSize="9.0"/>
                </Word>
                <Word id="w_w2aab1b5b2c17b3ac65" language="English" custom="readingOrder {index:4;}">
                    <Coords points="1785,1177 1871,1177 1871,1208 1785,1208"/>
                    <TextEquiv>
                        <Unicode>alle¬</Unicode>
                    </TextEquiv>
                    <TextStyle fontFamily="Times New Roman" fontSize="9.0"/>
                </Word>
                <TextEquiv>
                    <Unicode>taines du régiment d’infanterie alle¬</Unicode>
                </TextEquiv>
                <TextStyle fontFamily="Times New Roman" fontSize="9.0"/>
            </TextLine>
            <TextLine id="tl_83" primaryLanguage="English" custom="readingOrder {index:2;}">
                <Coords points="1058,1224 1870,1224 1870,1262 1058,1262"/>
                <Baseline points="1058,1254 1192,1255 1267,1255 1349,1256 1518,1256 1734,1262 1870,1262"/>
                <Word id="w_w2aab1b5b2c17b5ab1" language="English" custom="readingOrder {index:0;}">
                    <Coords points="1058,1224 1192,1224 1192,1255 1058,1255"/>
                    <TextEquiv>
                        <Unicode>mande</Unicode>
                    </TextEquiv>
                    <TextStyle fontFamily="Times New Roman" fontSize="9.0"/>
                </Word>
                <Word id="w_w2aab1b5b2c17b5ac13" language="English" custom="readingOrder {index:1;}">
                    <Coords points="1222,1225 1267,1225 1267,1255 1222,1255"/>
                    <TextEquiv>
                        <Unicode>de</Unicode>
                    </TextEquiv>
                    <TextStyle fontFamily="Times New Roman" fontSize="9.0"/>
                </Word>
                <Word id="w_w2aab1b5b2c17b5ac19" language="English" custom="readingOrder {index:2;}">
                    <Coords points="1298,1225 1349,1225 1349,1256 1298,1256"/>
                    <TextEquiv>
                        <Unicode>La</Unicode>
                    </TextEquiv>
                    <TextStyle fontFamily="Times New Roman" fontSize="9.0"/>
                </Word>
                <Word id="w_w2aab1b5b2c17b5ac25" language="English" custom="readingOrder {index:3;}">
                    <Coords points="1380,1225 1518,1225 1518,1256 1380,1256"/>
                    <TextEquiv>
                        <Unicode>Mardi.</Unicode>
                    </TextEquiv>
                    <TextStyle fontFamily="Times New Roman" fontSize="9.0"/>
                </Word>
                <Word id="w_w2aab1b5b2c17b5ac39" language="English" custom="readingOrder {index:4;}">
                    <Coords points="1551,1225 1734,1225 1734,1262 1551,1262"/>
                    <TextEquiv>
                        <Unicode>Cambrai,</Unicode>
                    </TextEquiv>
                    <TextStyle fontFamily="Times New Roman" fontSize="9.0"/>
                </Word>
                <Word id="w_w2aab1b5b2c17b5ac57" language="English" custom="readingOrder {index:5;}">
                    <Coords points="1767,1225 1870,1225 1870,1262 1767,1262"/>
                    <TextEquiv>
                        <Unicode>1713,</Unicode>
                    </TextEquiv>
                    <TextStyle fontFamily="Times New Roman" fontSize="9.0"/>
                </Word>
                <TextEquiv>
                    <Unicode>mande de La Mardi. Cambrai, 1713,</Unicode>
                </TextEquiv>
                <TextStyle fontFamily="Times New Roman" fontSize="9.0"/>
            </TextLine>
            <TextLine id="tl_84" primaryLanguage="English" custom="readingOrder {index:3;}">
                <Coords points="1057,1272 1871,1272 1871,1312 1057,1312"/>
                <Baseline points="1057,1302 1128,1303 1237,1302 1354,1304 1798,1304 1871,1306"/>
                <Word id="w_w2aab1b5b2c17b7ab1" language="English" custom="readingOrder {index:0;}">
                    <Coords points="1057,1280 1128,1280 1128,1303 1057,1303"/>
                    <TextEquiv>
                        <Unicode>une</Unicode>
                    </TextEquiv>
                    <TextStyle fontFamily="Times New Roman" fontSize="9.0"/>
                </Word>
                <Word id="w_w2aab1b5b2c17b7ab9" language="English" custom="readingOrder {index:1;}">
                    <Coords points="1145,1280 1237,1280 1237,1312 1145,1312"/>
                    <TextEquiv>
                        <Unicode>page</Unicode>
                    </TextEquiv>
                    <TextStyle fontFamily="Times New Roman" fontSize="9.0"/>
                </Word>
                <Word id="w_w2aab1b5b2c17b7ac19" language="English" custom="readingOrder {index:2;}">
                    <Coords points="1254,1272 1354,1272 1354,1304 1254,1304"/>
                    <TextEquiv>
                        <Unicode>in-f°.</Unicode>
                    </TextEquiv>
                    <TextStyle fontFamily="Times New Roman" fontSize="9.0"/>
                </Word>
                <Word id="w_w2aab1b5b2c17b7ac33" language="English" custom="readingOrder {index:3;}">
                    <Coords points="1754,1272 1798,1272 1798,1304 1754,1304"/>
                    <TextEquiv>
                        <Unicode>25</Unicode>
                    </TextEquiv>
                    <TextStyle fontFamily="Times New Roman" fontSize="9.0"/>
                </Word>
                <Word id="w_w2aab1b5b2c17b7ac39" language="English" custom="readingOrder {index:4;}">
                    <Coords points="1824,1272 1871,1272 1871,1306 1824,1306"/>
                    <TextEquiv>
                        <Unicode>fr.</Unicode>
                    </TextEquiv>
                    <TextStyle fontFamily="Times New Roman" fontSize="9.0"/>
                </Word>
                <TextEquiv>
                    <Unicode>une page in-f°. 25 fr.</Unicode>
                </TextEquiv>
                <TextStyle fontFamily="Times New Roman" fontSize="9.0"/>
            </TextLine>
            <TextEquiv>
                <Unicode>délivré par les colonels, major et capi¬
taines du régiment d’infanterie alle¬
mande de La Mardi. Cambrai, 1713,
une page in-f°. 25 fr.</Unicode>
            </TextEquiv>
        </TextRegion>
        <TextRegion type="paragraph" id="r_3_10" custom="readingOrder {index:30;}">
            <Coords points="1095,1340 1872,1340 1872,1593 1095,1593"/>
            <TextLine id="tl_85" primaryLanguage="English" custom="readingOrder {index:0;}">
                <Coords points="1142,1341 1871,1341 1871,1375 1142,1375"/>
                <Baseline points="1142,1365 1152,1365 1363,1368 1459,1368 1520,1368 1590,1370 1662,1368 1871,1373"/>
                <Word id="w_w2aab1b5b2c19b1ab1" language="English" custom="readingOrder {index:0;}">
                    <Coords points="1142,1351 1152,1351 1152,1365 1142,1365"/>
                    <TextEquiv>
                        <Unicode>«</Unicode>
                    </TextEquiv>
                    <TextStyle fontFamily="Times New Roman" fontSize="7.0"/>
                </Word>
                <Word id="w_w2aab1b5b2c19b1ab5" language="English" custom="readingOrder {index:1;}">
                    <Coords points="1184,1341 1363,1341 1363,1368 1184,1368"/>
                    <TextEquiv>
                        <Unicode>Certifions</Unicode>
                    </TextEquiv>
                    <TextStyle fontFamily="Times New Roman" fontSize="7.0"/>
                </Word>
                <Word id="w_w2aab1b5b2c19b1ac27" language="English" custom="readingOrder {index:2;}">
                    <Coords points="1394,1349 1459,1349 1459,1375 1394,1375"/>
                    <TextEquiv>
                        <Unicode>que</Unicode>
                    </TextEquiv>
                    <TextStyle fontFamily="Times New Roman" fontSize="7.0"/>
                </Word>
                <Word id="w_w2aab1b5b2c19b1ac35" language="English" custom="readingOrder {index:3;}">
                    <Coords points="1490,1341 1520,1341 1520,1368 1490,1368"/>
                    <TextEquiv>
                        <Unicode>le</Unicode>
                    </TextEquiv>
                    <TextStyle fontFamily="Times New Roman" fontSize="7.0"/>
                </Word>
                <Word id="w_w2aab1b5b2c19b1ac41" language="English" custom="readingOrder {index:4;}">
                    <Coords points="1552,1341 1590,1341 1590,1370 1552,1370"/>
                    <TextEquiv>
                        <Unicode>Sr</Unicode>
                    </TextEquiv>
                    <TextStyle fontFamily="Times New Roman" fontSize="7.0"/>
                </Word>
                <Word id="w_w2aab1b5b2c19b1ac47" language="English" custom="readingOrder {index:5;}">
                    <Coords points="1621,1342 1662,1342 1662,1368 1621,1368"/>
                    <TextEquiv>
                        <Unicode>de</Unicode>
                    </TextEquiv>
                    <TextStyle fontFamily="Times New Roman" fontSize="7.0"/>
                </Word>
                <Word id="w_w2aab1b5b2c19b1ac53" language="English" custom="readingOrder {index:6;}">
                    <Coords points="1694,1341 1871,1341 1871,1375 1694,1375"/>
                    <TextEquiv>
                        <Unicode>Centreye,</Unicode>
                    </TextEquiv>
                    <TextStyle fontFamily="Times New Roman" fontSize="7.0"/>
                </Word>
                <TextEquiv>
                    <Unicode>« Certifions que le Sr de Centreye,</Unicode>
                </TextEquiv>
                <TextStyle fontFamily="Times New Roman" fontSize="7.0"/>
            </TextLine>
            <TextLine id="tl_86" primaryLanguage="English" custom="readingOrder {index:1;}">
                <Coords points="1096,1377 1868,1377 1868,1411 1096,1411"/>
                <Baseline points="1096,1403 1278,1409 1348,1404 1493,1404 1553,1404 1716,1404 1794,1404 1868,1411"/>
                <Word id="w_w2aab1b5b2c19b3ab1" language="English" custom="readingOrder {index:0;}">
                    <Coords points="1096,1377 1278,1377 1278,1410 1096,1410"/>
                    <TextEquiv>
                        <Unicode>capitaine,</Unicode>
                    </TextEquiv>
                    <TextStyle fontFamily="Times New Roman" fontSize="7.0"/>
                </Word>
                <Word id="w_w2aab1b5b2c19b3ac23" language="English" custom="readingOrder {index:1;}">
                    <Coords points="1297,1379 1348,1379 1348,1404 1297,1404"/>
                    <TextEquiv>
                        <Unicode>est</Unicode>
                    </TextEquiv>
                    <TextStyle fontFamily="Times New Roman" fontSize="7.0"/>
                </Word>
                <Word id="w_w2aab1b5b2c19b3ac31" language="English" custom="readingOrder {index:2;}">
                    <Coords points="1366,1378 1493,1378 1493,1405 1366,1405"/>
                    <TextEquiv>
                        <Unicode>atteint</Unicode>
                    </TextEquiv>
                    <TextStyle fontFamily="Times New Roman" fontSize="7.0"/>
                </Word>
                <Word id="w_w2aab1b5b2c19b3ac47" language="English" custom="readingOrder {index:3;}">
                    <Coords points="1511,1378 1553,1378 1553,1404 1511,1404"/>
                    <TextEquiv>
                        <Unicode>de</Unicode>
                    </TextEquiv>
                    <TextStyle fontFamily="Times New Roman" fontSize="7.0"/>
                </Word>
                <Word id="w_w2aab1b5b2c19b3ac53" language="English" custom="readingOrder {index:4;}">
                    <Coords points="1571,1378 1716,1378 1716,1410 1571,1410"/>
                    <TextEquiv>
                        <Unicode>vertiges</Unicode>
                    </TextEquiv>
                    <TextStyle fontFamily="Times New Roman" fontSize="7.0"/>
                </Word>
                <Word id="w_w2aab1b5b2c19b3ac71" language="English" custom="readingOrder {index:5;}">
                    <Coords points="1735,1377 1794,1377 1794,1411 1735,1411"/>
                    <TextEquiv>
                        <Unicode>qui</Unicode>
                    </TextEquiv>
                    <TextStyle fontFamily="Times New Roman" fontSize="7.0"/>
                </Word>
                <Word id="w_w2aab1b5b2c19b3ac79" language="English" custom="readingOrder {index:6;}">
                    <Coords points="1812,1378 1868,1378 1868,1411 1812,1411"/>
                    <TextEquiv>
                        <Unicode>luy</Unicode>
                    </TextEquiv>
                    <TextStyle fontFamily="Times New Roman" fontSize="7.0"/>
                </Word>
                <TextEquiv>
                    <Unicode>capitaine, est atteint de vertiges qui luy</Unicode>
                </TextEquiv>
                <TextStyle fontFamily="Times New Roman" fontSize="7.0"/>
            </TextLine>
            <TextLine id="tl_87" primaryLanguage="English" custom="readingOrder {index:2;}">
                <Coords points="1096,1413 1870,1413 1870,1446 1096,1446"/>
                <Baseline points="1096,1446 1263,1440 1451,1440 1616,1440 1784,1440 1870,1440"/>
                <Word id="w_w2aab1b5b2c19b5ab1" language="English" custom="readingOrder {index:0;}">
                    <Coords points="1096,1415 1263,1415 1263,1446 1096,1446"/>
                    <TextEquiv>
                        <Unicode>prennent</Unicode>
                    </TextEquiv>
                    <TextStyle fontFamily="Times New Roman" fontSize="7.0"/>
                </Word>
                <Word id="w_w2aab1b5b2c19b5ac19" language="English" custom="readingOrder {index:1;}">
                    <Coords points="1303,1415 1451,1415 1451,1441 1303,1441"/>
                    <TextEquiv>
                        <Unicode>souvant</Unicode>
                    </TextEquiv>
                    <TextStyle fontFamily="Times New Roman" fontSize="7.0"/>
                </Word>
                <Word id="w_w2aab1b5b2c19b5ac35" language="English" custom="readingOrder {index:2;}">
                    <Coords points="1490,1414 1616,1414 1616,1440 1490,1440"/>
                    <TextEquiv>
                        <Unicode>mêmes</Unicode>
                    </TextEquiv>
                    <TextStyle fontFamily="Times New Roman" fontSize="7.0"/>
                </Word>
                <Word id="w_w2aab1b5b2c19b5ac47" language="English" custom="readingOrder {index:3;}">
                    <Coords points="1656,1414 1784,1414 1784,1440 1656,1440"/>
                    <TextEquiv>
                        <Unicode>devant</Unicode>
                    </TextEquiv>
                    <TextStyle fontFamily="Times New Roman" fontSize="7.0"/>
                </Word>
                <Word id="w_w2aab1b5b2c19b5ac61" language="English" custom="readingOrder {index:4;}">
                    <Coords points="1824,1413 1870,1413 1870,1442 1824,1442"/>
                    <TextEquiv>
                        <Unicode>les</Unicode>
                    </TextEquiv>
                    <TextStyle fontFamily="Times New Roman" fontSize="7.0"/>
                </Word>
                <TextEquiv>
                    <Unicode>prennent souvant mêmes devant les</Unicode>
                </TextEquiv>
                <TextStyle fontFamily="Times New Roman" fontSize="7.0"/>
            </TextLine>
            <TextLine id="tl_88" primaryLanguage="English" custom="readingOrder {index:3;}">
                <Coords points="1097,1449 1871,1449 1871,1482 1097,1482"/>
                <Baseline points="1097,1482 1210,1476 1268,1476 1523,1476 1592,1476 1631,1476 1727,1476 1871,1476"/>
                <Word id="w_w2aab1b5b2c19b7ab1" language="English" custom="readingOrder {index:0;}">
                    <Coords points="1097,1450 1210,1450 1210,1482 1097,1482"/>
                    <TextEquiv>
                        <Unicode>postes</Unicode>
                    </TextEquiv>
                    <TextStyle fontFamily="Times New Roman" fontSize="7.0"/>
                </Word>
                <Word id="w_w2aab1b5b2c19b7ac15" language="English" custom="readingOrder {index:1;}">
                    <Coords points="1226,1450 1268,1450 1268,1476 1226,1476"/>
                    <TextEquiv>
                        <Unicode>de</Unicode>
                    </TextEquiv>
                    <TextStyle fontFamily="Times New Roman" fontSize="7.0"/>
                </Word>
                <Word id="w_w2aab1b5b2c19b7ac21" language="English" custom="readingOrder {index:2;}">
                    <Coords points="1284,1450 1523,1450 1523,1477 1284,1477"/>
                    <TextEquiv>
                        <Unicode>détachemens</Unicode>
                    </TextEquiv>
                    <TextStyle fontFamily="Times New Roman" fontSize="7.0"/>
                </Word>
                <Word id="w_w2aab1b5b2c19b7ac45" language="English" custom="readingOrder {index:3;}">
                    <Coords points="1548,1451 1592,1451 1592,1476 1548,1476"/>
                    <TextEquiv>
                        <Unicode>où</Unicode>
                    </TextEquiv>
                    <TextStyle fontFamily="Times New Roman" fontSize="7.0"/>
                </Word>
                <Word id="w_w2aab1b5b2c19b7ac51" language="English" custom="readingOrder {index:4;}">
                    <Coords points="1608,1449 1631,1449 1631,1476 1608,1476"/>
                    <TextEquiv>
                        <Unicode>il</Unicode>
                    </TextEquiv>
                    <TextStyle fontFamily="Times New Roman" fontSize="7.0"/>
                </Word>
                <Word id="w_w2aab1b5b2c19b7ac57" language="English" custom="readingOrder {index:5;}">
                    <Coords points="1647,1449 1727,1449 1727,1477 1647,1477"/>
                    <TextEquiv>
                        <Unicode>s’est</Unicode>
                    </TextEquiv>
                    <TextStyle fontFamily="Times New Roman" fontSize="7.0"/>
                </Word>
                <Word id="w_w2aab1b5b2c19b7ac69" language="English" custom="readingOrder {index:6;}">
                    <Coords points="1750,1449 1871,1449 1871,1478 1750,1478"/>
                    <TextEquiv>
                        <Unicode>trouvé</Unicode>
                    </TextEquiv>
                    <TextStyle fontFamily="Times New Roman" fontSize="7.0"/>
                </Word>
                <TextEquiv>
                    <Unicode>postes de détachemens où il s’est trouvé</Unicode>
                </TextEquiv>
                <TextStyle fontFamily="Times New Roman" fontSize="7.0"/>
            </TextLine>
            <TextLine id="tl_89" primaryLanguage="English" custom="readingOrder {index:4;}">
                <Coords points="1096,1485 1869,1485 1869,1519 1096,1519"/>
                <Baseline points="1096,1512 1299,1513 1403,1512 1457,1512 1608,1513 1678,1513 1780,1519 1806,1517 1869,1512"/>
                <Word id="w_w2aab1b5b2c19b9ab1" language="English" custom="readingOrder {index:0;}">
                    <Coords points="1096,1485 1299,1485 1299,1513 1096,1513"/>
                    <TextEquiv>
                        <Unicode>commandé</Unicode>
                    </TextEquiv>
                    <TextStyle fontFamily="Times New Roman" fontSize="7.0"/>
                </Word>
                <Word id="w_w2aab1b5b2c19b9ac19" language="English" custom="readingOrder {index:1;}">
                    <Coords points="1317,1494 1403,1494 1403,1519 1317,1519"/>
                    <TextEquiv>
                        <Unicode>pour</Unicode>
                    </TextEquiv>
                    <TextStyle fontFamily="Times New Roman" fontSize="7.0"/>
                </Word>
                <Word id="w_w2aab1b5b2c19b9ac29" language="English" custom="readingOrder {index:2;}">
                    <Coords points="1428,1486 1457,1486 1457,1512 1428,1512"/>
                    <TextEquiv>
                        <Unicode>le</Unicode>
                    </TextEquiv>
                    <TextStyle fontFamily="Times New Roman" fontSize="7.0"/>
                </Word>
                <Word id="w_w2aab1b5b2c19b9ac35" language="English" custom="readingOrder {index:3;}">
                    <Coords points="1482,1486 1608,1486 1608,1513 1482,1513"/>
                    <TextEquiv>
                        <Unicode>service</Unicode>
                    </TextEquiv>
                    <TextStyle fontFamily="Times New Roman" fontSize="7.0"/>
                </Word>
                <Word id="w_w2aab1b5b2c19b9ac51" language="English" custom="readingOrder {index:4;}">
                    <Coords points="1632,1486 1678,1486 1678,1513 1632,1513"/>
                    <TextEquiv>
                        <Unicode>du</Unicode>
                    </TextEquiv>
                    <TextStyle fontFamily="Times New Roman" fontSize="7.0"/>
                </Word>
                <Word id="w_w2aab1b5b2c19b9ac57" language="English" custom="readingOrder {index:5;}">
                    <Coords points="1702,1486 1780,1486 1780,1519 1702,1519"/>
                    <TextEquiv>
                        <Unicode>Roy</Unicode>
                    </TextEquiv>
                    <TextStyle fontFamily="Times New Roman" fontSize="7.0"/>
                </Word>
                <Word id="w_w2aab1b5b2c19b9ac65" language="English" custom="readingOrder {index:6;}">
                    <Coords points="1798,1493 1806,1493 1806,1517 1798,1517"/>
                    <TextEquiv>
                        <Unicode>;</Unicode>
                    </TextEquiv>
                    <TextStyle fontFamily="Times New Roman" fontSize="7.0"/>
                </Word>
                <Word id="w_w2aab1b5b2c19b9ac69" language="English" custom="readingOrder {index:7;}">
                    <Coords points="1832,1493 1869,1493 1869,1512 1832,1512"/>
                    <TextEquiv>
                        <Unicode>ce</Unicode>
                    </TextEquiv>
                    <TextStyle fontFamily="Times New Roman" fontSize="7.0"/>
                </Word>
                <TextEquiv>
                    <Unicode>commandé pour le service du Roy ; ce</Unicode>
                </TextEquiv>
                <TextStyle fontFamily="Times New Roman" fontSize="7.0"/>
            </TextLine>
            <TextLine id="tl_90" primaryLanguage="English" custom="readingOrder {index:5;}">
                <Coords points="1097,1522 1869,1522 1869,1556 1097,1556"/>
                <Baseline points="1097,1555 1155,1548 1258,1548 1296,1548 1423,1548 1483,1548 1567,1549 1771,1548 1802,1544 1869,1549"/>
                <Word id="w_w2aab1b5b2c19c11ab1" language="English" custom="readingOrder {index:0;}">
                    <Coords points="1097,1522 1155,1522 1155,1555 1097,1555"/>
                    <TextEquiv>
                        <Unicode>qui</Unicode>
                    </TextEquiv>
                    <TextStyle fontFamily="Times New Roman" fontSize="7.0"/>
                </Word>
                <Word id="w_w2aab1b5b2c19c11ab9" language="English" custom="readingOrder {index:1;}">
                    <Coords points="1173,1529 1258,1529 1258,1548 1173,1548"/>
                    <TextEquiv>
                        <Unicode>nous</Unicode>
                    </TextEquiv>
                    <TextStyle fontFamily="Times New Roman" fontSize="7.0"/>
                </Word>
                <Word id="w_w2aab1b5b2c19c11ac19" language="English" custom="readingOrder {index:2;}">
                    <Coords points="1276,1530 1296,1530 1296,1548 1276,1548"/>
                    <TextEquiv>
                        <Unicode>a</Unicode>
                    </TextEquiv>
                    <TextStyle fontFamily="Times New Roman" fontSize="7.0"/>
                </Word>
                <Word id="w_w2aab1b5b2c19c11ac23" language="English" custom="readingOrder {index:3;}">
                    <Coords points="1313,1522 1423,1522 1423,1556 1313,1556"/>
                    <TextEquiv>
                        <Unicode>obligé</Unicode>
                    </TextEquiv>
                    <TextStyle fontFamily="Times New Roman" fontSize="7.0"/>
                </Word>
                <Word id="w_w2aab1b5b2c19c11ac37" language="English" custom="readingOrder {index:4;}">
                    <Coords points="1440,1522 1483,1522 1483,1549 1440,1549"/>
                    <TextEquiv>
                        <Unicode>de</Unicode>
                    </TextEquiv>
                    <TextStyle fontFamily="Times New Roman" fontSize="7.0"/>
                </Word>
                <Word id="w_w2aab1b5b2c19c11ac43" language="English" custom="readingOrder {index:5;}">
                    <Coords points="1502,1522 1567,1522 1567,1549 1502,1549"/>
                    <TextEquiv>
                        <Unicode>l’en</Unicode>
                    </TextEquiv>
                    <TextStyle fontFamily="Times New Roman" fontSize="7.0"/>
                </Word>
                <Word id="w_w2aab1b5b2c19c11ac53" language="English" custom="readingOrder {index:6;}">
                    <Coords points="1586,1523 1771,1523 1771,1555 1586,1555"/>
                    <TextEquiv>
                        <Unicode>exempter.</Unicode>
                    </TextEquiv>
                    <TextStyle fontFamily="Times New Roman" fontSize="7.0"/>
                </Word>
                <Word id="w_w2aab1b5b2c19c11ac73" language="English" custom="readingOrder {index:7;}">
                    <Coords points="1792,1531 1802,1531 1802,1544 1792,1544"/>
                    <TextEquiv>
                        <Unicode>»</Unicode>
                    </TextEquiv>
                    <TextStyle fontFamily="Times New Roman" fontSize="7.0"/>
                </Word>
                <Word id="w_w2aab1b5b2c19c11ac77" language="English" custom="readingOrder {index:8;}">
                    <Coords points="1822,1522 1869,1522 1869,1549 1822,1549"/>
                    <TextEquiv>
                        <Unicode>La</Unicode>
                    </TextEquiv>
                    <TextStyle fontFamily="Times New Roman" fontSize="7.0"/>
                </Word>
                <TextEquiv>
                    <Unicode>qui nous a obligé de l’en exempter. » La</Unicode>
                </TextEquiv>
                <TextStyle fontFamily="Times New Roman" fontSize="7.0"/>
            </TextLine>
            <TextLine id="tl_91" primaryLanguage="English" custom="readingOrder {index:6;}">
                <Coords points="1096,1558 1804,1558 1804,1592 1096,1592"/>
                <Baseline points="1096,1591 1190,1584 1307,1585 1366,1585 1585,1585 1804,1585"/>
                <Word id="w_w2aab1b5b2c19c13ab1" language="English" custom="readingOrder {index:0;}">
                    <Coords points="1096,1558 1190,1558 1190,1591 1096,1591"/>
                    <TextEquiv>
                        <Unicode>pièce</Unicode>
                    </TextEquiv>
                    <TextStyle fontFamily="Times New Roman" fontSize="7.0"/>
                </Word>
                <Word id="w_w2aab1b5b2c19c13ac13" language="English" custom="readingOrder {index:1;}">
                    <Coords points="1208,1559 1307,1559 1307,1592 1208,1592"/>
                    <TextEquiv>
                        <Unicode>porte</Unicode>
                    </TextEquiv>
                    <TextStyle fontFamily="Times New Roman" fontSize="7.0"/>
                </Word>
                <Word id="w_w2aab1b5b2c19c13ac25" language="English" custom="readingOrder {index:2;}">
                    <Coords points="1326,1558 1366,1558 1366,1585 1326,1585"/>
                    <TextEquiv>
                        <Unicode>15</Unicode>
                    </TextEquiv>
                    <TextStyle fontFamily="Times New Roman" fontSize="7.0"/>
                </Word>
                <Word id="w_w2aab1b5b2c19c13ac31" language="English" custom="readingOrder {index:3;}">
                    <Coords points="1396,1558 1585,1558 1585,1591 1396,1591"/>
                    <TextEquiv>
                        <Unicode>signatures</Unicode>
                    </TextEquiv>
                    <TextStyle fontFamily="Times New Roman" fontSize="7.0"/>
                </Word>
                <Word id="w_w2aab1b5b2c19c13ac53" language="English" custom="readingOrder {index:4;}">
                    <Coords points="1615,1558 1804,1558 1804,1585 1615,1585"/>
                    <TextEquiv>
                        <Unicode>d’ofïiciers.</Unicode>
                    </TextEquiv>
                    <TextStyle fontFamily="Times New Roman" fontSize="7.0"/>
                </Word>
                <TextEquiv>
                    <Unicode>pièce porte 15 signatures d’officiers.</Unicode>
                </TextEquiv>
                <TextStyle fontFamily="Times New Roman" fontSize="7.0"/>
            </TextLine>
            <TextEquiv>
                <Unicode>« Certifions que le Sr de Centreye,
capitaine, est atteint de vertiges qui luy
prennent souvant mêmes devant les
postes de détachemens où il s’est trouvé
commandé pour le service du Roy ; ce
qui nous a obligé de l’en exempter. » La
pièce porte 15 signatures d’officiers.</Unicode>
            </TextEquiv>
        </TextRegion>
        <TextRegion type="paragraph" id="r_3_11" custom="readingOrder {index:31;}">
            <Coords points="1008,1631 1867,1631 1867,1771 1008,1771"/>
            <TextLine id="tl_92" primaryLanguage="English" custom="readingOrder {index:0;}">
                <Coords points="1009,1632 1866,1632 1866,1672 1009,1672"/>
                <Baseline points="1009,1663 1028,1663 1157,1664 1680,1663 1866,1663"/>
                <Word id="w_w2aab1b5b2c21b1ab1" language="English" custom="readingOrder {index:0;}">
                    <Coords points="1009,1633 1100,1633 1100,1664 1009,1664"/>
                    <TextEquiv>
                        <Unicode>4268</Unicode>
                    </TextEquiv>
                    <TextStyle fontFamily="Times New Roman" fontSize="9.0"/>
                </Word>
                <Word id="w_w2aab1b5b2c21b1b1b1" language="English" custom="readingOrder {index:1;}">
                    <Coords points="1129,1633 1527,1633 1527,1672 1129,1672"/>
                    <TextEquiv>
                        <Unicode>CHAMPFLEURY</Unicode>
                    </TextEquiv>
                    <TextStyle fontFamily="Times New Roman" fontSize="8.0" bold="true"/>
                </Word>
                <Word id="w_w2aab1b5b2c21b1b2b1" language="English" custom="readingOrder {index:2;}">
                    <Coords points="1562,1633 1680,1633 1680,1672 1562,1672"/>
                    <TextEquiv>
                        <Unicode>(Jules</Unicode>
                    </TextEquiv>
                    <TextStyle fontFamily="Times New Roman" fontSize="9.0"/>
                </Word>
                <Word id="w_w2aab1b5b2c21b1b2c15" language="English" custom="readingOrder {index:3;}">
                    <Coords points="1717,1632 1866,1632 1866,1664 1717,1664"/>
                    <TextEquiv>
                        <Unicode>Husson</Unicode>
                    </TextEquiv>
                    <TextStyle fontFamily="Times New Roman" fontSize="9.0"/>
                </Word>
                <TextEquiv>
                    <Unicode>4268 CHAMPFLEURY (Jules Husson</Unicode>
                </TextEquiv>
            </TextLine>
            <TextLine id="tl_93" primaryLanguage="English" custom="readingOrder {index:1;}">
                <Coords points="1057,1681 1866,1681 1866,1721 1057,1721"/>
                <Baseline points="1057,1712 1140,1719 1362,1712 1471,1712 1548,1712 1601,1712 1650,1712 1684,1712 1866,1716"/>
                <Word id="w_w2aab1b5b2c21b3ab1" language="English" custom="readingOrder {index:0;}">
                    <Coords points="1057,1682 1140,1682 1140,1721 1057,1721"/>
                    <TextEquiv>
                        <Unicode>dit),</Unicode>
                    </TextEquiv>
                    <TextStyle fontFamily="Times New Roman" fontSize="9.0"/>
                </Word>
                <Word id="w_w2aab1b5b2c21b3ac13" language="English" custom="readingOrder {index:1;}">
                    <Coords points="1153,1682 1432,1682 1432,1713 1153,1713"/>
                    <TextEquiv>
                        <Unicode>littérateur.—</Unicode>
                    </TextEquiv>
                    <TextStyle fontFamily="Times New Roman" fontSize="9.0"/>
                </Word>
                <Word id="w_w2aab1b5b2c21b3b1b1" language="English" custom="readingOrder {index:2;}">
                    <Coords points="1451,1682 1486,1682 1486,1721 1451,1721"/>
                    <TextEquiv>
                        <Unicode>a)</Unicode>
                    </TextEquiv>
                    <TextStyle fontFamily="Times New Roman" fontSize="8.5" italic="true"/>
                </Word>
                <Word id="w_w2aab1b5b2c21b3b2b3" language="English" custom="readingOrder {index:3;}">
                    <Coords points="1508,1682 1548,1682 1548,1713 1508,1713"/>
                    <TextEquiv>
                        <Unicode>L.</Unicode>
                    </TextEquiv>
                    <TextStyle fontFamily="Times New Roman" fontSize="9.0"/>
                </Word>
                <Word id="w_w2aab1b5b2c21b3b2b9" language="English" custom="readingOrder {index:4;}">
                    <Coords points="1570,1691 1601,1691 1601,1712 1570,1712"/>
                    <TextEquiv>
                        <Unicode>a.</Unicode>
                    </TextEquiv>
                    <TextStyle fontFamily="Times New Roman" fontSize="9.0"/>
                </Word>
                <Word id="w_w2aab1b5b2c21b3b2c15" language="English" custom="readingOrder {index:5;}">
                    <Coords points="1623,1690 1650,1690 1650,1712 1623,1712"/>
                    <TextEquiv>
                        <Unicode>s.</Unicode>
                    </TextEquiv>
                    <TextStyle fontFamily="Times New Roman" fontSize="9.0"/>
                </Word>
                <Word id="w_w2aab1b5b2c21b3b2c21" language="English" custom="readingOrder {index:6;}">
                    <Coords points="1664,1681 1684,1681 1684,1712 1664,1712"/>
                    <TextEquiv>
                        <Unicode>à</Unicode>
                    </TextEquiv>
                    <TextStyle fontFamily="Times New Roman" fontSize="9.0"/>
                </Word>
                <Word id="w_w2aab1b5b2c21b3b2c25" language="English" custom="readingOrder {index:7;}">
                    <Coords points="1706,1681 1866,1681 1866,1720 1706,1720"/>
                    <TextEquiv>
                        <Unicode>Dutacq,</Unicode>
                    </TextEquiv>
                    <TextStyle fontFamily="Times New Roman" fontSize="9.0"/>
                </Word>
                <TextEquiv>
                    <Unicode>dit), littérateur.— a) L. a. s. à Dutacq,</Unicode>
                </TextEquiv>
            </TextLine>
            <TextLine id="tl_94" primaryLanguage="English" custom="readingOrder {index:2;}">
                <Coords points="1059,1730 1254,1730 1254,1770 1059,1770"/>
                <Baseline points="1059,1761 1074,1761 1138,1762 1254,1761"/>
                <Word id="w_w2aab1b5b2c21b5ab1" language="English" custom="readingOrder {index:0;}">
                    <Coords points="1059,1731 1074,1731 1074,1761 1059,1761"/>
                    <TextEquiv>
                        <Unicode>1</Unicode>
                    </TextEquiv>
                    <TextStyle fontFamily="Times New Roman" fontSize="9.0"/>
                </Word>
                <Word id="w_w2aab1b5b2c21b5ab5" language="English" custom="readingOrder {index:1;}">
                    <Coords points="1102,1740 1138,1740 1138,1770 1102,1770"/>
                    <TextEquiv>
                        <Unicode>p.</Unicode>
                    </TextEquiv>
                    <TextStyle fontFamily="Times New Roman" fontSize="9.0"/>
                </Word>
                <Word id="w_w2aab1b5b2c21b5ac11" language="English" custom="readingOrder {index:2;}">
                    <Coords points="1166,1730 1254,1730 1254,1761 1166,1761"/>
                    <TextEquiv>
                        <Unicode>in-8.</Unicode>
                    </TextEquiv>
                    <TextStyle fontFamily="Times New Roman" fontSize="9.0"/>
                </Word>
                <TextEquiv>
                    <Unicode>1 p. in-8.</Unicode>
                </TextEquiv>
                <TextStyle fontFamily="Times New Roman" fontSize="9.0"/>
            </TextLine>
            <TextEquiv>
                <Unicode>4268 CHAMPFLEURY (Jules Husson
dit), littérateur.— a) L. a. s. à Dutacq,
1 p. in-8.</Unicode>
            </TextEquiv>
        </TextRegion>
        <TextRegion type="paragraph" id="r_3_12" custom="readingOrder {index:32;}">
            <Coords points="1059,1790 1867,1790 1867,1892 1059,1892"/>
            <TextLine id="tl_95" primaryLanguage="English" custom="readingOrder {index:0;}">
                <Coords points="1139,1791 1695,1791 1695,1826 1139,1826"/>
                <Baseline points="1139,1820 1296,1820 1344,1820 1536,1818 1695,1819"/>
                <Word id="w_w2aab1b5b2c23b1ab1" language="English" custom="readingOrder {index:0;}">
                    <Coords points="1139,1793 1296,1793 1296,1820 1139,1820"/>
                    <TextEquiv>
                        <Unicode>Relative</Unicode>
                    </TextEquiv>
                    <TextStyle fontFamily="Times New Roman" fontSize="7.0"/>
                </Word>
                <Word id="w_w2aab1b5b2c23b1ac19" language="English" custom="readingOrder {index:1;}">
                    <Coords points="1324,1792 1344,1792 1344,1820 1324,1820"/>
                    <TextEquiv>
                        <Unicode>à</Unicode>
                    </TextEquiv>
                    <TextStyle fontFamily="Times New Roman" fontSize="7.0"/>
                </Word>
                <Word id="w_w2aab1b5b2c23b1ac23" language="English" custom="readingOrder {index:2;}">
                    <Coords points="1372,1792 1536,1792 1536,1826 1372,1826"/>
                    <TextEquiv>
                        <Unicode>plusieurs</Unicode>
                    </TextEquiv>
                    <TextStyle fontFamily="Times New Roman" fontSize="7.0"/>
                </Word>
                <Word id="w_w2aab1b5b2c23b1ac43" language="English" custom="readingOrder {index:3;}">
                    <Coords points="1567,1791 1695,1791 1695,1819 1567,1819"/>
                    <TextEquiv>
                        <Unicode>lettres.</Unicode>
                    </TextEquiv>
                    <TextStyle fontFamily="Times New Roman" fontSize="7.0"/>
                </Word>
                <TextEquiv>
                    <Unicode>Relative à plusieurs lettres.</Unicode>
                </TextEquiv>
                <TextStyle fontFamily="Times New Roman" fontSize="7.0"/>
            </TextLine>
            <TextLine id="tl_96" primaryLanguage="English" custom="readingOrder {index:1;}">
                <Coords points="1060,1849 1866,1849 1866,1891 1060,1891"/>
                <Baseline points="1060,1882 1077,1882 1320,1882 1373,1882 1421,1881 1608,1890 1866,1880"/>
                <Word id="w_w2aab1b5b2c23b3ab1" language="English" custom="readingOrder {index:0;}">
                    <Coords points="1060,1852 1093,1852 1093,1891 1060,1891"/>
                    <TextEquiv>
                        <Unicode>b)</Unicode>
                    </TextEquiv>
                    <TextStyle fontFamily="Times New Roman" fontSize="8.5" italic="true"/>
                </Word>
                <Word id="w_w2aab1b5b2c23b3b1b3" language="English" custom="readingOrder {index:1;}">
                    <Coords points="1121,1852 1320,1852 1320,1890 1121,1890"/>
                    <TextEquiv>
                        <Unicode>Quittance</Unicode>
                    </TextEquiv>
                    <TextStyle fontFamily="Times New Roman" fontSize="9.0"/>
                </Word>
                <Word id="w_w2aab1b5b2c23b3b1c23" language="English" custom="readingOrder {index:2;}">
                    <Coords points="1345,1859 1373,1859 1373,1882 1345,1882"/>
                    <TextEquiv>
                        <Unicode>s.</Unicode>
                    </TextEquiv>
                    <TextStyle fontFamily="Times New Roman" fontSize="9.0"/>
                </Word>
                <Word id="w_w2aab1b5b2c23b3b1c29" language="English" custom="readingOrder {index:3;}">
                    <Coords points="1399,1850 1444,1850 1444,1881 1399,1881"/>
                    <TextEquiv>
                        <Unicode>de</Unicode>
                    </TextEquiv>
                    <TextStyle fontFamily="Times New Roman" fontSize="9.0"/>
                </Word>
                <Word id="w_w2aab1b5b2c23b3b2b1" language="English" custom="readingOrder {index:4;}">
                    <Coords points="1470,1850 1736,1850 1736,1890 1470,1890"/>
                    <TextEquiv>
                        <Unicode>Champfleury,</Unicode>
                    </TextEquiv>
                    <TextStyle fontFamily="Times New Roman" fontSize="8.5" italic="true"/>
                </Word>
                <Word id="w_w2aab1b5b2c23b3b3b3" language="English" custom="readingOrder {index:5;}">
                    <Coords points="1764,1849 1866,1849 1866,1880 1764,1880"/>
                    <TextEquiv>
                        <Unicode>1854.</Unicode>
                    </TextEquiv>
                    <TextStyle fontFamily="Times New Roman" fontSize="9.0"/>
                </Word>
                <TextEquiv>
                    <Unicode>b) Quittance s. de Champfleury, 1854.</Unicode>
                </TextEquiv>
            </TextLine>
            <TextEquiv>
                <Unicode>Relative à plusieurs lettres.
b) Quittance s. de Champfleury, 1854.</Unicode>
            </TextEquiv>
        </TextRegion>
        <TextRegion type="paragraph" id="r_3_13" custom="readingOrder {index:33;}">
            <Coords points="1094,1910 1868,1910 1868,1985 1094,1985"/>
            <TextLine id="tl_97" primaryLanguage="English" custom="readingOrder {index:0;}">
                <Coords points="1140,1911 1867,1911 1867,1946 1140,1946"/>
                <Baseline points="1140,1940 1233,1940 1303,1940 1447,1940 1491,1936 1564,1939 1684,1939 1732,1944 1797,1939 1867,1940"/>
                <Word id="w_w2aab1b5b2c25b1ab1" language="English" custom="readingOrder {index:0;}">
                    <Coords points="1140,1914 1233,1914 1233,1946 1140,1946"/>
                    <TextEquiv>
                        <Unicode>Reçu</Unicode>
                    </TextEquiv>
                    <TextStyle fontFamily="Times New Roman" fontSize="7.0"/>
                </Word>
                <Word id="w_w2aab1b5b2c25b1ac11" language="English" custom="readingOrder {index:1;}">
                    <Coords points="1256,1913 1303,1913 1303,1941 1256,1941"/>
                    <TextEquiv>
                        <Unicode>du</Unicode>
                    </TextEquiv>
                    <TextStyle fontFamily="Times New Roman" fontSize="7.0"/>
                </Word>
                <Word id="w_w2aab1b5b2c25b1ac17" language="English" custom="readingOrder {index:2;}">
                    <Coords points="1325,1912 1460,1912 1460,1946 1325,1946"/>
                    <TextEquiv>
                        <Unicode>journal</Unicode>
                    </TextEquiv>
                    <TextStyle fontFamily="Times New Roman" fontSize="7.0"/>
                </Word>
                <Word id="w_w2aab1b5b2c25b1b1b1" language="English" custom="readingOrder {index:3;}">
                    <Coords points="1481,1923 1491,1923 1491,1936 1481,1936"/>
                    <TextEquiv>
                        <Unicode>«</Unicode>
                    </TextEquiv>
                    <TextStyle fontFamily="Times New Roman" fontSize="5.0" italic="true"/>
                </Word>
                <Word id="w_w2aab1b5b2c25b1b2b3" language="English" custom="readingOrder {index:4;}">
                    <Coords points="1520,1913 1564,1913 1564,1939 1520,1939"/>
                    <TextEquiv>
                        <Unicode>Le</Unicode>
                    </TextEquiv>
                    <TextStyle fontFamily="Times New Roman" fontSize="7.0"/>
                </Word>
                <Word id="w_w2aab1b5b2c25b1b2b9" language="English" custom="readingOrder {index:5;}">
                    <Coords points="1596,1912 1684,1912 1684,1946 1596,1946"/>
                    <TextEquiv>
                        <Unicode>Pays</Unicode>
                    </TextEquiv>
                    <TextStyle fontFamily="Times New Roman" fontSize="7.0"/>
                </Word>
                <Word id="w_w2aab1b5b2c25b1b2c19" language="English" custom="readingOrder {index:6;}">
                    <Coords points="1707,1922 1732,1922 1732,1944 1707,1944"/>
                    <TextEquiv>
                        <Unicode>»,</Unicode>
                    </TextEquiv>
                    <TextStyle fontFamily="Times New Roman" fontSize="7.0"/>
                </Word>
                <Word id="w_w2aab1b5b2c25b1b2c25" language="English" custom="readingOrder {index:7;}">
                    <Coords points="1756,1911 1797,1911 1797,1940 1756,1940"/>
                    <TextEquiv>
                        <Unicode>54</Unicode>
                    </TextEquiv>
                    <TextStyle fontFamily="Times New Roman" fontSize="7.0"/>
                </Word>
                <Word id="w_w2aab1b5b2c25b1b2c31" language="English" custom="readingOrder {index:8;}">
                    <Coords points="1827,1912 1867,1912 1867,1940 1827,1940"/>
                    <TextEquiv>
                        <Unicode>fr.</Unicode>
                    </TextEquiv>
                    <TextStyle fontFamily="Times New Roman" fontSize="7.0"/>
                </Word>
                <TextEquiv>
                    <Unicode>Reçu du journal « Le Pays », 54 fr.</Unicode>
                </TextEquiv>
            </TextLine>
            <TextLine id="tl_98" primaryLanguage="English" custom="readingOrder {index:1;}">
                <Coords points="1095,1948 1613,1948 1613,1984 1095,1984"/>
                <Baseline points="1095,1984 1181,1977 1376,1976 1440,1976 1613,1976"/>
                <Word id="w_w2aab1b5b2c25b3ab1" language="English" custom="readingOrder {index:0;}">
                    <Coords points="1095,1958 1181,1958 1181,1984 1095,1984"/>
                    <TextEquiv>
                        <Unicode>pour</Unicode>
                    </TextEquiv>
                    <TextStyle fontFamily="Times New Roman" fontSize="7.0"/>
                </Word>
                <Word id="w_w2aab1b5b2c25b3ac11" language="English" custom="readingOrder {index:1;}">
                    <Coords points="1202,1950 1376,1950 1376,1977 1202,1977"/>
                    <TextEquiv>
                        <Unicode>rédaction</Unicode>
                    </TextEquiv>
                    <TextStyle fontFamily="Times New Roman" fontSize="7.0"/>
                </Word>
                <Word id="w_w2aab1b5b2c25b3ac31" language="English" custom="readingOrder {index:2;}">
                    <Coords points="1398,1949 1440,1949 1440,1976 1398,1976"/>
                    <TextEquiv>
                        <Unicode>de</Unicode>
                    </TextEquiv>
                    <TextStyle fontFamily="Times New Roman" fontSize="7.0"/>
                </Word>
                <Word id="w_w2aab1b5b2c25b3ac37" language="English" custom="readingOrder {index:3;}">
                    <Coords points="1461,1948 1613,1948 1613,1976 1461,1976"/>
                    <TextEquiv>
                        <Unicode>Janvier.</Unicode>
                    </TextEquiv>
                    <TextStyle fontFamily="Times New Roman" fontSize="7.0"/>
                </Word>
                <TextEquiv>
                    <Unicode>pour rédaction de Janvier.</Unicode>
                </TextEquiv>
                <TextStyle fontFamily="Times New Roman" fontSize="7.0"/>
            </TextLine>
            <TextEquiv>
                <Unicode>Reçu du journal « Le Pays », 54 fr.
pour rédaction de Janvier.</Unicode>
            </TextEquiv>
        </TextRegion>
        <TextRegion type="paragraph" id="r_3_14" custom="readingOrder {index:34;}">
            <Coords points="1368,2004 1866,2004 1866,2046 1368,2046"/>
            <TextLine id="tl_99" primaryLanguage="English" custom="readingOrder {index:0;}">
                <Coords points="1369,2005 1865,2005 1865,2045 1369,2045"/>
                <Baseline points="1369,2037 1437,2037 1556,2036 1694,2036 1723,2037 1794,2036 1865,2037"/>
                <Word id="w_w2aab1b5b2c27b1ab1" language="English" custom="readingOrder {index:0;}">
                    <Coords points="1369,2007 1437,2007 1437,2037 1369,2037"/>
                    <TextEquiv>
                        <Unicode>Les</Unicode>
                    </TextEquiv>
                    <TextStyle fontFamily="Times New Roman" fontSize="9.0"/>
                </Word>
                <Word id="w_w2aab1b5b2c27b1ab9" language="English" custom="readingOrder {index:1;}">
                    <Coords points="1458,2006 1556,2006 1556,2037 1458,2037"/>
                    <TextEquiv>
                        <Unicode>deux</Unicode>
                    </TextEquiv>
                    <TextStyle fontFamily="Times New Roman" fontSize="9.0"/>
                </Word>
                <Word id="w_w2aab1b5b2c27b1ac19" language="English" custom="readingOrder {index:2;}">
                    <Coords points="1576,2006 1694,2006 1694,2045 1576,2045"/>
                    <TextEquiv>
                        <Unicode>pièces</Unicode>
                    </TextEquiv>
                    <TextStyle fontFamily="Times New Roman" fontSize="9.0"/>
                </Word>
                <Word id="w_w2aab1b5b2c27b1ac33" language="English" custom="readingOrder {index:3;}">
                    <Coords points="1715,2014 1723,2014 1723,2037 1715,2037"/>
                    <TextEquiv>
                        <Unicode>:</Unicode>
                    </TextEquiv>
                    <TextStyle fontFamily="Times New Roman" fontSize="9.0"/>
                </Word>
                <Word id="w_w2aab1b5b2c27b1ac37" language="English" custom="readingOrder {index:4;}">
                    <Coords points="1751,2005 1794,2005 1794,2036 1751,2036"/>
                    <TextEquiv>
                        <Unicode>25</Unicode>
                    </TextEquiv>
                    <TextStyle fontFamily="Times New Roman" fontSize="9.0"/>
                </Word>
                <Word id="w_w2aab1b5b2c27b1ac43" language="English" custom="readingOrder {index:5;}">
                    <Coords points="1821,2005 1865,2005 1865,2038 1821,2038"/>
                    <TextEquiv>
                        <Unicode>fr.</Unicode>
                    </TextEquiv>
                    <TextStyle fontFamily="Times New Roman" fontSize="9.0"/>
                </Word>
                <TextEquiv>
                    <Unicode>Les deux pièces : 25 fr.</Unicode>
                </TextEquiv>
                <TextStyle fontFamily="Times New Roman" fontSize="9.0"/>
            </TextLine>
            <TextEquiv>
                <Unicode>Les deux pièces : 25 fr.</Unicode>
            </TextEquiv>
        </TextRegion>
        <TextRegion type="paragraph" id="r_3_15" custom="readingOrder {index:35;}">
            <Coords points="1008,2087 1866,2087 1866,2129 1008,2129"/>
            <TextLine id="tl_100" primaryLanguage="English" custom="readingOrder {index:0;}">
                <Coords points="1009,2088 1865,2088 1865,2128 1009,2128"/>
                <Baseline points="1009,2123 1026,2123 1157,2122 1736,2125 1865,2111"/>
                <Word id="w_w2aab1b5b2c29b1ab1" language="English" custom="readingOrder {index:0;}">
                    <Coords points="1009,2093 1099,2093 1099,2123 1009,2123"/>
                    <TextEquiv>
                        <Unicode>4269</Unicode>
                    </TextEquiv>
                    <TextStyle fontFamily="Times New Roman" fontSize="9.0"/>
                </Word>
                <Word id="w_w2aab1b5b2c29b1b1b1" language="English" custom="readingOrder {index:1;}">
                    <Coords points="1129,2089 1520,2089 1520,2127 1129,2127"/>
                    <TextEquiv>
                        <Unicode>CHANGARNIER</Unicode>
                    </TextEquiv>
                    <TextStyle fontFamily="Times New Roman" fontSize="8.0" bold="true"/>
                </Word>
                <Word id="w_w2aab1b5b2c29b1b2b1" language="English" custom="readingOrder {index:2;}">
                    <Coords points="1545,2088 1736,2088 1736,2128 1545,2128"/>
                    <TextEquiv>
                        <Unicode>(Nicolas),</Unicode>
                    </TextEquiv>
                    <TextStyle fontFamily="Times New Roman" fontSize="9.0"/>
                </Word>
                <Word id="w_w2aab1b5b2c29b1b2c23" language="English" custom="readingOrder {index:3;}">
                    <Coords points="1762,2088 1865,2088 1865,2128 1762,2128"/>
                    <TextEquiv>
                        <Unicode>géné¬</Unicode>
                    </TextEquiv>
                    <TextStyle fontFamily="Times New Roman" fontSize="9.0"/>
                </Word>
                <TextEquiv>
                    <Unicode>4269 CHANGARNIER (Nicolas), géné¬</Unicode>
                </TextEquiv>
            </TextLine>
            <TextEquiv>
                <Unicode>4269 CHANGARNIER (Nicolas), géné¬</Unicode>
            </TextEquiv>
        </TextRegion>
        <TextRegion type="paragraph" id="r_3_16" custom="readingOrder {index:36;}">
            <Coords points="1055,2136 1866,2136 1866,2225 1055,2225"/>
            <TextLine id="tl_101" primaryLanguage="English" custom="readingOrder {index:0;}">
                <Coords points="1056,2137 1865,2137 1865,2177 1056,2177"/>
                <Baseline points="1056,2170 1108,2170 1168,2170 1345,2168 1563,2168 1637,2158 1701,2167 1761,2167 1817,2167 1865,2168"/>
                <Word id="w_w2aab1b5b2c31b1ab1" language="English" custom="readingOrder {index:0;}">
                    <Coords points="1056,2140 1108,2140 1108,2171 1056,2171"/>
                    <TextEquiv>
                        <Unicode>ral</Unicode>
                    </TextEquiv>
                    <TextStyle fontFamily="Times New Roman" fontSize="9.0"/>
                </Word>
                <Word id="w_w2aab1b5b2c31b1ab9" language="English" custom="readingOrder {index:1;}">
                    <Coords points="1136,2141 1168,2141 1168,2170 1136,2170"/>
                    <TextEquiv>
                        <Unicode>et</Unicode>
                    </TextEquiv>
                    <TextStyle fontFamily="Times New Roman" fontSize="9.0"/>
                </Word>
                <Word id="w_w2aab1b5b2c31b1ac15" language="English" custom="readingOrder {index:2;}">
                    <Coords points="1198,2140 1345,2140 1345,2169 1198,2169"/>
                    <TextEquiv>
                        <Unicode>homme</Unicode>
                    </TextEquiv>
                    <TextStyle fontFamily="Times New Roman" fontSize="9.0"/>
                </Word>
                <Word id="w_w2aab1b5b2c31b1ac27" language="English" custom="readingOrder {index:3;}">
                    <Coords points="1371,2137 1563,2137 1563,2177 1371,2177"/>
                    <TextEquiv>
                        <Unicode>politique.</Unicode>
                    </TextEquiv>
                    <TextStyle fontFamily="Times New Roman" fontSize="9.0"/>
                </Word>
                <Word id="w_w2aab1b5b2c31b1ac49" language="English" custom="readingOrder {index:4;}">
                    <Coords points="1590,2154 1637,2154 1637,2158 1590,2158"/>
                    <TextEquiv>
                        <Unicode>—-</Unicode>
                    </TextEquiv>
                    <TextStyle fontFamily="Times New Roman" fontSize="9.0"/>
                </Word>
                <Word id="w_w2aab1b5b2c31b1ac55" language="English" custom="readingOrder {index:5;}">
                    <Coords points="1662,2137 1701,2137 1701,2167 1662,2167"/>
                    <TextEquiv>
                        <Unicode>L.</Unicode>
                    </TextEquiv>
                    <TextStyle fontFamily="Times New Roman" fontSize="9.0"/>
                </Word>
                <Word id="w_w2aab1b5b2c31b1ac61" language="English" custom="readingOrder {index:6;}">
                    <Coords points="1730,2146 1761,2146 1761,2167 1730,2167"/>
                    <TextEquiv>
                        <Unicode>a.</Unicode>
                    </TextEquiv>
                    <TextStyle fontFamily="Times New Roman" fontSize="9.0"/>
                </Word>
                <Word id="w_w2aab1b5b2c31b1ac67" language="English" custom="readingOrder {index:7;}">
                    <Coords points="1789,2145 1817,2145 1817,2167 1789,2167"/>
                    <TextEquiv>
                        <Unicode>s.</Unicode>
                    </TextEquiv>
                    <TextStyle fontFamily="Times New Roman" fontSize="9.0"/>
                </Word>
                <Word id="w_w2aab1b5b2c31b1ac73" language="English" custom="readingOrder {index:8;}">
                    <Coords points="1844,2137 1865,2137 1865,2168 1844,2168"/>
                    <TextEquiv>
                        <Unicode>à</Unicode>
                    </TextEquiv>
                    <TextStyle fontFamily="Times New Roman" fontSize="9.0"/>
                </Word>
                <TextEquiv>
                    <Unicode>ral et homme politique. —- L. a. s. à</Unicode>
                </TextEquiv>
                <TextStyle fontFamily="Times New Roman" fontSize="9.0"/>
            </TextLine>
            <TextLine id="tl_102" primaryLanguage="English" custom="readingOrder {index:1;}">
                <Coords points="1056,2184 1863,2184 1863,2224 1056,2224"/>
                <Baseline points="1056,2219 1105,2218 1343,2223 1467,2222 1504,2215 1562,2215 1674,2215 1793,2214 1863,2215"/>
                <Word id="w_w2aab1b5b2c31b3ab1" language="English" custom="readingOrder {index:0;}">
                    <Coords points="1056,2197 1105,2197 1105,2219 1056,2219"/>
                    <TextEquiv>
                        <Unicode>un</Unicode>
                    </TextEquiv>
                    <TextStyle fontFamily="Times New Roman" fontSize="9.0"/>
                </Word>
                <Word id="w_w2aab1b5b2c31b3ab7" language="English" custom="readingOrder {index:1;}">
                    <Coords points="1130,2186 1343,2186 1343,2223 1130,2223"/>
                    <TextEquiv>
                        <Unicode>Intendant,</Unicode>
                    </TextEquiv>
                    <TextStyle fontFamily="Times New Roman" fontSize="9.0"/>
                </Word>
                <Word id="w_w2aab1b5b2c31b3ac29" language="English" custom="readingOrder {index:2;}">
                    <Coords points="1366,2185 1467,2185 1467,2222 1366,2222"/>
                    <TextEquiv>
                        <Unicode>1851,</Unicode>
                    </TextEquiv>
                    <TextStyle fontFamily="Times New Roman" fontSize="9.0"/>
                </Word>
                <Word id="w_w2aab1b5b2c31b3ac41" language="English" custom="readingOrder {index:3;}">
                    <Coords points="1490,2186 1504,2186 1504,2215 1490,2215"/>
                    <TextEquiv>
                        <Unicode>1</Unicode>
                    </TextEquiv>
                    <TextStyle fontFamily="Times New Roman" fontSize="9.0"/>
                </Word>
                <Word id="w_w2aab1b5b2c31b3ac45" language="English" custom="readingOrder {index:4;}">
                    <Coords points="1528,2194 1562,2194 1562,2224 1528,2224"/>
                    <TextEquiv>
                        <Unicode>p.</Unicode>
                    </TextEquiv>
                    <TextStyle fontFamily="Times New Roman" fontSize="9.0"/>
                </Word>
                <Word id="w_w2aab1b5b2c31b3ac51" language="English" custom="readingOrder {index:5;}">
                    <Coords points="1585,2184 1674,2184 1674,2215 1585,2215"/>
                    <TextEquiv>
                        <Unicode>in-4.</Unicode>
                    </TextEquiv>
                    <TextStyle fontFamily="Times New Roman" fontSize="9.0"/>
                </Word>
                <Word id="w_w2aab1b5b2c31b3ac63" language="English" custom="readingOrder {index:6;}">
                    <Coords points="1749,2184 1793,2184 1793,2215 1749,2215"/>
                    <TextEquiv>
                        <Unicode>30</Unicode>
                    </TextEquiv>
                    <TextStyle fontFamily="Times New Roman" fontSize="9.0"/>
                </Word>
                <Word id="w_w2aab1b5b2c31b3ac69" language="English" custom="readingOrder {index:7;}">
                    <Coords points="1820,2184 1863,2184 1863,2215 1820,2215"/>
                    <TextEquiv>
                        <Unicode>fr.</Unicode>
                    </TextEquiv>
                    <TextStyle fontFamily="Times New Roman" fontSize="9.0"/>
                </Word>
                <TextEquiv>
                    <Unicode>un Intendant, 1851, 1 p. in-4. 30 fr.</Unicode>
                </TextEquiv>
                <TextStyle fontFamily="Times New Roman" fontSize="9.0"/>
            </TextLine>
            <TextEquiv>
                <Unicode>ral et homme politique. —- L. a. s. à
un Intendant, 1851, 1 p. in-4. 30 fr.</Unicode>
            </TextEquiv>
        </TextRegion>
        <TextRegion type="paragraph" id="r_3_17" custom="readingOrder {index:37;}">
            <Coords points="1093,2256 1868,2256 1868,2398 1093,2398"/>
            <TextLine id="tl_103" primaryLanguage="English" custom="readingOrder {index:0;}">
                <Coords points="1141,2257 1867,2257 1867,2293 1141,2293"/>
                <Baseline points="1141,2288 1167,2288 1356,2287 1481,2286 1549,2285 1689,2285 1776,2285 1867,2277"/>
                <Word id="w_w2aab1b5b2c33b1ab1" language="English" custom="readingOrder {index:0;}">
                    <Coords points="1141,2262 1167,2262 1167,2288 1141,2288"/>
                    <TextEquiv>
                        <Unicode>Il</Unicode>
                    </TextEquiv>
                    <TextStyle fontFamily="Times New Roman" fontSize="7.0"/>
                </Word>
                <Word id="w_w2aab1b5b2c33b1ab7" language="English" custom="readingOrder {index:1;}">
                    <Coords points="1189,2260 1356,2260 1356,2288 1189,2288"/>
                    <TextEquiv>
                        <Unicode>demande</Unicode>
                    </TextEquiv>
                    <TextStyle fontFamily="Times New Roman" fontSize="7.0"/>
                </Word>
                <Word id="w_w2aab1b5b2c33b1ac23" language="English" custom="readingOrder {index:2;}">
                    <Coords points="1377,2259 1481,2259 1481,2293 1377,2293"/>
                    <TextEquiv>
                        <Unicode>qu’on</Unicode>
                    </TextEquiv>
                    <TextStyle fontFamily="Times New Roman" fontSize="7.0"/>
                </Word>
                <Word id="w_w2aab1b5b2c33b1ac35" language="English" custom="readingOrder {index:3;}">
                    <Coords points="1502,2258 1549,2258 1549,2285 1502,2285"/>
                    <TextEquiv>
                        <Unicode>lui</Unicode>
                    </TextEquiv>
                    <TextStyle fontFamily="Times New Roman" fontSize="7.0"/>
                </Word>
                <Word id="w_w2aab1b5b2c33b1ac43" language="English" custom="readingOrder {index:4;}">
                    <Coords points="1571,2257 1689,2257 1689,2285 1571,2285"/>
                    <TextEquiv>
                        <Unicode>envoie</Unicode>
                    </TextEquiv>
                    <TextStyle fontFamily="Times New Roman" fontSize="7.0"/>
                </Word>
                <Word id="w_w2aab1b5b2c33b1ac57" language="English" custom="readingOrder {index:5;}">
                    <Coords points="1711,2265 1776,2265 1776,2285 1711,2285"/>
                    <TextEquiv>
                        <Unicode>une</Unicode>
                    </TextEquiv>
                    <TextStyle fontFamily="Times New Roman" fontSize="7.0"/>
                </Word>
                <Word id="w_w2aab1b5b2c33b1ac65" language="English" custom="readingOrder {index:6;}">
                    <Coords points="1798,2265 1867,2265 1867,2285 1798,2285"/>
                    <TextEquiv>
                        <Unicode>ces¬</Unicode>
                    </TextEquiv>
                    <TextStyle fontFamily="Times New Roman" fontSize="7.0"/>
                </Word>
                <TextEquiv>
                    <Unicode>Il demande qu’on lui envoie une ces¬</Unicode>
                </TextEquiv>
                <TextStyle fontFamily="Times New Roman" fontSize="7.0"/>
            </TextLine>
            <TextLine id="tl_104" primaryLanguage="English" custom="readingOrder {index:1;}">
                <Coords points="1094,2294 1865,2294 1865,2330 1094,2330"/>
                <Baseline points="1094,2325 1166,2324 1254,2323 1470,2321 1585,2321 1672,2321 1865,2321"/>
                <Word id="w_w2aab1b5b2c33b3ab1" language="English" custom="readingOrder {index:0;}">
                    <Coords points="1094,2298 1166,2298 1166,2325 1094,2325"/>
                    <TextEquiv>
                        <Unicode>sion</Unicode>
                    </TextEquiv>
                    <TextStyle fontFamily="Times New Roman" fontSize="7.0"/>
                </Word>
                <Word id="w_w2aab1b5b2c33b3ac11" language="English" custom="readingOrder {index:1;}">
                    <Coords points="1212,2297 1254,2297 1254,2324 1212,2324"/>
                    <TextEquiv>
                        <Unicode>de</Unicode>
                    </TextEquiv>
                    <TextStyle fontFamily="Times New Roman" fontSize="7.0"/>
                </Word>
                <Word id="w_w2aab1b5b2c33b3ac17" language="English" custom="readingOrder {index:2;}">
                    <Coords points="1299,2296 1470,2296 1470,2330 1299,2330"/>
                    <TextEquiv>
                        <Unicode>paiement</Unicode>
                    </TextEquiv>
                    <TextStyle fontFamily="Times New Roman" fontSize="7.0"/>
                </Word>
                <Word id="w_w2aab1b5b2c33b3ac35" language="English" custom="readingOrder {index:3;}">
                    <Coords points="1515,2294 1585,2294 1585,2321 1515,2321"/>
                    <TextEquiv>
                        <Unicode>afin</Unicode>
                    </TextEquiv>
                    <TextStyle fontFamily="Times New Roman" fontSize="7.0"/>
                </Word>
                <Word id="w_w2aab1b5b2c33b3ac45" language="English" custom="readingOrder {index:4;}">
                    <Coords points="1631,2294 1672,2294 1672,2321 1631,2321"/>
                    <TextEquiv>
                        <Unicode>de</Unicode>
                    </TextEquiv>
                    <TextStyle fontFamily="Times New Roman" fontSize="7.0"/>
                </Word>
                <Word id="w_w2aab1b5b2c33b3ac51" language="English" custom="readingOrder {index:5;}">
                    <Coords points="1724,2294 1865,2294 1865,2327 1724,2327"/>
                    <TextEquiv>
                        <Unicode>pouvoir</Unicode>
                    </TextEquiv>
                    <TextStyle fontFamily="Times New Roman" fontSize="7.0"/>
                </Word>
                <TextEquiv>
                    <Unicode>sion de paiement afin de pouvoir</Unicode>
                </TextEquiv>
                <TextStyle fontFamily="Times New Roman" fontSize="7.0"/>
            </TextLine>
            <TextLine id="tl_105" primaryLanguage="English" custom="readingOrder {index:2;}">
                <Coords points="1094,2330 1867,2330 1867,2364 1094,2364"/>
                <Baseline points="1094,2361 1235,2359 1474,2358 1631,2357 1728,2357 1867,2349"/>
                <Word id="w_w2aab1b5b2c33b5ab1" language="English" custom="readingOrder {index:0;}">
                    <Coords points="1094,2333 1235,2333 1235,2361 1094,2361"/>
                    <TextEquiv>
                        <Unicode>toucher</Unicode>
                    </TextEquiv>
                    <TextStyle fontFamily="Times New Roman" fontSize="7.0"/>
                </Word>
                <Word id="w_w2aab1b5b2c33b5ac17" language="English" custom="readingOrder {index:1;}">
                    <Coords points="1263,2331 1474,2331 1474,2359 1263,2359"/>
                    <TextEquiv>
                        <Unicode>l’indemnité</Unicode>
                    </TextEquiv>
                    <TextStyle fontFamily="Times New Roman" fontSize="7.0"/>
                </Word>
                <Word id="w_w2aab1b5b2c33b5ac41" language="English" custom="readingOrder {index:2;}">
                    <Coords points="1502,2330 1631,2330 1631,2358 1502,2358"/>
                    <TextEquiv>
                        <Unicode>allouée</Unicode>
                    </TextEquiv>
                    <TextStyle fontFamily="Times New Roman" fontSize="7.0"/>
                </Word>
                <Word id="w_w2aab1b5b2c33b5ac57" language="English" custom="readingOrder {index:3;}">
                    <Coords points="1660,2338 1728,2338 1728,2357 1660,2357"/>
                    <TextEquiv>
                        <Unicode>aux</Unicode>
                    </TextEquiv>
                    <TextStyle fontFamily="Times New Roman" fontSize="7.0"/>
                </Word>
                <Word id="w_w2aab1b5b2c33b5ac65" language="English" custom="readingOrder {index:4;}">
                    <Coords points="1757,2330 1867,2330 1867,2364 1757,2364"/>
                    <TextEquiv>
                        <Unicode>repré¬</Unicode>
                    </TextEquiv>
                    <TextStyle fontFamily="Times New Roman" fontSize="7.0"/>
                </Word>
                <TextEquiv>
                    <Unicode>toucher l’indemnité allouée aux repré¬</Unicode>
                </TextEquiv>
                <TextStyle fontFamily="Times New Roman" fontSize="7.0"/>
            </TextLine>
            <TextLine id="tl_106" primaryLanguage="English" custom="readingOrder {index:3;}">
                <Coords points="1096,2370 1262,2370 1262,2397 1096,2397"/>
                <Baseline points="1096,2397 1262,2396"/>
                <Word id="w_w2aab1b5b2c33b7ab1" language="English" custom="readingOrder {index:0;}">
                    <Coords points="1096,2370 1262,2370 1262,2397 1096,2397"/>
                    <TextEquiv>
                        <Unicode>sentants.</Unicode>
                    </TextEquiv>
                    <TextStyle fontFamily="Times New Roman" fontSize="7.0"/>
                </Word>
                <TextEquiv>
                    <Unicode>sentants.</Unicode>
                </TextEquiv>
                <TextStyle fontFamily="Times New Roman" fontSize="7.0"/>
            </TextLine>
            <TextEquiv>
                <Unicode>Il demande qu’on lui envoie une ces¬
sion de paiement afin de pouvoir
toucher l’indemnité allouée aux repré¬
sentants.</Unicode>
            </TextEquiv>
        </TextRegion>
        <TextRegion type="paragraph" id="r_3_18" custom="readingOrder {index:38;}">
            <Coords points="1009,2434 1866,2434 1866,2477 1009,2477"/>
            <TextLine id="tl_107" primaryLanguage="English" custom="readingOrder {index:0;}">
                <Coords points="1010,2435 1865,2435 1865,2476 1010,2476"/>
                <Baseline points="1010,2471 1027,2471 1156,2470 1600,2473 1865,2466"/>
                <Word id="w_w2aab1b5b2c35b1ab1" language="English" custom="readingOrder {index:0;}">
                    <Coords points="1010,2440 1100,2440 1100,2471 1010,2471"/>
                    <TextEquiv>
                        <Unicode>4270</Unicode>
                    </TextEquiv>
                    <TextStyle fontFamily="Times New Roman" fontSize="9.0"/>
                </Word>
                <Word id="w_w2aab1b5b2c35b1b1b1" language="English" custom="readingOrder {index:1;}">
                    <Coords points="1128,2436 1427,2436 1427,2476 1128,2476"/>
                    <TextEquiv>
                        <Unicode>CHERUBINI</Unicode>
                    </TextEquiv>
                    <TextStyle fontFamily="Times New Roman" fontSize="8.0" bold="true"/>
                </Word>
                <Word id="w_w2aab1b5b2c35b1b2b1" language="English" custom="readingOrder {index:2;}">
                    <Coords points="1448,2436 1600,2436 1600,2476 1448,2476"/>
                    <TextEquiv>
                        <Unicode>(Luigi),</Unicode>
                    </TextEquiv>
                    <TextStyle fontFamily="Times New Roman" fontSize="9.0"/>
                </Word>
                <Word id="w_w2aab1b5b2c35b1b2c19" language="English" custom="readingOrder {index:3;}">
                    <Coords points="1615,2435 1865,2435 1865,2475 1615,2475"/>
                    <TextEquiv>
                        <Unicode>compositeur</Unicode>
                    </TextEquiv>
                    <TextStyle fontFamily="Times New Roman" fontSize="9.0"/>
                </Word>
                <TextEquiv>
                    <Unicode>4270 CHERUBINI (Luigi), compositeur</Unicode>
                </TextEquiv>
            </TextLine>
            <TextEquiv>
                <Unicode>4270 CHERUBINI (Luigi), compositeur</Unicode>
            </TextEquiv>
        </TextRegion>
        <TextRegion type="paragraph" id="r_3_19" custom="readingOrder {index:39;}">
            <Coords points="1053,2482 1865,2482 1865,2624 1053,2624"/>
            <TextLine id="tl_108" primaryLanguage="English" custom="readingOrder {index:0;}">
                <Coords points="1055,2483 1863,2483 1863,2522 1055,2522"/>
                <Baseline points="1055,2518 1192,2517 1259,2508 1413,2516 1465,2515 1514,2515 1604,2514 1799,2522 1863,2514"/>
                <Word id="w_w2aab1b5b2c37b1ab1" language="English" custom="readingOrder {index:0;}">
                    <Coords points="1055,2487 1192,2487 1192,2519 1055,2519"/>
                    <TextEquiv>
                        <Unicode>italien.</Unicode>
                    </TextEquiv>
                    <TextStyle fontFamily="Times New Roman" fontSize="9.0"/>
                </Word>
                <Word id="w_w2aab1b5b2c37b1ac19" language="English" custom="readingOrder {index:1;}">
                    <Coords points="1212,2504 1259,2504 1259,2508 1212,2508"/>
                    <TextEquiv>
                        <Unicode>—</Unicode>
                    </TextEquiv>
                    <TextStyle fontFamily="Times New Roman" fontSize="9.0"/>
                </Word>
                <Word id="w_w2aab1b5b2c37b1ac23" language="English" custom="readingOrder {index:2;}">
                    <Coords points="1288,2486 1413,2486 1413,2516 1288,2516"/>
                    <TextEquiv>
                        <Unicode>Lettre</Unicode>
                    </TextEquiv>
                    <TextStyle fontFamily="Times New Roman" fontSize="9.0"/>
                </Word>
                <Word id="w_w2aab1b5b2c37b1ac37" language="English" custom="readingOrder {index:3;}">
                    <Coords points="1434,2494 1465,2494 1465,2515 1434,2515"/>
                    <TextEquiv>
                        <Unicode>a.</Unicode>
                    </TextEquiv>
                    <TextStyle fontFamily="Times New Roman" fontSize="9.0"/>
                </Word>
                <Word id="w_w2aab1b5b2c37b1ac43" language="English" custom="readingOrder {index:4;}">
                    <Coords points="1487,2492 1514,2492 1514,2515 1487,2515"/>
                    <TextEquiv>
                        <Unicode>s.</Unicode>
                    </TextEquiv>
                    <TextStyle fontFamily="Times New Roman" fontSize="9.0"/>
                </Word>
                <Word id="w_w2aab1b5b2c37b1ac49" language="English" custom="readingOrder {index:5;}">
                    <Coords points="1544,2484 1604,2484 1604,2522 1544,2522"/>
                    <TextEquiv>
                        <Unicode>(en</Unicode>
                    </TextEquiv>
                    <TextStyle fontFamily="Times New Roman" fontSize="9.0"/>
                </Word>
                <Word id="w_w2aab1b5b2c37b1ac57" language="English" custom="readingOrder {index:6;}">
                    <Coords points="1624,2483 1799,2483 1799,2522 1624,2522"/>
                    <TextEquiv>
                        <Unicode>français)</Unicode>
                    </TextEquiv>
                    <TextStyle fontFamily="Times New Roman" fontSize="9.0"/>
                </Word>
                <Word id="w_w2aab1b5b2c37b1ac77" language="English" custom="readingOrder {index:7;}">
                    <Coords points="1817,2492 1863,2492 1863,2514 1817,2514"/>
                    <TextEquiv>
                        <Unicode>au</Unicode>
                    </TextEquiv>
                    <TextStyle fontFamily="Times New Roman" fontSize="9.0"/>
                </Word>
                <TextEquiv>
                    <Unicode>italien. — Lettre a. s. (en français) au</Unicode>
                </TextEquiv>
                <TextStyle fontFamily="Times New Roman" fontSize="9.0"/>
            </TextLine>
            <TextLine id="tl_109" primaryLanguage="English" custom="readingOrder {index:1;}">
                <Coords points="1054,2531 1864,2531 1864,2575 1054,2575"/>
                <Baseline points="1054,2575 1213,2565 1525,2563 1668,2562 1717,2562 1772,2561 1864,2562"/>
                <Word id="w_w2aab1b5b2c37b3ab1" language="English" custom="readingOrder {index:0;}">
                    <Coords points="1054,2535 1213,2535 1213,2575 1054,2575"/>
                    <TextEquiv>
                        <Unicode>pianiste</Unicode>
                    </TextEquiv>
                    <TextStyle fontFamily="Times New Roman" fontSize="9.0"/>
                </Word>
                <Word id="w_w2aab1b5b2c37b3ac19" language="English" custom="readingOrder {index:1;}">
                    <Coords points="1241,2534 1525,2534 1525,2565 1241,2565"/>
                    <TextEquiv>
                        <Unicode>Zimmermann.</Unicode>
                    </TextEquiv>
                    <TextStyle fontFamily="Times New Roman" fontSize="9.0"/>
                </Word>
                <Word id="w_w2aab1b5b2c37b3ac43" language="English" custom="readingOrder {index:2;}">
                    <Coords points="1556,2531 1668,2531 1668,2563 1556,2563"/>
                    <TextEquiv>
                        <Unicode>Paris,</Unicode>
                    </TextEquiv>
                    <TextStyle fontFamily="Times New Roman" fontSize="9.0"/>
                </Word>
                <Word id="w_w2aab1b5b2c37b3ac57" language="English" custom="readingOrder {index:3;}">
                    <Coords points="1690,2539 1717,2539 1717,2562 1690,2562"/>
                    <TextEquiv>
                        <Unicode>s.</Unicode>
                    </TextEquiv>
                    <TextStyle fontFamily="Times New Roman" fontSize="9.0"/>
                </Word>
                <Word id="w_w2aab1b5b2c37b3ac63" language="English" custom="readingOrder {index:4;}">
                    <Coords points="1737,2531 1772,2531 1772,2561 1737,2561"/>
                    <TextEquiv>
                        <Unicode>d.</Unicode>
                    </TextEquiv>
                    <TextStyle fontFamily="Times New Roman" fontSize="9.0"/>
                </Word>
                <Word id="w_w2aab1b5b2c37b3ac69" language="English" custom="readingOrder {index:5;}">
                    <Coords points="1792,2539 1864,2539 1864,2562 1792,2562"/>
                    <TextEquiv>
                        <Unicode>une</Unicode>
                    </TextEquiv>
                    <TextStyle fontFamily="Times New Roman" fontSize="9.0"/>
                </Word>
                <TextEquiv>
                    <Unicode>pianiste Zimmermann. Paris, s. d. une</Unicode>
                </TextEquiv>
                <TextStyle fontFamily="Times New Roman" fontSize="9.0"/>
            </TextLine>
            <TextLine id="tl_110" primaryLanguage="English" custom="readingOrder {index:2;}">
                <Coords points="1054,2578 1862,2578 1862,2623 1054,2623"/>
                <Baseline points="1054,2623 1089,2614 1203,2613 1311,2612 1791,2610 1862,2610"/>
                <Word id="w_w2aab1b5b2c37b5ab1" language="English" custom="readingOrder {index:0;}">
                    <Coords points="1054,2592 1089,2592 1089,2623 1054,2623"/>
                    <TextEquiv>
                        <Unicode>p.</Unicode>
                    </TextEquiv>
                    <TextStyle fontFamily="Times New Roman" fontSize="9.0"/>
                </Word>
                <Word id="w_w2aab1b5b2c37b5ab7" language="English" custom="readingOrder {index:1;}">
                    <Coords points="1110,2584 1203,2584 1203,2622 1110,2622"/>
                    <TextEquiv>
                        <Unicode>petit</Unicode>
                    </TextEquiv>
                    <TextStyle fontFamily="Times New Roman" fontSize="9.0"/>
                </Word>
                <Word id="w_w2aab1b5b2c37b5ac19" language="English" custom="readingOrder {index:2;}">
                    <Coords points="1224,2581 1311,2581 1311,2612 1224,2612"/>
                    <TextEquiv>
                        <Unicode>in-8.</Unicode>
                    </TextEquiv>
                    <TextStyle fontFamily="Times New Roman" fontSize="9.0"/>
                </Word>
                <Word id="w_w2aab1b5b2c37b5ac31" language="English" custom="readingOrder {index:3;}">
                    <Coords points="1747,2578 1791,2578 1791,2610 1747,2610"/>
                    <TextEquiv>
                        <Unicode>25</Unicode>
                    </TextEquiv>
                    <TextStyle fontFamily="Times New Roman" fontSize="9.0"/>
                </Word>
                <Word id="w_w2aab1b5b2c37b5ac37" language="English" custom="readingOrder {index:4;}">
                    <Coords points="1817,2578 1862,2578 1862,2610 1817,2610"/>
                    <TextEquiv>
                        <Unicode>fr.</Unicode>
                    </TextEquiv>
                    <TextStyle fontFamily="Times New Roman" fontSize="9.0"/>
                </Word>
                <TextEquiv>
                    <Unicode>p. petit in-8. 25 fr.</Unicode>
                </TextEquiv>
                <TextStyle fontFamily="Times New Roman" fontSize="9.0"/>
            </TextLine>
            <TextEquiv>
                <Unicode>italien. — Lettre a. s. (en français) au
pianiste Zimmermann. Paris, s. d. une
p. petit in-8. 25 fr.</Unicode>
            </TextEquiv>
        </TextRegion>
        <TextRegion type="paragraph" id="r_3_20" custom="readingOrder {index:40;}">
            <Coords points="1091,2645 1867,2645 1867,2865 1091,2865"/>
            <TextLine id="tl_111" primaryLanguage="English" custom="readingOrder {index:0;}">
                <Coords points="1139,2646 1865,2646 1865,2681 1139,2681"/>
                <Baseline points="1139,2674 1149,2674 1207,2677 1290,2676 1427,2674 1505,2674 1618,2674 1800,2673 1865,2680"/>
                <Word id="w_w2aab1b5b2c39b1ab1" language="English" custom="readingOrder {index:0;}">
                    <Coords points="1139,2661 1149,2661 1149,2674 1139,2674"/>
                    <TextEquiv>
                        <Unicode>«</Unicode>
                    </TextEquiv>
                    <TextStyle fontFamily="Times New Roman" fontSize="7.0"/>
                </Word>
                <Word id="w_w2aab1b5b2c39b1ab5" language="English" custom="readingOrder {index:1;}">
                    <Coords points="1165,2650 1207,2650 1207,2677 1165,2677"/>
                    <TextEquiv>
                        <Unicode>Je</Unicode>
                    </TextEquiv>
                    <TextStyle fontFamily="Times New Roman" fontSize="7.0"/>
                </Word>
                <Word id="w_w2aab1b5b2c39b1ac11" language="English" custom="readingOrder {index:2;}">
                    <Coords points="1223,2649 1290,2649 1290,2677 1223,2677"/>
                    <TextEquiv>
                        <Unicode>suis</Unicode>
                    </TextEquiv>
                    <TextStyle fontFamily="Times New Roman" fontSize="7.0"/>
                </Word>
                <Word id="w_w2aab1b5b2c39b1ac21" language="English" custom="readingOrder {index:3;}">
                    <Coords points="1307,2647 1427,2647 1427,2681 1307,2681"/>
                    <TextEquiv>
                        <Unicode>chargé</Unicode>
                    </TextEquiv>
                    <TextStyle fontFamily="Times New Roman" fontSize="7.0"/>
                </Word>
                <Word id="w_w2aab1b5b2c39b1ac35" language="English" custom="readingOrder {index:4;}">
                    <Coords points="1444,2655 1505,2655 1505,2681 1444,2681"/>
                    <TextEquiv>
                        <Unicode>par</Unicode>
                    </TextEquiv>
                    <TextStyle fontFamily="Times New Roman" fontSize="7.0"/>
                </Word>
                <Word id="w_w2aab1b5b2c39b1ac43" language="English" custom="readingOrder {index:5;}">
                    <Coords points="1520,2648 1618,2648 1618,2674 1520,2674"/>
                    <TextEquiv>
                        <Unicode>votre</Unicode>
                    </TextEquiv>
                    <TextStyle fontFamily="Times New Roman" fontSize="7.0"/>
                </Word>
                <Word id="w_w2aab1b5b2c39b1ac55" language="English" custom="readingOrder {index:6;}">
                    <Coords points="1633,2646 1800,2646 1800,2673 1633,2673"/>
                    <TextEquiv>
                        <Unicode>commère</Unicode>
                    </TextEquiv>
                    <TextStyle fontFamily="Times New Roman" fontSize="7.0"/>
                </Word>
                <Word id="w_w2aab1b5b2c39b1ac71" language="English" custom="readingOrder {index:7;}">
                    <Coords points="1816,2646 1865,2646 1865,2680 1816,2680"/>
                    <TextEquiv>
                        <Unicode>(?)</Unicode>
                    </TextEquiv>
                    <TextStyle fontFamily="Times New Roman" fontSize="7.0"/>
                </Word>
                <TextEquiv>
                    <Unicode>« Je suis chargé par votre commère (?)</Unicode>
                </TextEquiv>
                <TextStyle fontFamily="Times New Roman" fontSize="7.0"/>
            </TextLine>
            <TextLine id="tl_112" primaryLanguage="English" custom="readingOrder {index:1;}">
                <Coords points="1093,2682 1865,2682 1865,2718 1093,2718"/>
                <Baseline points="1093,2714 1134,2714 1243,2712 1411,2711 1454,2710 1598,2710 1706,2709 1865,2709"/>
                <Word id="w_w2aab1b5b2c39b3ab1" language="English" custom="readingOrder {index:0;}">
                    <Coords points="1093,2687 1134,2687 1134,2714 1093,2714"/>
                    <TextEquiv>
                        <Unicode>de</Unicode>
                    </TextEquiv>
                    <TextStyle fontFamily="Times New Roman" fontSize="7.0"/>
                </Word>
                <Word id="w_w2aab1b5b2c39b3ab7" language="English" custom="readingOrder {index:1;}">
                    <Coords points="1158,2694 1243,2694 1243,2713 1158,2713"/>
                    <TextEquiv>
                        <Unicode>vous</Unicode>
                    </TextEquiv>
                    <TextStyle fontFamily="Times New Roman" fontSize="7.0"/>
                </Word>
                <Word id="w_w2aab1b5b2c39b3ac17" language="English" custom="readingOrder {index:2;}">
                    <Coords points="1268,2691 1411,2691 1411,2718 1268,2718"/>
                    <TextEquiv>
                        <Unicode>engager</Unicode>
                    </TextEquiv>
                    <TextStyle fontFamily="Times New Roman" fontSize="7.0"/>
                </Word>
                <Word id="w_w2aab1b5b2c39b3ac33" language="English" custom="readingOrder {index:3;}">
                    <Coords points="1434,2683 1454,2683 1454,2710 1434,2710"/>
                    <TextEquiv>
                        <Unicode>à</Unicode>
                    </TextEquiv>
                    <TextStyle fontFamily="Times New Roman" fontSize="7.0"/>
                </Word>
                <Word id="w_w2aab1b5b2c39b3ac37" language="English" custom="readingOrder {index:4;}">
                    <Coords points="1478,2683 1598,2683 1598,2710 1478,2710"/>
                    <TextEquiv>
                        <Unicode>dînner</Unicode>
                    </TextEquiv>
                    <TextStyle fontFamily="Times New Roman" fontSize="7.0"/>
                </Word>
                <Word id="w_w2aab1b5b2c39b3ac51" language="English" custom="readingOrder {index:5;}">
                    <Coords points="1621,2690 1706,2690 1706,2716 1621,2716"/>
                    <TextEquiv>
                        <Unicode>pour</Unicode>
                    </TextEquiv>
                    <TextStyle fontFamily="Times New Roman" fontSize="7.0"/>
                </Word>
                <Word id="w_w2aab1b5b2c39b3ac61" language="English" custom="readingOrder {index:6;}">
                    <Coords points="1730,2682 1865,2682 1865,2709 1730,2709"/>
                    <TextEquiv>
                        <Unicode>demain</Unicode>
                    </TextEquiv>
                    <TextStyle fontFamily="Times New Roman" fontSize="7.0"/>
                </Word>
                <TextEquiv>
                    <Unicode>de vous engager à dînner pour demain</Unicode>
                </TextEquiv>
                <TextStyle fontFamily="Times New Roman" fontSize="7.0"/>
            </TextLine>
            <TextLine id="tl_113" primaryLanguage="English" custom="readingOrder {index:2;}">
                <Coords points="1093,2718 1865,2718 1865,2753 1093,2753"/>
                <Baseline points="1093,2750 1232,2753 1290,2748 1384,2747 1450,2746 1558,2745 1711,2745 1781,2745 1865,2737"/>
                <Word id="w_w2aab1b5b2c39b5ab1" language="English" custom="readingOrder {index:0;}">
                    <Coords points="1093,2723 1232,2723 1232,2753 1093,2753"/>
                    <TextEquiv>
                        <Unicode>samedi,</Unicode>
                    </TextEquiv>
                    <TextStyle fontFamily="Times New Roman" fontSize="7.0"/>
                </Word>
                <Word id="w_w2aab1b5b2c39b5ac17" language="English" custom="readingOrder {index:1;}">
                    <Coords points="1257,2722 1290,2722 1290,2748 1257,2748"/>
                    <TextEquiv>
                        <Unicode>et</Unicode>
                    </TextEquiv>
                    <TextStyle fontFamily="Times New Roman" fontSize="7.0"/>
                </Word>
                <Word id="w_w2aab1b5b2c39b5ac23" language="English" custom="readingOrder {index:2;}">
                    <Coords points="1315,2722 1384,2722 1384,2747 1315,2747"/>
                    <TextEquiv>
                        <Unicode>afin</Unicode>
                    </TextEquiv>
                    <TextStyle fontFamily="Times New Roman" fontSize="7.0"/>
                </Word>
                <Word id="w_w2aab1b5b2c39b5ac33" language="English" custom="readingOrder {index:3;}">
                    <Coords points="1409,2720 1450,2720 1450,2747 1409,2747"/>
                    <TextEquiv>
                        <Unicode>de</Unicode>
                    </TextEquiv>
                    <TextStyle fontFamily="Times New Roman" fontSize="7.0"/>
                </Word>
                <Word id="w_w2aab1b5b2c39b5ac39" language="English" custom="readingOrder {index:4;}">
                    <Coords points="1474,2727 1558,2727 1558,2746 1474,2746"/>
                    <TextEquiv>
                        <Unicode>vous</Unicode>
                    </TextEquiv>
                    <TextStyle fontFamily="Times New Roman" fontSize="7.0"/>
                </Word>
                <Word id="w_w2aab1b5b2c39b5ac49" language="English" custom="readingOrder {index:5;}">
                    <Coords points="1583,2719 1711,2719 1711,2746 1583,2746"/>
                    <TextEquiv>
                        <Unicode>donner</Unicode>
                    </TextEquiv>
                    <TextStyle fontFamily="Times New Roman" fontSize="7.0"/>
                </Word>
                <Word id="w_w2aab1b5b2c39b5ac63" language="English" custom="readingOrder {index:6;}">
                    <Coords points="1736,2726 1781,2726 1781,2746 1736,2746"/>
                    <TextEquiv>
                        <Unicode>un</Unicode>
                    </TextEquiv>
                    <TextStyle fontFamily="Times New Roman" fontSize="7.0"/>
                </Word>
                <Word id="w_w2aab1b5b2c39b5ac69" language="English" custom="readingOrder {index:7;}">
                    <Coords points="1806,2718 1865,2718 1865,2745 1806,2745"/>
                    <TextEquiv>
                        <Unicode>sti¬</Unicode>
                    </TextEquiv>
                    <TextStyle fontFamily="Times New Roman" fontSize="7.0"/>
                </Word>
                <TextEquiv>
                    <Unicode>samedi, et afin de vous donner un sti¬</Unicode>
                </TextEquiv>
                <TextStyle fontFamily="Times New Roman" fontSize="7.0"/>
            </TextLine>
            <TextLine id="tl_114" primaryLanguage="English" custom="readingOrder {index:3;}">
                <Coords points="1093,2754 1866,2754 1866,2790 1093,2790"/>
                <Baseline points="1093,2786 1225,2785 1285,2784 1378,2783 1481,2782 1654,2781 1762,2781 1866,2774"/>
                <Word id="w_w2aab1b5b2c39b7ab1" language="English" custom="readingOrder {index:0;}">
                    <Coords points="1093,2759 1225,2759 1225,2786 1093,2786"/>
                    <TextEquiv>
                        <Unicode>mulant</Unicode>
                    </TextEquiv>
                    <TextStyle fontFamily="Times New Roman" fontSize="7.0"/>
                </Word>
                <Word id="w_w2aab1b5b2c39b7ac15" language="English" custom="readingOrder {index:1;}">
                    <Coords points="1244,2758 1285,2758 1285,2784 1244,2784"/>
                    <TextEquiv>
                        <Unicode>de</Unicode>
                    </TextEquiv>
                    <TextStyle fontFamily="Times New Roman" fontSize="7.0"/>
                </Word>
                <Word id="w_w2aab1b5b2c39b7ac21" language="English" custom="readingOrder {index:2;}">
                    <Coords points="1304,2757 1378,2757 1378,2790 1304,2790"/>
                    <TextEquiv>
                        <Unicode>plus</Unicode>
                    </TextEquiv>
                    <TextStyle fontFamily="Times New Roman" fontSize="7.0"/>
                </Word>
                <Word id="w_w2aab1b5b2c39b7ac31" language="English" custom="readingOrder {index:3;}">
                    <Coords points="1396,2763 1481,2763 1481,2789 1396,2789"/>
                    <TextEquiv>
                        <Unicode>pour</Unicode>
                    </TextEquiv>
                    <TextStyle fontFamily="Times New Roman" fontSize="7.0"/>
                </Word>
                <Word id="w_w2aab1b5b2c39b7ac41" language="English" custom="readingOrder {index:4;}">
                    <Coords points="1498,2756 1654,2756 1654,2788 1498,2788"/>
                    <TextEquiv>
                        <Unicode>accepter</Unicode>
                    </TextEquiv>
                    <TextStyle fontFamily="Times New Roman" fontSize="7.0"/>
                </Word>
                <Word id="w_w2aab1b5b2c39b7ac59" language="English" custom="readingOrder {index:5;}">
                    <Coords points="1672,2756 1762,2756 1762,2781 1672,2781"/>
                    <TextEquiv>
                        <Unicode>cette</Unicode>
                    </TextEquiv>
                    <TextStyle fontFamily="Times New Roman" fontSize="7.0"/>
                </Word>
                <Word id="w_w2aab1b5b2c39b7ac71" language="English" custom="readingOrder {index:6;}">
                    <Coords points="1780,2754 1866,2754 1866,2782 1780,2782"/>
                    <TextEquiv>
                        <Unicode>invi¬</Unicode>
                    </TextEquiv>
                    <TextStyle fontFamily="Times New Roman" fontSize="7.0"/>
                </Word>
                <TextEquiv>
                    <Unicode>mulant de plus pour accepter cette invi¬</Unicode>
                </TextEquiv>
                <TextStyle fontFamily="Times New Roman" fontSize="7.0"/>
            </TextLine>
            <TextLine id="tl_115" primaryLanguage="English" custom="readingOrder {index:4;}">
                <Coords points="1092,2790 1865,2790 1865,2826 1092,2826"/>
                <Baseline points="1092,2822 1215,2824 1270,2820 1376,2819 1553,2817 1641,2817 1692,2817 1865,2817"/>
                <Word id="w_w2aab1b5b2c39b9ab1" language="English" custom="readingOrder {index:0;}">
                    <Coords points="1092,2794 1215,2794 1215,2824 1092,2824"/>
                    <TextEquiv>
                        <Unicode>tation,</Unicode>
                    </TextEquiv>
                    <TextStyle fontFamily="Times New Roman" fontSize="7.0"/>
                </Word>
                <Word id="w_w2aab1b5b2c39b9ac17" language="English" custom="readingOrder {index:1;}">
                    <Coords points="1237,2794 1270,2794 1270,2826 1237,2826"/>
                    <TextEquiv>
                        <Unicode>je</Unicode>
                    </TextEquiv>
                    <TextStyle fontFamily="Times New Roman" fontSize="7.0"/>
                </Word>
                <Word id="w_w2aab1b5b2c39b9ac23" language="English" custom="readingOrder {index:2;}">
                    <Coords points="1292,2800 1376,2800 1376,2819 1292,2819"/>
                    <TextEquiv>
                        <Unicode>vous</Unicode>
                    </TextEquiv>
                    <TextStyle fontFamily="Times New Roman" fontSize="7.0"/>
                </Word>
                <Word id="w_w2aab1b5b2c39b9ac33" language="English" custom="readingOrder {index:3;}">
                    <Coords points="1399,2791 1553,2791 1553,2825 1399,2825"/>
                    <TextEquiv>
                        <Unicode>préviens</Unicode>
                    </TextEquiv>
                    <TextStyle fontFamily="Times New Roman" fontSize="7.0"/>
                </Word>
                <Word id="w_w2aab1b5b2c39b9ac51" language="English" custom="readingOrder {index:4;}">
                    <Coords points="1576,2798 1641,2798 1641,2825 1576,2825"/>
                    <TextEquiv>
                        <Unicode>que</Unicode>
                    </TextEquiv>
                    <TextStyle fontFamily="Times New Roman" fontSize="7.0"/>
                </Word>
                <Word id="w_w2aab1b5b2c39b9ac59" language="English" custom="readingOrder {index:5;}">
                    <Coords points="1663,2790 1692,2790 1692,2817 1663,2817"/>
                    <TextEquiv>
                        <Unicode>le</Unicode>
                    </TextEquiv>
                    <TextStyle fontFamily="Times New Roman" fontSize="7.0"/>
                </Word>
                <Word id="w_w2aab1b5b2c39b9ac65" language="English" custom="readingOrder {index:6;}">
                    <Coords points="1715,2791 1865,2791 1865,2817 1715,2817"/>
                    <TextEquiv>
                        <Unicode>Docteur</Unicode>
                    </TextEquiv>
                    <TextStyle fontFamily="Times New Roman" fontSize="7.0"/>
                </Word>
                <TextEquiv>
                    <Unicode>tation, je vous préviens que le Docteur</Unicode>
                </TextEquiv>
                <TextStyle fontFamily="Times New Roman" fontSize="7.0"/>
            </TextLine>
            <TextLine id="tl_116" primaryLanguage="English" custom="readingOrder {index:5;}">
                <Coords points="1092,2826 1630,2826 1630,2864 1092,2864"/>
                <Baseline points="1092,2858 1266,2856 1338,2856 1401,2854 1454,2854 1595,2854 1630,2850"/>
                <Word id="w_w2aab1b5b2c39c11ab1" language="English" custom="readingOrder {index:0;}">
                    <Coords points="1092,2829 1266,2829 1266,2864 1092,2864"/>
                    <TextEquiv>
                        <Unicode>Nagendie</Unicode>
                    </TextEquiv>
                    <TextStyle fontFamily="Times New Roman" fontSize="7.0"/>
                </Word>
                <Word id="w_w2aab1b5b2c39c11ac19" language="English" custom="readingOrder {index:1;}">
                    <Coords points="1288,2830 1338,2830 1338,2856 1288,2856"/>
                    <TextEquiv>
                        <Unicode>est</Unicode>
                    </TextEquiv>
                    <TextStyle fontFamily="Times New Roman" fontSize="7.0"/>
                </Word>
                <Word id="w_w2aab1b5b2c39c11ac27" language="English" custom="readingOrder {index:2;}">
                    <Coords points="1360,2828 1401,2828 1401,2855 1360,2855"/>
                    <TextEquiv>
                        <Unicode>de</Unicode>
                    </TextEquiv>
                    <TextStyle fontFamily="Times New Roman" fontSize="7.0"/>
                </Word>
                <Word id="w_w2aab1b5b2c39c11ac33" language="English" custom="readingOrder {index:3;}">
                    <Coords points="1423,2828 1454,2828 1454,2854 1423,2854"/>
                    <TextEquiv>
                        <Unicode>la</Unicode>
                    </TextEquiv>
                    <TextStyle fontFamily="Times New Roman" fontSize="7.0"/>
                </Word>
                <Word id="w_w2aab1b5b2c39c11ac39" language="English" custom="readingOrder {index:4;}">
                    <Coords points="1475,2826 1595,2826 1595,2861 1475,2861"/>
                    <TextEquiv>
                        <Unicode>partie.</Unicode>
                    </TextEquiv>
                    <TextStyle fontFamily="Times New Roman" fontSize="7.0"/>
                </Word>
                <Word id="w_w2aab1b5b2c39c11ac55" language="English" custom="readingOrder {index:5;}">
                    <Coords points="1620,2837 1630,2837 1630,2850 1620,2850"/>
                    <TextEquiv>
                        <Unicode>»</Unicode>
                    </TextEquiv>
                    <TextStyle fontFamily="Times New Roman" fontSize="7.0"/>
                </Word>
                <TextEquiv>
                    <Unicode>Nagendie est de la partie. »</Unicode>
                </TextEquiv>
                <TextStyle fontFamily="Times New Roman" fontSize="7.0"/>
            </TextLine>
            <TextEquiv>
                <Unicode>« Je suis chargé par votre commère (?)
de vous engager à dînner pour demain
samedi, et afin de vous donner un sti¬
mulant de plus pour accepter cette invi¬
tation, je vous préviens que le Docteur
Nagendie est de la partie. »</Unicode>
            </TextEquiv>
        </TextRegion>
        <TextRegion type="paragraph" id="r_3_21" custom="readingOrder {index:41;}">
            <Coords points="1006,2894 1863,2894 1863,3034 1006,3034"/>
            <TextLine id="tl_117" primaryLanguage="English" custom="readingOrder {index:0;}">
                <Coords points="1007,2895 1862,2895 1862,2932 1007,2932"/>
                <Baseline points="1007,2932 1026,2932 1154,2931 1411,2919 1569,2927 1636,2927 1698,2927 1756,2926 1862,2926"/>
                <Word id="w_w2aab1b5b2c41b1ab1" language="English" custom="readingOrder {index:0;}">
                    <Coords points="1007,2902 1094,2902 1094,2932 1007,2932"/>
                    <TextEquiv>
                        <Unicode>4271</Unicode>
                    </TextEquiv>
                    <TextStyle fontFamily="Times New Roman" fontSize="9.0"/>
                </Word>
                <Word id="w_w2aab1b5b2c41b1b1b1" language="English" custom="readingOrder {index:1;}">
                    <Coords points="1126,2900 1329,2900 1329,2931 1126,2931"/>
                    <TextEquiv>
                        <Unicode>CHIMIE.</Unicode>
                    </TextEquiv>
                    <TextStyle fontFamily="Times New Roman" fontSize="8.0" bold="true"/>
                </Word>
                <Word id="w_w2aab1b5b2c41b1b2b1" language="English" custom="readingOrder {index:2;}">
                    <Coords points="1363,2915 1411,2915 1411,2919 1363,2919"/>
                    <TextEquiv>
                        <Unicode>—</Unicode>
                    </TextEquiv>
                    <TextStyle fontFamily="Times New Roman" fontSize="9.0"/>
                </Word>
                <Word id="w_w2aab1b5b2c41b1b2b5" language="English" custom="readingOrder {index:3;}">
                    <Coords points="1444,2897 1569,2897 1569,2928 1444,2928"/>
                    <TextEquiv>
                        <Unicode>Lettre</Unicode>
                    </TextEquiv>
                    <TextStyle fontFamily="Times New Roman" fontSize="9.0"/>
                </Word>
                <Word id="w_w2aab1b5b2c41b1b2c19" language="English" custom="readingOrder {index:4;}">
                    <Coords points="1604,2905 1636,2905 1636,2927 1604,2927"/>
                    <TextEquiv>
                        <Unicode>a.</Unicode>
                    </TextEquiv>
                    <TextStyle fontFamily="Times New Roman" fontSize="9.0"/>
                </Word>
                <Word id="w_w2aab1b5b2c41b1b2c25" language="English" custom="readingOrder {index:5;}">
                    <Coords points="1671,2904 1698,2904 1698,2927 1671,2927"/>
                    <TextEquiv>
                        <Unicode>s.</Unicode>
                    </TextEquiv>
                    <TextStyle fontFamily="Times New Roman" fontSize="9.0"/>
                </Word>
                <Word id="w_w2aab1b5b2c41b1b2c31" language="English" custom="readingOrder {index:6;}">
                    <Coords points="1733,2895 1778,2895 1778,2926 1733,2926"/>
                    <TextEquiv>
                        <Unicode>de</Unicode>
                    </TextEquiv>
                    <TextStyle fontFamily="Times New Roman" fontSize="9.0"/>
                </Word>
                <Word id="w_w2aab1b5b2c41b1b3b1" language="English" custom="readingOrder {index:7;}">
                    <Coords points="1810,2896 1862,2896 1862,2926 1810,2926"/>
                    <TextEquiv>
                        <Unicode>De</Unicode>
                    </TextEquiv>
                    <TextStyle fontFamily="Times New Roman" fontSize="8.5" italic="true"/>
                </Word>
                <TextEquiv>
                    <Unicode>4271 CHIMIE. — Lettre a. s. de De</Unicode>
                </TextEquiv>
            </TextLine>
            <TextLine id="tl_118" primaryLanguage="English" custom="readingOrder {index:1;}">
                <Coords points="1057,2942 1862,2942 1862,2982 1057,2982"/>
                <Baseline points="1057,2980 1082,2980 1274,2978 1494,2982 1684,2974 1751,2973 1862,2965"/>
                <Word id="w_w2aab1b5b2c41b3ab1" language="English" custom="readingOrder {index:0;}">
                    <Coords points="1057,2947 1231,2947 1231,2980 1057,2980"/>
                    <TextEquiv>
                        <Unicode>Servières</Unicode>
                    </TextEquiv>
                    <TextStyle fontFamily="Times New Roman" fontSize="8.5" italic="true"/>
                </Word>
                <Word id="w_w2aab1b5b2c41b3b1b3" language="English" custom="readingOrder {index:1;}">
                    <Coords points="1254,2947 1274,2947 1274,2978 1254,2978"/>
                    <TextEquiv>
                        <Unicode>à</Unicode>
                    </TextEquiv>
                    <TextStyle fontFamily="Times New Roman" fontSize="9.0"/>
                </Word>
                <Word id="w_w2aab1b5b2c41b3b1b7" language="English" custom="readingOrder {index:2;}">
                    <Coords points="1299,2946 1494,2946 1494,2982 1299,2982"/>
                    <TextEquiv>
                        <Unicode>Delessert,</Unicode>
                    </TextEquiv>
                    <TextStyle fontFamily="Times New Roman" fontSize="9.0"/>
                </Word>
                <Word id="w_w2aab1b5b2c41b3b1c29" language="English" custom="readingOrder {index:3;}">
                    <Coords points="1518,2944 1684,2944 1684,2975 1518,2975"/>
                    <TextEquiv>
                        <Unicode>ministre</Unicode>
                    </TextEquiv>
                    <TextStyle fontFamily="Times New Roman" fontSize="9.0"/>
                </Word>
                <Word id="w_w2aab1b5b2c41b3b1c47" language="English" custom="readingOrder {index:4;}">
                    <Coords points="1707,2943 1751,2943 1751,2973 1707,2973"/>
                    <TextEquiv>
                        <Unicode>de</Unicode>
                    </TextEquiv>
                    <TextStyle fontFamily="Times New Roman" fontSize="9.0"/>
                </Word>
                <Word id="w_w2aab1b5b2c41b3b1c53" language="English" custom="readingOrder {index:5;}">
                    <Coords points="1774,2942 1862,2942 1862,2974 1774,2974"/>
                    <TextEquiv>
                        <Unicode>l’In¬</Unicode>
                    </TextEquiv>
                    <TextStyle fontFamily="Times New Roman" fontSize="9.0"/>
                </Word>
                <TextEquiv>
                    <Unicode>Servières à Delessert, ministre de l’In¬</Unicode>
                </TextEquiv>
            </TextLine>
            <TextLine id="tl_119" primaryLanguage="English" custom="readingOrder {index:2;}">
                <Coords points="1053,2990 1860,2990 1860,3033 1053,3033"/>
                <Baseline points="1053,3027 1200,3033 1354,3031 1488,3029 1589,3022 1719,3021 1860,3022"/>
                <Word id="w_w2aab1b5b2c41b5ab1" language="English" custom="readingOrder {index:0;}">
                    <Coords points="1053,2996 1200,2996 1200,3033 1053,3033"/>
                    <TextEquiv>
                        <Unicode>térieur,</Unicode>
                    </TextEquiv>
                    <TextStyle fontFamily="Times New Roman" fontSize="9.0"/>
                </Word>
                <Word id="w_w2aab1b5b2c41b5ac19" language="English" custom="readingOrder {index:1;}">
                    <Coords points="1242,2994 1354,2994 1354,3031 1242,3031"/>
                    <TextEquiv>
                        <Unicode>Paris,</Unicode>
                    </TextEquiv>
                    <TextStyle fontFamily="Times New Roman" fontSize="9.0"/>
                </Word>
                <Word id="w_w2aab1b5b2c41b5ac33" language="English" custom="readingOrder {index:2;}">
                    <Coords points="1387,2993 1488,2993 1488,3029 1387,3029"/>
                    <TextEquiv>
                        <Unicode>1791,</Unicode>
                    </TextEquiv>
                    <TextStyle fontFamily="Times New Roman" fontSize="9.0"/>
                </Word>
                <Word id="w_w2aab1b5b2c41b5ac45" language="English" custom="readingOrder {index:3;}">
                    <Coords points="1518,3000 1589,3000 1589,3022 1518,3022"/>
                    <TextEquiv>
                        <Unicode>une</Unicode>
                    </TextEquiv>
                    <TextStyle fontFamily="Times New Roman" fontSize="9.0"/>
                </Word>
                <Word id="w_w2aab1b5b2c41b5ac53" language="English" custom="readingOrder {index:4;}">
                    <Coords points="1629,2998 1719,2998 1719,3030 1629,3030"/>
                    <TextEquiv>
                        <Unicode>page</Unicode>
                    </TextEquiv>
                    <TextStyle fontFamily="Times New Roman" fontSize="9.0"/>
                </Word>
                <Word id="w_w2aab1b5b2c41b5ac63" language="English" custom="readingOrder {index:5;}">
                    <Coords points="1761,2990 1860,2990 1860,3022 1761,3022"/>
                    <TextEquiv>
                        <Unicode>in-f°.</Unicode>
                    </TextEquiv>
                    <TextStyle fontFamily="Times New Roman" fontSize="9.0"/>
                </Word>
                <TextEquiv>
                    <Unicode>térieur, Paris, 1791, une page in-f°.</Unicode>
                </TextEquiv>
                <TextStyle fontFamily="Times New Roman" fontSize="9.0"/>
            </TextLine>
            <TextEquiv>
                <Unicode>4271 CHIMIE. — Lettre a. s. de De
Servières à Delessert, ministre de l’In¬
térieur, Paris, 1791, une page in-f°.</Unicode>
            </TextEquiv>
        </TextRegion>
        <TextRegion type="paragraph" id="r_3_22" custom="readingOrder {index:42;}">
            <Coords points="1742,3037 1859,3037 1859,3071 1742,3071"/>
            <TextLine id="tl_120" primaryLanguage="English" custom="readingOrder {index:0;}">
                <Coords points="1743,3038 1858,3038 1858,3070 1743,3070"/>
                <Baseline points="1743,3070 1788,3070 1858,3070"/>
                <Word id="w_w2aab1b5b2c43b1ab1" language="English" custom="readingOrder {index:0;}">
                    <Coords points="1743,3039 1788,3039 1788,3070 1743,3070"/>
                    <TextEquiv>
                        <Unicode>25</Unicode>
                    </TextEquiv>
                    <TextStyle fontFamily="Times New Roman" fontSize="9.0"/>
                </Word>
                <Word id="w_w2aab1b5b2c43b1ab7" language="English" custom="readingOrder {index:1;}">
                    <Coords points="1815,3038 1858,3038 1858,3070 1815,3070"/>
                    <TextEquiv>
                        <Unicode>fr.</Unicode>
                    </TextEquiv>
                    <TextStyle fontFamily="Times New Roman" fontSize="9.0"/>
                </Word>
                <TextEquiv>
                    <Unicode>25 fr.</Unicode>
                </TextEquiv>
                <TextStyle fontFamily="Times New Roman" fontSize="9.0"/>
            </TextLine>
            <TextEquiv>
                <Unicode>25 fr.</Unicode>
            </TextEquiv>
        </TextRegion>
        <TextRegion type="paragraph" id="r_4_1" custom="readingOrder {index:43;}">
            <Coords points="491,3125 1447,3125 1447,3170 491,3170"/>
            <TextLine id="tl_121" primaryLanguage="English" custom="readingOrder {index:0;}">
                <Coords points="492,3126 1446,3126 1446,3169 492,3169"/>
                <Baseline points="492,3167 640,3167 738,3167 935,3168 1030,3167 1446,3163"/>
                <Word id="w_w2aab1b7b2b1b1ab1" language="English" custom="readingOrder {index:0;}">
                    <Coords points="492,3140 640,3140 640,3167 492,3167"/>
                    <TextEquiv>
                        <Unicode>ACHAT</Unicode>
                    </TextEquiv>
                    <TextStyle fontFamily="Times New Roman" fontSize="7.0"/>
                </Word>
                <Word id="w_w2aab1b7b2b1b1ac13" language="English" custom="readingOrder {index:1;}">
                    <Coords points="676,3140 738,3140 738,3167 676,3167"/>
                    <TextEquiv>
                        <Unicode>DE</Unicode>
                    </TextEquiv>
                    <TextStyle fontFamily="Times New Roman" fontSize="7.0"/>
                </Word>
                <Word id="w_w2aab1b7b2b1b1ac19" language="English" custom="readingOrder {index:2;}">
                    <Coords points="775,3140 935,3140 935,3169 775,3169"/>
                    <TextEquiv>
                        <Unicode>LIVRES</Unicode>
                    </TextEquiv>
                    <TextStyle fontFamily="Times New Roman" fontSize="7.0"/>
                </Word>
                <Word id="w_w2aab1b7b2b1b1ac33" language="English" custom="readingOrder {index:3;}">
                    <Coords points="974,3140 1030,3140 1030,3168 974,3168"/>
                    <TextEquiv>
                        <Unicode>ET</Unicode>
                    </TextEquiv>
                    <TextStyle fontFamily="Times New Roman" fontSize="7.0"/>
                </Word>
                <Word id="w_w2aab1b7b2b1b1ac39" language="English" custom="readingOrder {index:4;}">
                    <Coords points="1066,3126 1446,3126 1446,3166 1066,3166"/>
                    <TextEquiv>
                        <Unicode>D’AUTOGRAPHES</Unicode>
                    </TextEquiv>
                    <TextStyle fontFamily="Times New Roman" fontSize="7.0"/>
                </Word>
                <TextEquiv>
                    <Unicode>ACHAT DE LIVRES ET D’AUTOGRAPHES</Unicode>
                </TextEquiv>
                <TextStyle fontFamily="Times New Roman" fontSize="7.0"/>
            </TextLine>
            <TextEquiv>
                <Unicode>ACHAT DE LIVRES ET D’AUTOGRAPHES</Unicode>
            </TextEquiv>
        </TextRegion>
        <SeparatorRegion id="r_5" custom="readingOrder {index:44;}">
            <Coords points="1753,48 1944,48 1944,55 1753,55"/>
        </SeparatorRegion>
        <SeparatorRegion id="r_6" custom="readingOrder {index:45;}">
            <Coords points="969,878 981,878 981,3087 969,3087"/>
        </SeparatorRegion>
        <SeparatorRegion id="r_7" custom="readingOrder {index:46;}">
            <Coords points="978,219 985,219 985,878 978,878"/>
        </SeparatorRegion>
        <SeparatorRegion id="r_8" custom="readingOrder {index:47;}">
            <Coords points="2043,1468 2049,1468 2049,1628 2043,1628"/>
        </SeparatorRegion>
        <SeparatorRegion id="r_9" custom="readingOrder {index:48;}">
            <Coords points="2044,138 2054,138 2054,354 2044,354"/>
        </SeparatorRegion>
        <SeparatorRegion id="r_10" custom="readingOrder {index:49;}">
            <Coords points="2046,950 2051,950 2051,1062 2046,1062"/>
        </SeparatorRegion>
        <SeparatorRegion id="r_11" custom="readingOrder {index:50;}">
            <Coords points="2047,430 2053,430 2053,560 2047,560"/>
        </SeparatorRegion>
    </Page>
</PcGts>
