2121 3423
249 189 272 230 4

1486 203 1718 235 LIBRAIRIE
1755 206 1892 237 SIMON
1930 210 2019 238 KRA

381 293 392 306 »
416 282 592 309 Comment
618 290 774 316 marquer
796 282 838 310 de
861 281 1007 310 l’intérêt
1031 282 1050 310 à
1077 282 1106 311 la

336 318 443 345 Revue
463 318 516 345 des
537 319 655 345 Lettres
676 321 704 345 et
724 319 777 345 des
798 320 875 346 Arts
896 320 992 346 sinon
1013 327 1052 346 en
1076 320 1106 347 la

336 354 438 381 lisant
463 356 496 381 et
522 354 554 381 la
580 355 703 382 faisant
728 355 798 382 lire.
825 365 835 379 »

250 436 341 467 4216
368 437 651 467 ARISTIPPE
702 436 905 477 (Aristippe
955 437 1103 467 Bernier

296 484 340 514 de
361 484 536 524 Maligny,
550 485 632 524 dit),
654 486 780 515 acteur
800 484 958 523 français
978 484 1101 523 (1790-

297 531 415 572 1864).
449 549 497 553 —
539 532 663 563 Lettre
694 541 725 563 a.
757 541 784 563 s.
817 532 837 563 à
868 532 1028 563 Manière
1058 533 1102 563 de

296 579 400 611 Saint
416 596 430 601 -
444 579 608 617 Gervais,
647 580 770 610 Sainte
809 580 964 618 Pélagie,
1000 580 1100 617 1822,

294 627 315 659 3
341 636 376 666 p.
398 627 486 658 in-4.
509 627 564 658 On
592 636 616 667 y
644 637 664 658 a
690 627 785 666 joint
814 637 862 658 un
891 628 991 658 billet
1018 637 1049 659 a.
1072 637 1099 659 s.

294 675 339 706 de
373 675 663 712 Saint-Gervais,
693 676 794 712 1826,
823 684 891 706 une
927 684 961 708 o.
989 675 1099 707 in-12.

985 724 1029 754 25
1056 723 1100 754 fr.

379 794 389 807 »
418 783 548 811 J’avais
579 784 640 812 fait
671 792 736 811 une
765 784 864 811 lettre
893 785 934 811 de
964 784 1102 818 change,

334 821 411 847 tout
425 819 444 847 à
458 827 544 854 coup
558 828 602 847 on
620 820 700 846 s'est
721 820 875 853 présenté
894 822 928 847 et
947 828 990 847 on
1009 820 1103 848 vient

333 856 374 883 de
392 864 445 883 me
462 857 585 883 mettre
602 855 621 882 à
639 856 754 883 Sainte
772 856 914 889 Pélagie.
936 857 1014 883 Mon
1032 857 1103 883 état

334 893 384 918 est
413 892 519 925 perdu
548 892 575 918 si
608 891 658 925 j’y
692 893 780 919 reste
808 892 992 919 seulement
1022 893 1103 919 trois

332 928 436 961 jours.
459 928 501 954 Je
523 928 590 954 suis
612 928 675 954 allé
698 936 738 954 en
761 928 864 955 soirée
886 928 965 955 chez
988 928 1016 954 le
1038 929 1103 955 duc

333 964 520 990 d’Aumont
547 965 590 990 où
616 964 676 997 j’ai
702 964 807 997 perdu
835 972 913 991 mon
940 966 1056 997 argent
1082 964 1102 992 à

334 1000 480 1027 l’écarté.
509 1010 519 1022 »

245 1083 335 1114 4217
363 1076 561 1113 ARMÉE.
598 1100 644 1104 —
682 1083 785 1113 Pièce
822 1091 848 1113 s.
887 1082 930 1113 de
968 1082 1101 1113 Claude

290 1131 478 1167 Dameuse,
521 1131 769 1162 commissaire
812 1130 1100 1162 extraordinaire

292 1179 336 1209 de
369 1178 566 1210 l'artillerie
587 1188 595 1215 ;
628 1179 861 1216 Strasbourg,
896 1179 996 1215 1696,
1029 1187 1099 1210 une

292 1233 383 1266 page
406 1226 518 1263 in-12,
542 1226 613 1256 obi.
637 1235 699 1257 sur
720 1226 876 1256 formule
898 1225 1098 1266 imprimée,

291 1283 318 1305 s.
348 1274 575 1314 parchemin.
984 1274 1028 1304 30
1054 1274 1097 1305 fr.

374 1336 467 1369 Reçu
494 1336 536 1363 de
563 1334 717 1363 soixante
744 1336 864 1369 quinze
891 1336 989 1362 livres
1016 1344 1100 1369 pour

328 1370 376 1398 les
416 1383 426 1395 «
464 1372 577 1405 Aydes
614 1373 648 1398 et
686 1372 966 1398 extraordinaires
1003 1372 1100 1398 d’Es-

330 1408 443 1434 tienne
479 1408 638 1438 Landais,
674 1408 841 1434 Trésorier
882 1408 1021 1434 Général
1059 1408 1099 1434 de

329 1443 520 1471 l’Artillerie
541 1444 583 1471 de
604 1444 742 1475 France,
763 1443 783 1470 à
804 1444 835 1470 la
856 1444 943 1470 suite
963 1444 1004 1470 de
1026 1443 1098 1470 l’ar¬

329 1480 401 1507 mée
442 1480 488 1507 du
529 1479 606 1514 Roy
641 1480 860 1507 commandée
895 1488 955 1513 par
990 1480 1034 1507 M.
1069 1479 1099 1506 le

330 1516 515 1543 Mareschal
538 1516 580 1543 de
602 1516 767 1543 Choiseul.
793 1526 803 1538 »

241 1598 332 1629 4218
358 1599 723 1629 ASSOCIATION
744 1600 843 1629 DES
858 1600 1094 1629 LETTRES

288 1647 355 1676 ET
386 1647 485 1677 DES
516 1647 666 1677 ARTS.
777 1648 899 1677 Lettre
930 1646 1095 1677 adressée

287 1695 332 1725 au
348 1695 426 1725 Duc
441 1695 481 1724 de
497 1694 651 1734 Luynes,
669 1695 770 1731 1852,
787 1695 807 1725 2
824 1704 858 1733 p.
876 1694 962 1725 in-4.
980 1695 1023 1725 25
1050 1695 1093 1725 fr.

369 1762 655 1789 Remerciements
682 1770 765 1796 pour
792 1763 836 1789 les
862 1762 972 1789 billets
997 1763 1038 1789 de
1064 1762 1094 1790 la

327 1797 458 1825 Loterie
488 1799 528 1825 de
556 1798 790 1825 Bienfaisance
820 1806 884 1832 que
914 1798 942 1825 le
973 1799 1046 1825 Duc
1075 1807 1093 1825 a

324 1834 401 1861 bien
415 1835 517 1861 voulu
531 1835 682 1868 prendre.
696 1835 846 1861 Environ
859 1835 900 1861 80
911 1835 1093 1867 signatures

323 1870 538 1904 autographes
566 1871 672 1903 parmi
696 1870 868 1904 lesquelles
886 1878 893 1897 :
920 1870 1094 1897 Ambroise

326 1906 483 1938 Thomas,
544 1906 654 1933 Emile
712 1907 860 1937 Ollivier,
921 1906 1092 1939 Jouffroy,

334 1942 468 1976 Taylor,
492 1942 529 1969 F.
548 1942 693 1976 Halévy,
712 1942 847 1974 Taskin,
866 1942 1009 1974 Onslow,
1027 1943 1091 1970 etc.

236 2022 327 2053 4219
353 2024 571 2053 AUBERT
623 2022 777 2061 (Louis),
830 2022 1088 2061 compositeur.

282 2088 328 2093 —
344 2071 470 2102 Lettre
488 2080 519 2102 a.
538 2079 564 2101 s.
585 2070 698 2108 Paris,
719 2071 819 2106 1924,
837 2077 906 2100 une
924 2078 946 2109 p
978 2070 1086 2100 in-12.

976 2117 1016 2148 15
1043 2117 1087 2148 fr.

367 2191 376 2204 »
401 2180 443 2207 Je
468 2188 520 2207 me
544 2179 667 2214 réjouis
692 2179 798 2209 d’être
822 2179 1005 2212 interprété
1029 2187 1089 2212 par

321 2223 405 2243 vous
429 2224 470 2243 en
495 2216 686 2249 Amérique.
712 2226 723 2239 -

232 2298 323 2330 4220
350 2299 572 2328 AUMALE
623 2297 753 2336 (Henri
769 2314 782 2318 -
798 2297 947 2336 Eugène
962 2314 974 2318 -
992 2297 1056 2327 Phi
1073 2314 1085 2318 -

280 2346 504 2386 lippe-Louis
523 2344 726 2382 d’Orléans,
745 2345 815 2375 duc
833 2344 895 2384 d’).
914 2362 961 2366 —
978 2345 1084 2376 Deux

279 2393 404 2425 lettres
438 2394 528 2424 dont
562 2402 632 2424 une
666 2402 697 2423 a.
732 2401 758 2423 s.
794 2394 830 2422 et
862 2392 994 2422 l’autre
1026 2401 1053 2423 s.
1075 2401 1083 2430 ;

279 2441 478 2480 Chantilly,
501 2440 712 2476 1884-1885,
733 2440 752 2470 2
773 2448 808 2478 p.
830 2440 939 2470 in-12.
972 2440 1011 2470 15
1039 2440 1081 2470 fr.

360 2509 645 2536 Remerciements
690 2507 710 2535 à
756 2516 801 2534 un
847 2508 996 2535 confrère
1043 2509 1084 2536 de

315 2544 532 2575 l’Académie,
557 2552 641 2578 pour
664 2544 814 2572 volumes
839 2544 995 2577 envoyés.

229 2626 317 2657 4221
347 2626 522 2665 AUREL
554 2625 768 2665 {Madame).
798 2640 846 2646 —
876 2627 1079 2655 ALFRED

274 2674 534 2703 MORTIER.
562 2690 608 2694 —
636 2673 741 2703 Deux
768 2672 911 2703 articles
939 2674 1080 2712 biogra¬

275 2722 442 2760 phiques,
472 2720 579 2751 écrits
610 2729 675 2759 par
704 2720 799 2750 deux
830 2720 1006 2751 Hommes
1036 2722 1080 2751 de

275 2769 437 2806 Lettres;
460 2768 643 2799 ensemble
665 2768 684 2797 8
700 2774 809 2806 pages
831 2769 908 2798 aut.
927 2767 1078 2806 signées.

965 2815 1008 2845 60
1034 2815 1076 2846 fr.

224 2905 316 2936 4222
341 2898 509 2935 AVÈZE
542 2904 763 2944 (Marquisat
801 2904 864 2943 d’).
901 2921 945 2925 —
976 2905 1076 2935 Pièce

272 2962 299 2983 s.
323 2953 367 2983 de
390 2953 515 2983 Victor
535 2953 579 2982 de
602 2952 747 2982 Tresars
770 2951 813 2982 de
835 2951 1010 2982 Beaufort
1032 2952 1076 2982 de

272 3000 424 3037 Vabres,
451 3000 616 3039 seigneur
642 3001 677 3029 et
704 2999 864 3038 Marquis
890 2999 935 3029 de
958 2999 1075 3030 Beau-

270 3048 345 3078 fort
373 3047 544 3078 d’Avèze.
565 3055 573 3084 ;
602 3055 628 3077 s.
650 3047 671 3076 1.
696 3046 795 3082 1682,
824 3055 894 3076 une
923 3055 957 3085 p.
987 3046 1073 3076 in-f°

271 3094 342 3126 obi.
367 3094 589 3134 parchemin,
612 3102 702 3125 avec
722 3102 841 3124 sceau.
958 3093 1002 3124 30
1028 3093 1071 3124 fr.

1308 285 1402 312 Pièce
1428 286 1566 314 relative
1589 295 1632 314 au
1658 288 1842 322 marquisat
1867 288 2026 318 d’Avèze.

1264 321 1482 349 Nomination
1514 323 1554 349 de
1592 323 1710 350 Michel
1743 324 1841 351 Point
1873 325 2023 357 Chabrit,

1263 356 1282 384 à
1296 357 1413 384 l’office
1425 359 1466 384 de
1479 366 1668 391 procureur,
1682 360 1765 388 dans
1777 368 1813 387 ce
1827 362 2024 395 marquisat,

1264 403 1274 416 «
1295 394 1435 420 voulant
1456 394 1564 420 oultre
1584 395 1666 429 qu’il
1685 395 1733 422 ait
1754 402 1813 422 son
1834 396 2022 424 habitation

1262 436 1344 455 avec
1363 437 1398 456 sa
1419 430 1542 456 famille
1561 438 1598 464 sy
1618 431 1684 457 bon
1708 431 1766 464 luy
1791 432 1914 459 semble
1939 433 2022 460 dans

1261 466 1358 491 notre
1383 465 1542 493 chasteau
1568 466 1724 493 d’Avèze.
1752 477 1762 490 »

1176 539 1266 570 4223
1314 541 1661 571 BACHELIER
1709 542 2022 583 (Jean-Jacques),

1222 587 1363 626 peintre
1397 588 1441 618 de
1475 597 1664 628 paysages,
1699 590 1879 621 directeur
1912 591 1956 621 de
1990 592 2022 622 la

1222 635 1478 667 manufacture
1502 636 1546 666 de
1571 637 1709 668 Sèvres.
1732 654 1779 659 —
1804 637 1841 668 P.
1867 647 1894 670 s.
1922 639 2022 675 1777,

1225 682 1239 712 1
1266 691 1299 721 p.
1323 682 1439 714 in-fol.
1464 684 1567 723 impr.
1591 686 1628 715 et
1650 686 1882 716 manuscrite.
1910 685 1953 716 20
1979 686 2022 717 fr.

1303 744 1426 771 Brevet
1453 745 1493 772 de
1520 746 1641 772 second
1668 746 1742 779 prix
1768 746 2025 775 d’architecture

1261 780 1400 807 décerné
1431 780 1450 808 à
1484 781 1694 815 Hassenfratz
1725 782 1768 815 (le
1800 783 1927 810 célèbre
1958 783 2025 810 chi¬

1262 816 1384 848 miste),
1398 816 1489 843 élève
1500 817 1541 844 de
1559 817 1675 851 l’Ecole
1693 819 1829 851 gratuite
1845 819 1882 845 de
1904 819 2022 846 dessin.

1176 890 1265 921 4224
1292 892 1701 922 BADEN-BADEN
1784 894 2022 927 (Ferdinand-

1223 938 1463 976 Maximilien,
1490 940 1614 979 prince
1635 941 1707 980 de),
1730 940 1773 972 né
1795 950 1837 971 en
1862 942 1961 978 1600,
1974 950 2020 972 m.

1222 994 1266 1016 en
1297 987 1396 1017 1669.
1417 1004 1464 1008 —
1492 988 1617 1018 Lettre
1648 997 1674 1019 s.
1706 988 1765 1027 (en
1796 989 1980 1029 français),
2001 989 2021 1020 5

1223 1033 1333 1072 lignes
1356 1036 1498 1074 autogr.
1520 1035 1658 1073 Baden,
1678 1036 1778 1073 1668,
1796 1045 1865 1067 une
1882 1045 1915 1076 p.
1934 1037 2021 1074 in-4,

1221 1081 1361 1112 cachet.
1389 1081 1432 1112 25
1460 1082 1504 1113 fr.

1304 1153 1315 1167 «
1338 1143 1418 1177 J’ay
1441 1151 1504 1171 veu
1529 1152 1594 1178 que
1617 1152 1701 1172 vous
1724 1152 1805 1172 avez
1835 1153 1933 1173 encor
1957 1146 2021 1180 pris

1260 1179 1290 1205 la
1310 1179 1406 1213 peine
1425 1179 1500 1206 d'en
1506 1182 1579 1207 trou
1584 1188 1641 1207 ver
1661 1189 1703 1207 un
1724 1180 1790 1208 bon
1813 1182 1946 1208 Maistre
1965 1183 2022 1216 qui

1259 1214 1412 1242 s’entend
1460 1215 1526 1242 fort
1574 1216 1650 1243 bien
1698 1216 1717 1243 à
1767 1217 2021 1245 l’architecture.

1259 1251 1300 1277 Je
1323 1258 1405 1278 vous
1427 1259 1470 1284 ay
1493 1252 1569 1278 bien
1592 1253 1633 1279 de
1654 1252 1901 1285 l’obligation...
1928 1264 1938 1276 »

1171 1343 1218 1347 —
1244 1327 1448 1356 BALZAC
1480 1326 1646 1363 (Honoré
1674 1327 1746 1367 de).
1774 1345 1821 1349 —
1848 1328 1933 1359 Voir
1952 1328 1985 1360 N
1989 1332 2018 1348 05

1219 1373 1321 1411 4345,
1343 1374 1446 1411 4420,
1468 1374 1571 1406 4627.

1171 1450 1261 1481 4225
1288 1453 1549 1481 BANVILLE
1574 1452 1777 1491 (Théodore
1802 1452 1873 1492 de),
1900 1454 2016 1492 poète.

1216 1516 1263 1520 —
1280 1499 1319 1530 L.
1340 1509 1372 1530 a.
1392 1508 1418 1530 s.
1440 1500 1460 1530 à
1478 1499 1525 1530 M.
1547 1500 1699 1538 Léonce,
1720 1501 1819 1538 1895,
1841 1502 1855 1531 1
1877 1509 1910 1540 p.
1931 1501 2016 1532 in-8.

1903 1548 1946 1579 20
1972 1548 2015 1580 fr.

1301 1609 1485 1637 Invitation
1513 1617 1597 1643 pour
1623 1621 1633 1633 »
1659 1610 1752 1637 venir
1778 1617 1912 1643 manger
1936 1618 2018 1637 avec

1256 1653 1350 1677 nous,
1372 1645 1452 1673 chez
1476 1646 1598 1680 Magny
1620 1646 1650 1673 la
1673 1646 1756 1673 belle
1778 1647 1877 1673 dinde
1900 1647 2018 1673 truffée

1255 1688 1319 1715 que
1345 1689 1429 1708 vous
1456 1689 1565 1709 savez.
1595 1692 1606 1705 »

1168 1749 1258 1780 4226
1284 1751 1495 1780 BARBEY
1517 1751 1549 1779 D
1566 1752 1861 1780 AUREVILLY
1882 1751 2014 1790 (Jules)

1215 1796 1432 1828 littérateur.
1450 1815 1498 1820 —
1516 1798 1556 1829 L.
1577 1807 1608 1829 a.
1629 1807 1656 1829 s.
1677 1799 1697 1829 à
1716 1799 1762 1830 M.
1784 1798 1920 1835 Nadar,
1942 1800 1956 1829 1
1978 1807 2013 1838 p.

1214 1845 1289 1875 in-8
1310 1845 1347 1884 (à
1368 1844 1500 1876 l’encre
1520 1846 1657 1886 rouge).
1900 1846 1942 1877 35
1968 1845 2012 1877 fr.

1296 1916 1306 1929 «
1336 1906 1427 1933 Vous
1456 1914 1538 1934 avez
1567 1907 1611 1934 dû
1642 1907 1787 1934 recevoir
1816 1907 1845 1934 le
1874 1907 2014 1940 premier

1251 1941 1402 1975 chapitre
1429 1943 1470 1969 de
1496 1950 1574 1969 mon
1601 1950 1717 1970 roman
1745 1944 1778 1970 et
1803 1942 1861 1976 j’ai
1888 1943 2013 1969 obtenu

1251 1978 1295 2004 du
1319 1978 1370 2004 Gil
1392 1979 1468 2005 Blas
1491 1979 1593 2012 qu’on
1616 1987 1698 2005 vous
1721 1979 1817 2005 ferait
1840 1979 1867 2005 le
1889 1979 2013 2005 service

1251 2014 1400 2047 pendant
1423 2015 1518 2041 toute
1539 2023 1575 2042 sa
1595 2014 1814 2048 publication.
1838 2024 1848 2038 »

1163 2089 1252 2120 4227
1280 2091 1559 2120 BARBUSSE
1599 2090 1757 2129 (Henri),
1798 2091 2008 2121 romancier.

1207 2154 1255 2158 —
1282 2137 1320 2168 L.
1349 2146 1380 2168 a.
1408 2146 1436 2168 s.
1465 2137 1486 2168 à
1512 2137 1668 2168 Laurent
1700 2137 1878 2174 Tailhude,
1908 2138 2008 2174 1919,

1211 2185 1225 2214 1
1255 2193 1288 2224 p.
1316 2185 1404 2216 in-4.
1894 2185 1937 2215 20
1964 2185 2006 2216 fr.

1291 2248 1341 2274 Au
1374 2248 1462 2281 sujet
1494 2247 1535 2274 de
1567 2247 1597 2274 la
1629 2247 1777 2274 création
1809 2247 1853 2274 du
1886 2253 2008 2280 groupe

1248 2294 1258 2306 «
1277 2284 1387 2310 Clarté
1406 2294 1416 2306 n
1435 2284 1480 2310 du
1499 2283 1686 2313 manifeste,
1705 2283 1749 2309 du
1767 2283 1888 2309 comité
1906 2283 2008 2309 direc¬

1245 2320 1331 2350 teur,
1357 2320 1391 2346 et
1415 2319 1472 2345 des
1498 2320 1634 2345 statuts.
1664 2318 1689 2344 Il
1715 2318 1744 2345 le
1768 2318 1837 2352 prie
1861 2318 1902 2344 de
1928 2318 2008 2344 faire

1246 2355 1356 2381 savoir
1389 2354 1439 2381 s’il
1470 2356 1607 2388 accepte
1638 2354 1679 2382 de
1713 2355 1832 2387 figurer
1863 2354 1946 2380 dans
1978 2353 2006 2380 le

1245 2390 1379 2417 comité.

1157 2460 1247 2491 4228
1274 2454 1483 2490 BARRÉS
1518 2458 1720 2498 (Maurice),
1755 2457 1924 2489 écrivain.
1958 2475 2005 2480 —

1204 2508 1243 2538 L.
1267 2517 1299 2538 a.
1322 2516 1349 2539 s.
1374 2508 1393 2538 à
1416 2516 1463 2538 un
1487 2507 1571 2544 ami,
1595 2506 1695 2543 1907,
1718 2506 1739 2537 3
1761 2515 1794 2546 p.
1818 2505 1892 2537 in-8
1915 2513 2003 2536 avec

1203 2557 1344 2586 ratures
1375 2556 1412 2585 et
1441 2554 1672 2585 corrections.
1888 2553 1932 2584 40
1957 2552 2000 2583 fr.

1286 2627 1296 2640 »
1320 2616 1449 2643 J’avais
1474 2615 1544 2649 prié
1568 2615 1610 2642 M.
1637 2614 1752 2641 Albert
1777 2614 1817 2641 de
1842 2614 1947 2641 renier
1971 2613 2001 2641 la

1242 2652 1433 2679 traduction
1476 2651 1521 2678 du
1565 2651 1658 2677 Livre
1699 2649 1735 2676 de
1779 2649 1999 2682 l’Allemagne.

1242 2688 1293 2714 On
1316 2688 1346 2714 la
1368 2688 1413 2714 lui
1434 2695 1454 2715 a
1475 2686 1592 2713 remise
1613 2692 1696 2719 page
1718 2693 1777 2718 par
1799 2691 1881 2718 page
1903 2687 1936 2711 et
1957 2692 1999 2711 on

1240 2732 1259 2750 a
1290 2725 1368 2750 tenu
1398 2730 1507 2750 aucun
1536 2723 1669 2754 compte
1697 2721 1738 2747 de
1767 2728 1817 2747 ses
1845 2721 2000 2747 observa¬

1240 2759 1367 2786 tions...
1398 2759 1439 2785 Je
1468 2757 1538 2784 vais
1568 2758 1731 2790 protester
1758 2764 1818 2789 par
1846 2756 1891 2782 les
1909 2756 1999 2789 jour¬

1239 2802 1369 2821 naux...
1391 2795 1484 2820 Donc
1502 2794 1590 2819 cette
1607 2792 1720 2819 affaire
1738 2791 1853 2818 inutile
1869 2798 1997 2818 connue

1238 2832 1355 2862 argent
1384 2831 1434 2856 est
1461 2828 1602 2856 nuisible
1628 2827 1878 2858 littéralement,
1896 2837 1906 2850 »
1933 2828 1996 2853 etc.

1151 2899 1241 2929 4229
1268 2899 1481 2928 BARTET
1511 2898 1666 2937 (Jeanne
1696 2896 1891 2935 Régnault,
1920 2896 1995 2926 dite

1197 2946 1308 2986 Mme)
1328 2946 1372 2976 de
1392 2946 1426 2977 la
1446 2945 1614 2977 Comédie
1632 2944 1820 2983 française.
1833 2951 1881 2973 —
1898 2943 1934 2982 a)
1954 2943 1992 2973 L.

1197 3002 1228 3024 a.
1251 3001 1277 3023 s.
1304 2993 1404 3030 1917,
1429 2994 1444 3023 1
1471 3002 1503 3031 p.
1526 2992 1636 3023 in-12.
1657 2991 1704 3021 —
1727 2991 1760 3030 b)
1783 2991 1888 3022 Carte
1911 2999 1942 3021 a.
1965 2998 1991 3019 s.

1200 3040 1297 3076 1918,
1322 3040 1342 3070 2
1368 3049 1401 3079 p.
1427 3039 1537 3070 in-16.
1564 3039 1702 3078 Chaque
1727 3038 1820 3069 lettre
1844 3046 1852 3069 :
1902 3037 1922 3067 8
1948 3036 1990 3066 fr.

1276 3101 1346 3128 Elle
1372 3101 1462 3135 parle
1487 3101 1527 3127 de
1553 3108 1612 3128 son
1638 3101 1708 3128 état
1734 3100 1774 3127 de
1800 3098 1905 3126 santé.

634 3189 783 3219 ACHAT
819 3188 881 3215 DE
917 3187 1078 3215 LIVRES
1116 3187 1173 3215 ET
1208 3175 1586 3215 D’AUTOGRAPHES
