2119 3451
1828 186 1853 230 9

63 190 102 232 (),
143 192 236 226 RtJË
275 191 502 233 BLANCHE,
543 194 673 226 PARIS

62 282 153 314 4283
181 275 444 313 CUBIÈRES
469 281 669 322 (Général),
690 282 856 312 ministre
875 281 920 312 de

110 331 144 362 la
175 330 310 362 Guerre
332 339 378 361 au
397 329 564 361 ministre
592 330 636 360 de
664 330 920 361 l’Instruction

112 378 298 418 publique.
329 395 377 399 —
407 378 447 408 L.
478 386 510 409 a.
543 386 584 415 s.,
613 377 715 415 1844,
737 378 752 408 1
776 386 810 417 p.
832 377 919 408 in-4.

809 425 850 456 12
876 425 920 456 fr.

196 475 222 503 Il
248 475 295 503 lui
320 475 556 503 recommande
578 483 624 502 un
650 475 812 502 candidat
839 482 924 508 pour

152 512 184 540 la
203 511 434 546 bibliothèque
455 512 496 538 de
515 511 691 538 l’Arsenal.

66 588 156 620 4284
182 589 462 618 DALAYRAC
507 587 699 628 (Nicolas),
744 587 921 618 célèbre

114 636 362 676 compositeur
385 636 428 666 de
452 636 632 675 musique.
655 653 703 657 —
725 635 766 667 L.
792 645 824 666 a.
849 644 876 666 s.
902 635 923 665 à

112 684 270 721 Bonnet,
292 684 474 714 directeur
495 683 544 714 du
566 682 712 715 théâtre
733 682 801 713 Les
826 684 923 719 Arts,

115 739 161 763 an
180 731 236 769 12,
258 732 273 761 1
296 740 331 771 p.
351 731 439 762 in-4.
806 731 850 762 25
878 730 922 761 fr.

197 793 248 820 Au
290 793 378 826 sujet
418 793 460 820 de
500 793 531 820 la
571 793 839 827 représentation
880 792 925 819 du

154 828 303 856 Pavillon
331 829 374 856 du
402 828 510 863 Calife
536 830 570 856 et
598 830 656 856 des
684 829 820 856 artistes
838 829 926 862 Lays

154 867 187 893 et
213 865 360 892 Laforet.

68 935 158 967 4285
186 935 568 965 DARTIGOEYTE
589 935 926 974 (Pierre-Arnaud),

116 982 304 1014 comédien
320 984 357 1013 et
371 983 656 1014 conventionnel
673 982 924 1022 (1745-1820).

116 1048 164 1053 —
198 1031 324 1061 Lettre
351 1040 383 1062 a.
402 1039 429 1061 s.
456 1030 477 1061 à
504 1031 647 1067 Villars,
670 1030 928 1070 représentant

118 1079 167 1110 du
205 1078 339 1117 Peuple
360 1088 368 1116 ;
407 1078 521 1116 Paris,
554 1088 600 1110 an
639 1079 706 1116 III,
732 1087 802 1110 une
836 1085 928 1117 page

119 1126 218 1157 in-f°.
812 1127 856 1158 35
884 1127 927 1157 fr.

202 1192 213 1206 «
231 1182 273 1209 Je
291 1181 454 1209 t’adresse
473 1189 538 1209 une
556 1182 656 1209 lettre
675 1190 741 1216 que
758 1182 869 1216 j’écris
888 1190 931 1209 au

158 1218 282 1245 comité
317 1218 555 1245 d’instruction
592 1219 753 1253 publique
771 1226 778 1250 ;
831 1218 932 1245 vuille

165 1254 244 1287 (sic)
269 1254 301 1281 la
321 1254 391 1285 lire,
412 1254 444 1282 la
463 1256 607 1287 remetre
634 1255 712 1288 (sic)
738 1255 880 1285 ensuite,
901 1254 933 1281 la

160 1290 242 1317 faire
275 1290 473 1323 enregistrer
505 1292 538 1317 et
570 1291 702 1324 joindre
734 1299 777 1318 au
809 1289 934 1318 travail

160 1326 273 1353 relatif
301 1334 368 1353 aux
397 1326 503 1353 écoles
532 1326 708 1354 centrales.
740 1338 750 1350 »

76 1401 166 1433 4286
193 1402 355 1432 DAVID
381 1403 413 1431 D
431 1403 646 1433 ANGERS
673 1402 816 1442 (P.-J.j,
843 1401 934 1433 célè¬

124 1450 188 1481 bre
219 1450 399 1481 statuaire
430 1449 600 1489 français.
632 1468 680 1472 —
711 1451 751 1481 L.
786 1459 818 1481 a.
852 1459 879 1481 s.
914 1450 934 1481 à

124 1497 360 1536 Monsieur...,
387 1497 490 1535 1844,
517 1499 533 1528 1
560 1507 596 1538 p.
622 1498 712 1536 in-4,
738 1497 849 1529 collée
874 1506 935 1529 sur

124 1545 265 1577 bristol.
294 1546 347 1576 On
373 1554 395 1585 y
420 1554 441 1576 a
467 1546 558 1584 joint
584 1555 591 1577 :
619 1554 691 1577 une
718 1546 898 1577 brochure
926 1554 934 1576 :

127 1594 158 1624 A
185 1593 225 1624 P.
253 1593 288 1625 J.
317 1593 438 1625 David
456 1593 634 1633 d’Angers
661 1603 728 1633 par
755 1594 936 1625 Constant

129 1641 268 1678 Dubos,
294 1649 338 1671 en
362 1649 455 1677 vers,
483 1641 677 1682 Pagnerre,
695 1642 796 1673 1843.
820 1642 864 1673 25
892 1641 935 1672 fr.

213 1713 224 1727 «
246 1703 299 1730 Au
321 1703 434 1730 milieu
456 1703 497 1730 de
518 1703 818 1730 l’encombrement
840 1702 940 1730 causé

168 1746 229 1773 par
247 1739 277 1766 le
295 1739 429 1770 travail,
448 1739 470 1766 il
488 1739 590 1766 serait
608 1739 802 1773 impossible
815 1740 857 1766 de
869 1740 939 1771 lire,

170 1782 252 1802 avec
280 1776 377 1802 toute
404 1775 600 1802 l’attention
621 1783 686 1810 que
704 1776 737 1809 je
757 1776 864 1803 désire
883 1783 942 1809 ap¬

170 1813 293 1845 porter,
316 1812 414 1838 votre
430 1812 553 1843 notice,
571 1812 629 1845 qui
645 1812 762 1839 devait
778 1812 849 1839 être
865 1811 942 1838 bien

171 1847 404 1878 intéressante,
431 1847 533 1874 écrite
560 1855 642 1875 avec
669 1847 715 1875 les
743 1848 943 1875 sentiments

172 1890 237 1917 que
258 1883 291 1917 je
313 1891 397 1910 vous
419 1883 568 1911 connais.
593 1894 603 1907 »

86 1959 176 1990 4287
204 1959 446 1989 DEBUSSY
471 1958 653 1999 (Claude),
680 1958 820 1990 célèbre
847 1967 944 1989 com¬

136 2006 312 2046 positeur,
353 2006 564 2038 1861-1917.
600 2007 650 2037 —
686 2007 848 2037 L’ombre
887 2007 944 2036 des

136 2054 255 2085 arbres
281 2054 370 2084 dans
399 2054 432 2084 la
460 2054 604 2085 lumière
631 2055 844 2092 embaumée,
872 2055 946 2085 An-

137 2102 251 2133 dante
277 2110 369 2141 pour
394 2102 507 2133 chant
533 2104 569 2133 et
594 2102 717 2142 piano.
744 2102 948 2133 Manuscrit

139 2150 216 2181 aut.
239 2158 264 2180 n
287 2158 325 2180 .s.
350 2149 463 2186 Paris,
488 2150 589 2188 1885,
611 2151 632 2181 2
655 2159 689 2190 p.
713 2150 802 2188 in-4,
825 2150 844 2180 8
866 2157 948 2189 por¬

139 2197 215 2228 tées
240 2197 379 2237 triples.
405 2198 418 2237 (
429 2197 510 2228 Très
535 2198 640 2237 rare).
809 2198 878 2228 450
904 2197 947 2227 fr.

222 2260 302 2287 Très
331 2260 418 2287 beau
449 2261 646 2292 manuscrit,
677 2260 779 2288 d'une
809 2260 952 2287 écriture

179 2296 247 2323 très
279 2296 423 2329 soignée.
465 2296 575 2324 Chant
616 2304 701 2331 pour
733 2304 877 2330 soprano
909 2304 952 2323 ou

181 2332 288 2360 ténor.

95 2401 187 2433 4288
213 2402 456 2432 DEBUSSY
481 2401 661 2441 (Claude).
685 2401 733 2431 —
760 2401 817 2432 En
846 2401 953 2432 Sour¬

143 2449 238 2486 dine,
267 2457 361 2488 pour
389 2449 499 2488 piano
529 2451 565 2480 et
595 2450 720 2487 chant,
750 2449 955 2480 manuscrit

145 2498 224 2528 aut.
243 2505 285 2533 s.,
304 2496 455 2534 Vienne,
470 2497 605 2534 1882,3
623 2506 659 2537 p.
679 2497 755 2527 in-4
775 2498 811 2527 et
828 2505 901 2527 une
918 2505 954 2535 p.

145 2545 190 2575 de
208 2544 309 2581 titre,
328 2544 444 2575 douze
462 2544 606 2584 portées
626 2544 765 2584 triples.
817 2544 885 2575 550
911 2544 955 2575 fr.

229 2605 339 2633 Chant
367 2613 451 2639 pour
478 2613 622 2640 soprano
650 2613 694 2632 ou
722 2606 818 2632 ténor
844 2613 900 2632 sur
928 2605 956 2632 la

186 2641 314 2669 célèbre
336 2641 447 2674 poésie
467 2642 509 2669 de
532 2642 685 2669 Verlaine
703 2641 710 2668 :
729 2640 855 2668 Calmes
877 2641 959 2667 dans

188 2677 215 2704 le
251 2677 429 2711 demi-jour
465 2686 524 2712 que
569 2677 612 2705 les
658 2677 810 2704 branches
848 2677 959 2704 hautes

187 2714 267 2747 font.

232 2749 300 2776 Les
333 2749 597 2777 Autographes
631 2756 678 2776 de
712 2749 858 2776 Claude
892 2749 962 2776 De¬

188 2791 301 2812 bussy
330 2792 419 2813 SONT
446 2792 718 2812 EXTREMEMENT
746 2792 870 2812 RARES.

106 2861 197 2893 4289
224 2853 576 2892 DÉCORATION
610 2862 684 2891 DU
718 2862 890 2892 LYS.—
926 2861 961 2899 a)

150 2909 287 2939 Brevet
314 2909 522 2940 autorisant
549 2909 605 2940 M.
633 2909 759 2948 Bruni)
786 2909 830 2939 de
858 2908 963 2948 Lyon

151 2956 172 2987 à
194 2957 319 2995 porter
340 2956 375 2988 la
397 2956 608 2988 décoration
631 2957 680 2987 du
704 2957 848 2996 Lys.—
869 2956 964 2987 Jolie

152 3003 253 3043 pièce
284 3003 405 3043 signée
437 3004 486 3035 du
520 3004 558 3036 C‘
564 3009 575 3025 e
608 3004 653 3034 de
686 3003 813 3043 Précy,
846 3004 963 3042 Lyon,

155 3051 257 3089 1814,
279 3052 293 3081 1
317 3060 352 3091 p.
375 3051 450 3083 in-4
472 3052 558 3090 obi.,
582 3060 643 3082 sur
662 3051 819 3082 formule
840 3051 965 3090 impri¬

153 3098 243 3130 mée.
849 3099 894 3130 20
920 3098 963 3130 fr.

1126 275 1223 307 Cette
1259 276 1454 308 décoration
1487 282 1571 308 était
1604 283 1765 310 accordée
1796 290 1857 316 par

1083 315 1262 347 Monsieur,
1287 317 1372 343 frère
1395 317 1441 344 du
1466 318 1542 349 Roi,
1560 318 1579 345 à
1596 319 1674 345 tous
1697 326 1782 346 ceux
1799 319 1857 353 qui

1082 352 1220 379 avaient
1239 360 1407 380 concouru
1426 353 1446 380 à
1465 353 1496 381 la
1515 354 1651 381 défense
1669 355 1711 381 de
1730 355 1761 382 la
1780 355 1858 382 ville

1082 388 1123 414 de
1149 388 1245 422 Lyon
1271 396 1312 415 en
1338 389 1433 417 1793.

1047 445 1079 484 b)
1101 446 1272 477 Formule
1291 446 1379 486 imp.
1401 449 1437 478 et
1457 456 1523 479 ms.
1544 448 1666 488 signée
1686 448 1711 480 C
1716 450 1743 469 te
1758 449 1803 479 de
1822 449 1856 480 la

1045 493 1290 533 Ferronnaye,
1336 495 1448 533 Paris,
1493 495 1594 533 1814,
1637 497 1652 527 1
1688 505 1722 536 p.
1757 496 1856 528 in-f°.

1744 545 1787 575 10
1813 544 1859 577 fr.

1128 592 1330 619 Permission
1353 592 1373 620 à
1402 593 1439 620 G.
1465 593 1605 621 Mercier
1627 594 1668 621 de
1692 596 1806 629 porter
1829 595 1860 621 la

1084 628 1281 655 décoration
1303 629 1344 655 de
1366 629 1398 656 la
1420 629 1505 656 fleur
1527 630 1568 657 de
1590 630 1668 664 Lys.

1000 692 1091 723 4290
1117 686 1355 722 DÉJAZET
1390 693 1596 734 (Virginie),
1631 694 1771 725 célèbre
1806 703 1862 725 ar¬

1050 740 1135 771 tiste
1157 740 1405 781 dramatique.
1426 758 1474 762 —
1497 742 1604 772 Deux
1627 742 1753 773 lettres
1776 751 1808 773 a.
1833 750 1860 773 s.

1047 788 1067 819 à
1086 788 1132 819 M.
1153 788 1306 820 Garnier
1322 797 1397 820 ens.
1417 798 1425 826 ;
1458 789 1477 820 7
1495 797 1605 829 pages
1633 790 1708 820 in-8
1733 789 1867 829 (légers-

1048 836 1398 876 raccommodages).
1747 838 1792 869 30
1818 837 1862 869 fr.

1132 898 1265 924 Lettres
1292 900 1398 931 ayant
1425 900 1566 932 rapport
1592 898 1612 926 à
1639 906 1699 926 son
1726 898 1798 926 état
1824 899 1865 925 de

1089 934 1186 961 santé
1210 935 1244 961 et
1267 933 1287 961 à
1311 942 1347 961 sa
1371 935 1545 962 mauvaise
1569 935 1733 962 situation
1758 935 1866 962 finan¬

1089 970 1185 997 cière.
1212 970 1238 996 Il
1260 970 1306 997 lui
1328 971 1379 997 est
1402 970 1595 1005 impossible
1617 971 1658 998 de
1681 978 1785 1005 payer
1807 978 1866 998 son

1089 1005 1184 1033 billet
1203 1006 1245 1033 de
1267 1007 1312 1033 fin
1333 1006 1427 1034 août.

1003 1064 1091 1095 4291
1121 1065 1427 1095 DELACROIX
1483 1064 1677 1104 (Eugène),
1727 1064 1868 1096 célèbre

1050 1112 1206 1152 peintre.
1228 1121 1276 1142 —
1298 1113 1334 1152 a)
1365 1113 1404 1144 L.
1429 1122 1461 1144 a.
1486 1122 1514 1144 s.
1550 1113 1651 1150 1861,
1678 1113 1693 1143 1
1719 1121 1754 1152 p.
1779 1112 1868 1144 in-8,

1753 1160 1798 1192 20
1824 1160 1868 1191 fr.

1137 1210 1189 1237 Au
1210 1210 1298 1244 sujet
1320 1210 1362 1237 de
1382 1210 1505 1238 l’envoi
1526 1210 1567 1238 de
1587 1210 1699 1238 billets
1720 1218 1804 1245 pour
1825 1218 1870 1237 un

1093 1246 1160 1274 bal.

1058 1304 1091 1344 b)
1119 1305 1158 1335 L.
1176 1314 1208 1336 a.
1225 1313 1252 1336 s.
1272 1304 1373 1342 1857,
1392 1306 1407 1335 1
1426 1313 1460 1344 p.
1478 1305 1566 1336 in-4.
1755 1304 1800 1335 20
1826 1303 1870 1336 fr.

1142 1366 1168 1393 Il
1202 1367 1273 1400 prie
1306 1374 1367 1393 son
1400 1366 1667 1401 correspondant
1697 1366 1873 1394 d’excuser

1096 1410 1156 1429 son
1183 1403 1338 1434 absence,
1366 1405 1475 1436 ayant
1514 1403 1615 1436 gardé
1648 1403 1680 1430 la
1712 1403 1873 1430 chambre

1096 1439 1215 1473 depuis
1237 1439 1320 1466 trois
1342 1439 1520 1466 semaines.

1010 1497 1101 1528 4292
1128 1497 1420 1535 DELAMBRE
1466 1496 1874 1536 (Jean-Baptiste-

1058 1545 1226 1584 Joseph),
1259 1544 1399 1576 célèbre
1431 1546 1652 1576 astronome.
1684 1561 1732 1566 —
1770 1544 1874 1575 Pièce

1059 1595 1135 1624 aut.
1161 1601 1190 1630 s,
1223 1592 1325 1630 1814,
1352 1594 1368 1623 1
1396 1602 1430 1632 p.
1457 1592 1552 1632 petit
1577 1593 1665 1629 in-4,
1691 1593 1710 1623 à
1736 1592 1875 1623 en-tête

1059 1640 1104 1672 de
1127 1640 1149 1671 V
1157 1641 1303 1671 Institut
1325 1640 1365 1671 de
1389 1641 1538 1678 France,
1563 1640 1673 1672 collée
1697 1649 1758 1671 sur
1787 1640 1877 1671 bris¬

1060 1689 1124 1720 tol.
1761 1688 1805 1719 50
1832 1688 1875 1719 fr.

1146 1751 1262 1777 Lettre
1290 1750 1523 1778 intéressante.
1564 1761 1574 1774 »
1603 1750 1790 1777 Martianus
1819 1750 1880 1776 Mi-

1102 1786 1220 1813 nucius
1233 1786 1327 1813 Félix
1338 1786 1474 1820 Capella
1486 1786 1515 1813 le
1526 1786 1760 1819 Carthaginois
1771 1787 1822 1813 est
1834 1793 1879 1812 un

1104 1822 1327 1856 compilateur
1339 1830 1432 1849 assez
1446 1822 1628 1849 maladroit
1649 1822 1706 1856 qui
1728 1822 1822 1855 copie
1843 1829 1879 1848 ce

1104 1859 1187 1892 qu’il
1204 1867 1224 1885 a
1240 1859 1274 1885 lu
1291 1866 1368 1885 sans
1385 1859 1414 1885 le
1430 1858 1651 1892 comprendre
1668 1860 1701 1885 et
1719 1858 1776 1892 qui
1792 1857 1881 1884 n’est

1105 1902 1166 1928 pas
1190 1895 1346 1928 toujours
1371 1895 1528 1921 d’accord
1553 1901 1636 1921 avec
1660 1894 1832 1921 lui-même
1871 1900 1880 1924 ;

1106 1930 1190 1957 mais
1214 1930 1236 1957 il
1259 1939 1278 1957 a
1301 1931 1479 1957 rencontré
1502 1930 1663 1964 quelques
1687 1930 1790 1963 lignes
1814 1930 1882 1956 fort

1106 1967 1214 2000 justes
1243 1968 1276 1993 et
1306 1967 1373 1993 fort
1403 1966 1511 1993 saines
1540 1974 1596 1992 sur
1624 1966 1656 1993 la
1684 1965 1812 1993 théorie
1840 1966 1882 1991 de

1108 2003 1257 2029 Mercure
1279 2004 1312 2029 et
1333 2003 1375 2029 de
1396 2003 1521 2029 Vénus.
1547 2002 1572 2028 Il
1593 2009 1746 2029 annonce
1767 2001 1883 2035 positi-

1107 2040 1244 2065 vement
1257 2046 1322 2072 que
1335 2038 1367 2065 la
1379 2040 1467 2065 terre
1478 2038 1566 2065 n’est
1578 2046 1638 2071 pas
1651 2038 1680 2064 le
1692 2038 1813 2065 Centre
1825 2037 1883 2064 des

1108 2076 1344 2101 mouvements
1370 2075 1428 2101 des
1454 2075 1618 2108 planètes.
1648 2084 1658 2097 »
1684 2075 1749 2101 etc.

1024 2138 1116 2170 4293
1142 2138 1679 2168 DELARUE-MARDRUS
1768 2137 1884 2176 (Mme

1072 2186 1211 2226 Lucie),
1234 2186 1369 2216 femme
1392 2186 1436 2216 de
1459 2186 1597 2216 lettres.
1619 2203 1667 2207 —
1689 2185 1730 2216 L.
1755 2194 1787 2216 a.
1811 2193 1839 2216 s.
1864 2185 1884 2215 à

1072 2243 1122 2265 un
1143 2233 1319 2270 confrère,
1342 2234 1444 2270 1921,
1465 2234 1486 2265 3
1505 2242 1541 2273 p.
1562 2233 1650 2264 in-8.
1767 2232 1813 2264 20
1840 2232 1884 2263 fr.

1156 2295 1272 2322 Lettre
1294 2294 1518 2322 intéressante
1540 2293 1560 2321 à
1582 2302 1681 2321 cause
1694 2295 1736 2321 de
1759 2294 1790 2321 la
1812 2294 1888 2321 liste

1113 2332 1155 2358 de
1184 2339 1234 2358 ses
1262 2338 1408 2362 œuvres,
1437 2330 1562 2358 classée
1589 2338 1651 2364 par
1678 2331 1825 2358 éditeurs
1855 2331 1889 2357 et

1114 2367 1172 2401 qui
1192 2374 1385 2394 commence
1406 2375 1466 2400 par
1488 2377 1498 2390 »
1518 2375 1563 2394 un
1583 2367 1689 2400 grand
1710 2367 1774 2394 Zut
1794 2374 1890 2394 cour¬

1115 2403 1226 2430 roucé.
1254 2413 1264 2426 »

1030 2467 1120 2498 4294
1147 2460 1416 2497 DELCASSÉ
1455 2465 1701 2506 (Théophile),
1741 2466 1890 2497 homme

1078 2514 1258 2554 politique
1296 2532 1344 2535 —
1371 2515 1409 2545 L.
1440 2523 1471 2545 a.
1501 2522 1528 2546 s.
1560 2514 1660 2551 1897,
1691 2515 1706 2544 1
1736 2523 1772 2553 p.
1802 2514 1890 2545 in-8.

1776 2562 1816 2593 15
1845 2562 1892 2593 fr.

1033 2628 1123 2659 4295
1150 2628 1374 2657 DELIRES
1410 2626 1528 2666 (Léo),
1564 2627 1813 2666 compositeur
1847 2627 1893 2658 de

1081 2675 1262 2715 musique.
1281 2692 1329 2696 —
1348 2675 1388 2705 L.
1411 2684 1443 2706 a.
1465 2683 1492 2705 s.
1514 2675 1535 2705 3
1555 2683 1590 2714 p.
1613 2674 1723 2706 in-12.
1775 2675 1819 2706 25
1846 2675 1893 2707 fr.

1165 2737 1321 2771 Réponse
1347 2736 1366 2764 à
1392 2744 1457 2764 une
1484 2737 1678 2764 invitation.
1707 2747 1717 2761 «
1744 2737 1830 2764 Rien
1855 2745 1897 2764 ne

1122 2781 1174 2800 me
1189 2773 1291 2800 serait
1304 2773 1378 2807 plus
1392 2773 1547 2806 agréable
1562 2781 1626 2807 que
1640 2774 1681 2800 de
1695 2773 1764 2806 m’y
1778 2774 1897 2800 rendre

1122 2811 1156 2836 et
1178 2809 1219 2835 de
1240 2816 1294 2835 me
1315 2811 1453 2835 trouver
1474 2809 1554 2835 chez
1574 2817 1659 2836 vous
1681 2817 1763 2836 avec
1785 2810 1898 2836 Made¬

1123 2844 1271 2871 moiselle
1284 2844 1474 2872 Arnoldson
1488 2846 1521 2872 et
1535 2845 1704 2872 Monsieur
1718 2845 1871 2872 Meilhac.
1889 2855 1898 2868 »

1039 2908 1129 2939 4296
1156 2908 1418 2938 DEMBLON
1471 2908 1674 2947 (Célestin),
1729 2908 1898 2948 député

1085 2955 1200 2995 belge,
1248 2955 1453 2995 professeur
1499 2956 1520 2987 à
1571 2955 1809 2988 l’Université
1855 2957 1899 2988 de

1084 3003 1285 3040 Bruxelles,
1312 3003 1471 3034 l’auteur
1495 3004 1540 3034 de
1574 3015 1586 3030 «
1610 3004 1707 3034 Lord
1733 3004 1900 3035 Rutland

1088 3052 1140 3082 est
1160 3051 1409 3090 Shakespeare
1424 3063 1448 3082 ».
1464 3068 1511 3072 —
1525 3051 1567 3082 L.
1585 3060 1617 3083 a.
1634 3060 1661 3082 s.
1678 3051 1699 3082 à
1714 3060 1763 3083 un
1779 3053 1901 3091 poète,

1091 3098 1180 3129 1918
1202 3107 1210 3136 ;
1225 3098 1245 3128 2
1261 3107 1296 3138 p.
1313 3098 1400 3129 in-8.
1785 3100 1831 3131 20
1857 3100 1901 3131 fr.

522 3195 673 3223 ACHAT
710 3195 771 3222 DE
810 3195 974 3223 LIVRES
1014 3195 1070 3223 ET
1107 3182 1488 3226 D’AUTOGRAPHES
