2127 3455
132 127 172 173 6,
211 138 304 165 RUE
342 138 570 173 BLANCHE,
611 138 742 166 PARIS

1897 127 1922 170 5

131 223 222 254 4230
248 223 466 253 BAUDRY
494 223 630 262 (Paul),
661 223 690 254 le
719 223 859 254 célèbre
887 224 986 263 pein¬

178 272 245 302 tre.
270 288 318 292 —
344 270 383 301 !..
411 280 443 302 a.
470 279 498 301 s.
526 271 546 302 à
572 279 622 302 un
649 271 733 302 ami.
761 272 780 302 4
808 280 869 311 pp.
896 272 986 308 in-8,

179 318 333 349 écriture
360 317 487 349 serrée.
871 319 914 350 25
942 319 985 350 fr.

261 380 399 407 Parlant
421 380 462 407 de
484 388 544 407 son
567 380 679 414 séjour
701 388 741 408 en
768 381 875 411 Italie,
898 381 920 408 il
942 381 986 408 lui

217 417 452 443 recommande
485 416 609 443 l’achat
643 417 701 443 des
734 417 896 444 tableaux
930 417 987 444 des

217 452 363 485 peintres
392 452 552 484 Bertaux,
584 452 723 480 Vimont
753 454 787 480 et
817 453 986 486 Layraud.

216 488 306 515 Belle
325 488 434 515 lettre.

130 540 217 584 42.11
246 553 553 583 BEAUMONT
604 553 699 592 (Plie
749 553 822 592 de),
868 552 985 593 géolo¬

177 608 256 640 gue.
274 618 323 622 —
341 601 381 631 L.
403 610 434 632 a.
455 609 483 632 s.
505 610 552 632 au
571 601 763 632 secrétaire
783 601 828 632 de
848 601 984 632 l’Insti¬

175 650 248 686 tut,
275 648 376 686 1864,
404 649 418 679 1
446 657 482 688 p.
507 648 597 686 in-8,
622 648 732 679 collée
757 657 818 680 sur
843 649 982 680 bristol.

871 697 912 728 12
939 697 982 727 fr.

256 747 308 773 Au
335 746 423 780 sujet
451 746 492 773 de
518 746 564 774 M.
592 747 638 774 Le
665 747 806 774 Verrier.

127 822 218 854 4232
244 823 521 852 BEAUNIER
546 822 714 862 (André),
741 822 912 854 écrivain.
937 841 985 845 —

172 870 310 901 Article
339 879 371 902 a.
401 879 428 901 s.
459 871 520 902 sur
551 871 674 902 Stuart
700 870 855 908 Merrill,
879 872 920 902 17
946 880 981 910 p.

174 918 262 955 in-8,
281 919 396 958 ayant
415 918 509 949 servi
528 919 549 950 à
566 918 821 958 l’impression,
840 921 982 950 ratures

173 968 209 997 et
248 966 468 997 corrections
508 967 767 1006 autographes.
866 967 909 998 25
936 967 980 998 fr.

123 1043 214 1075 4233
241 1044 518 1074 BEAUVOIR
546 1044 880 1085 (Edouard-Roger
908 1046 980 1085 de),

172 1091 279 1130 poète
295 1094 331 1123 et
347 1091 566 1128 littérateur,
584 1092 797 1124 1809-1866.
811 1110 859 1114 —
879 1094 980 1124 Trois

171 1139 296 1170 lettres
325 1148 356 1170 a.
385 1148 411 1170 s.
440 1140 532 1171 dont
558 1140 656 1171 deux
683 1139 808 1171 ornées
836 1141 881 1172 de
907 1141 981 1172 des¬

170 1187 246 1217 sins
271 1187 543 1227 humoristiques
569 1187 589 1218 à
614 1188 648 1218 la
671 1188 803 1227 plume,
830 1189 919 1220 1863
944 1192 979 1220 et

170 1243 197 1265 s.
217 1235 251 1266 d.
271 1243 345 1266 ens.
364 1235 384 1267 3
402 1244 437 1274 p.
453 1253 501 1257 —
519 1235 575 1267 On
592 1244 616 1275 y
634 1245 653 1266 a
670 1236 766 1275 joint
784 1245 854 1267 une
873 1237 981 1268 lettre

170 1291 202 1313 a.
233 1291 260 1314 s.
292 1283 336 1314 de
365 1292 431 1313 son
460 1284 594 1315 second
622 1283 694 1321 fils,
724 1284 981 1325 Henri-Roger

170 1330 214 1361 de
246 1330 441 1362 Beauvoir.
863 1333 908 1364 50
934 1333 979 1365 fr.

253 1392 382 1420 Lettres
401 1393 482 1420 d'un
501 1393 588 1427 style
616 1393 783 1427 spirituel,
799 1402 882 1421 avec
906 1402 980 1422 vers

209 1429 242 1455 et
267 1429 453 1462 quatrains.
481 1440 491 1453 «
515 1429 557 1456 Je
582 1437 678 1463 passe
703 1437 772 1456 mes
795 1431 887 1457 nuits
904 1439 980 1458 sans

209 1464 373 1496 sommeil,
398 1465 431 1498 je
457 1465 496 1492 lis
522 1465 568 1492 les
593 1466 762 1500 journaux
780 1467 813 1492 et
836 1467 868 1499 je
895 1467 979 1494 crois

208 1500 312 1534 qu’on
328 1500 416 1528 viole
432 1501 516 1528 dans
540 1501 586 1528 les
603 1508 751 1535 wagons.
779 1502 847 1536 N’y
864 1505 981 1530 monte

208 1543 279 1570 pas,
308 1544 351 1564 on
378 1537 650 1565 t’assassinerait.

251 1591 409 1623 Chartier,
433 1591 610 1619 d’Antoine
632 1592 773 1619 heureux
794 1592 899 1626 époux
917 1601 925 1625 ;

251 1627 381 1654 Pardon
405 1636 488 1661 pour
511 1636 563 1655 ma
587 1636 678 1655 muse
701 1629 809 1662 falotle

251 1663 294 1689 Et
316 1671 356 1690 ne
379 1671 455 1690 vous
478 1672 516 1691 en
540 1672 654 1698 prenez
676 1665 752 1698 qu’à
776 1672 852 1692 vous

248 1699 287 1726 Si
305 1699 337 1733 je
355 1699 470 1727 cultive
490 1700 519 1727 la
540 1702 664 1728 carotte.
688 1712 698 1725 »

120 1769 206 1800 4234
237 1763 434 1799 BÉDIER
459 1770 644 1810 (Joseph),
669 1771 816 1802 homme
841 1772 886 1802 de
912 1772 976 1803 let¬

166 1818 252 1849 tres.
278 1835 326 1839 —
354 1818 457 1848 Pièce
485 1827 517 1849 a.
546 1827 573 1849 s.
604 1819 636 1856 1/
650 1819 670 1850 2
698 1828 734 1858 p.
763 1819 852 1857 in-8,
867 1819 888 1850 à
916 1829 976 1851 en¬

167 1864 243 1896 tête
277 1865 321 1896 de
354 1865 570 1896 VAcadémie
603 1866 808 1906 Française.
862 1868 904 1898 18
930 1868 974 1899 fr.

249 1926 259 1954 «
285 1926 326 1954 Li
353 1928 454 1961 temps
482 1927 550 1954 s’en
579 1928 675 1960 vient,

248 1963 291 1989 Je
314 1971 353 1990 ne
376 1964 441 1997 fais
464 1964 535 1991 rien

249 1998 290 2025 Li
313 2000 414 2033 temps
437 1998 503 2026 s’en
528 2000 593 2026 vait

248 2034 290 2062 Je
313 2034 383 2062 n’ai
405 2035 476 2062 rien
498 2036 570 2069 fait.

248 2082 330 2109 Vers
347 2082 429 2110 d’un
446 2091 627 2117 paresseux
645 2084 691 2111 du
709 2090 792 2112 xm°
804 2085 912 2114 siècle.
926 2097 937 2111 »

118 2152 208 2183 4235
234 2153 342 2182 BEN
370 2153 560 2184 DAVIES
588 2153 677 2193 (F..),
705 2154 885 2186 chanteur
912 2165 974 2187 an¬

166 2200 266 2239 glais.
294 2211 344 2222 ---
372 2201 474 2231 Trois
504 2201 630 2232 lettres
662 2211 694 2233 a.
725 2211 752 2233 s.
784 2203 804 2233 à
834 2203 974 2235 Mischa

166 2247 264 2278 Léon
298 2248 358 2286 (en
393 2248 560 2288 anglais).
597 2249 771 2287 Londres,
809 2251 973 2288 1923-24,

165 2304 239 2326 ens.
266 2296 285 2326 4
311 2304 346 2335 p.
371 2295 482 2327 in-12.
858 2299 902 2329 20
929 2299 971 2330 fr.

248 2358 381 2384 Lettres
408 2358 450 2385 de
477 2359 746 2386 remerciements
775 2361 809 2387 et
829 2361 870 2387 de
886 2368 976 2388 com¬

204 2393 363 2427 pliments
388 2394 550 2427 élogieux.
576 2405 587 2418 «
601 2395 669 2422 J’ai
694 2403 758 2422 une
778 2396 882 2423 haute
906 2398 976 2430 opi¬

205 2429 283 2456 nion
313 2430 354 2456 de
383 2437 442 2456 vos
472 2430 608 2458 talents.
637 2431 680 2458 Je
708 2439 792 2458 vous
821 2433 976 2460 souhaite

205 2465 272 2492 bon
296 2465 420 2493 succès.
443 2476 453 2490 »

118 2529 209 2560 4236
236 2530 544 2560 BENEDETTI
600 2531 802 2571 (Vincent),
858 2533 973 2572 diplo¬

165 2579 264 2607 mate
293 2577 451 2616 français
489 2577 736 2618 (1817-1900).
765 2597 813 2601 —
848 2581 973 2611 Lettre

164 2633 196 2655 a.
227 2633 268 2661 s.,
299 2625 412 2662 Paris,
445 2625 546 2663 1859,
567 2626 588 2657 3
608 2634 642 2665 p.
664 2626 750 2657 in-8.
858 2628 901 2659 20
928 2629 971 2660 fr.

246 2686 574 2714 Recommandation
617 2688 738 2721 auprès
781 2689 825 2716 du
864 2690 975 2717 Secré¬

204 2722 288 2748 taire
316 2723 448 2755 général
477 2723 518 2749 de
546 2723 780 2751 l’Instruction
810 2726 974 2760 Publique

203 2765 287 2791 pour
330 2758 362 2784 M
368 2758 404 2776 ,le
447 2758 590 2786 Thérèse
632 2759 972 2796 Lattalier-Lasquin.

116 2820 206 2851 4237
234 2821 438 2851 BENOIT
474 2822 637 2861 (Pierre),
676 2825 890 2856 romancier.
925 2843 972 2848 —

164 2868 290 2899 Lettre
314 2877 346 2900 a.
372 2877 399 2900 s.
424 2869 658 2908 Alexandrie,
683 2879 710 2902 s.
733 2871 767 2902 d.
793 2872 813 2902 2
833 2881 868 2911 p.
894 2873 904 2903 1
924 2874 970 2911 /2,

164 2915 250 2946 in-8.
856 2920 899 2951 25
926 2921 969 2952 fr.

245 2977 332 3004 Jolie
348 2978 447 3005 lettre
462 2979 614 3006 adressée
630 2980 671 3006 de
687 2980 815 3007 l’Hôtel
832 2981 973 3015 Régina,

203 3021 259 3040 sur
274 3014 389 3047 papier
402 3015 448 3041 du
462 3015 653 3048 Claridge’s,
667 3023 750 3043 avec
764 3017 794 3043 la
809 3017 973 3049 mention,

203 3050 400 3077 au-dessous
426 3050 467 3077 de
494 3051 524 3078 la
550 3051 721 3085 signature
739 3061 745 3080 :
765 3063 776 3076 »
802 3053 899 3080 strict
925 3054 974 3081 in¬

1149 221 1295 255 cognito.
1328 232 1338 244 »
1369 232 1379 245 »
1408 222 1502 249 Nous
1532 220 1708 255 pourrions
1736 229 1821 249 nous
1850 230 1923 250 ren¬

1148 259 1282 284 contrer
1301 257 1435 284 demain
1456 258 1564 284 matin
1584 257 1763 285 dimanche
1781 256 1801 285 à
1820 258 1923 292 l’apé¬

1148 293 1220 320 ritif
1238 301 1312 320 vers
1332 295 1368 320 11
1392 294 1509 320 heures
1528 295 1542 320 1
1558 294 1602 326 /2,
1621 294 1706 321 dans
1725 301 1770 321 un
1790 294 1923 321 endroit

1148 337 1213 363 que
1234 330 1267 363 je
1288 337 1373 356 vous
1395 330 1492 357 laisse
1514 329 1544 356 le
1565 330 1639 357 soin
1660 330 1702 357 de
1723 330 1887 363 désigner.
1912 340 1922 354 »

1061 392 1152 422 4238
1178 386 1470 423 BÉRANGER
1502 393 1753 431 (Pierre-Jean
1774 393 1846 432 de).
1873 410 1922 415 —

1109 440 1236 470 Lettre
1256 449 1288 471 a.
1310 450 1337 471 s.
1361 441 1463 478 1850,
1484 441 1504 472 3
1525 449 1559 480 p.
1582 441 1692 471 in-12.
1717 458 1759 462 —
1779 441 1836 472 On
1854 449 1879 480 y
1899 450 1920 472 a

1106 488 1200 527 joint
1226 497 1275 519 un
1300 490 1455 527 portrait
1480 497 1541 519 sur
1563 488 1654 526 bois,
1677 488 1745 527 par
1768 487 1918 520 Charlet.

1803 536 1847 567 25
1874 536 1917 567 fr.

1192 603 1201 616 «
1230 592 1297 619 J’ai
1326 593 1359 619 lu
1387 594 1483 620 votre
1511 599 1659 625 ouvrage
1687 599 1769 619 avec
1797 593 1920 619 autant

1146 629 1306 655 d’intérêt
1337 636 1402 662 que
1433 628 1743 662 d’empressement.
1778 628 1804 654 Tl
1835 635 1920 655 vous

1146 665 1364 698 appartenait
1396 665 1437 691 de
1468 672 1552 691 nous
1584 664 1712 691 donner
1744 664 1775 691 la
1806 672 1920 691 narra¬

1146 701 1218 727 tion
1238 701 1279 727 de
1300 702 1376 728 tant
1396 700 1650 728 d’événements
1670 701 1713 726 où
1733 708 1817 727 vous
1837 707 1919 727 avez

1146 744 1187 763 eu
1217 738 1314 763 votre
1344 738 1421 770 part
1451 736 1651 767 d’honneur,
1681 736 1765 763 dont
1795 736 1920 763 l’Italie

1145 780 1230 800 vous
1248 773 1382 800 tiendra
1402 780 1479 799 sans
1500 773 1604 800 doute
1624 774 1799 806 compte...
1825 782 1835 796 »

1058 837 1149 868 4239
1176 838 1431 867 BERGSON
1466 836 1627 876 (Henri),
1662 835 1802 866 célèbre
1838 836 1917 875 phi¬

1105 885 1267 924 losophe.
1285 903 1332 906 —
1350 885 1389 915 L.
1411 893 1442 915 a.
1462 893 1490 915 s.
1510 884 1530 915 à
1548 892 1598 918 un
1617 884 1792 920 confrère,
1814 883 1916 920 1916,

1107 934 1122 964 1
1146 942 1181 973 p.
1207 934 1221 971 1
1238 933 1284 971 12,
1307 933 1394 964 in-8.
1800 931 1845 962 50
1870 931 1914 963 fr.

1190 989 1215 1016 11
1234 989 1279 1016 lui
1297 988 1452 1022 présente
1471 988 1515 1015 M.
1536 987 1670 1015 Charles
1687 987 1823 1018 Bioche,
1842 994 1917 1020 pro¬

1144 1025 1269 1052 fesseur
1310 1025 1351 1052 de
1384 1024 1684 1057 mathématiques,
1723 1024 1781 1057 qui
1809 1022 1916 1050 désire

1142 1061 1351 1088 l’entretenir
1378 1061 1460 1087 d’un
1488 1060 1599 1094 projet
1626 1059 1709 1086 utile
1736 1058 1756 1086 à
1783 1059 1917 1086 réaliser

1143 1097 1163 1125 à
1191 1098 1317 1124 l’heure
1342 1096 1496 1124 actuelle.

1071 1174 1119 1178 —
1159 1156 1416 1187 BERGSON
1445 1154 1606 1193 (Henri).
1626 1171 1674 1175 —
1704 1153 1788 1184 Voir
1817 1154 1913 1184 aussi

1104 1207 1144 1235 n°
1164 1204 1267 1235 4482.

1055 1271 1146 1301 4240
1173 1269 1504 1300 BERNHARDT
1558 1267 1718 1307 (Sarah),
1772 1266 1912 1297 célèbre

1102 1318 1351 1358 tragédienne.
1378 1335 1426 1339 —
1455 1317 1493 1347 L.
1523 1324 1550 1347 s.
1581 1316 1601 1346 à
1630 1324 1678 1346 un
1708 1314 1912 1351 rédacteur,

1102 1368 1121 1397 4
1141 1376 1175 1406 p.
1193 1366 1306 1403 in-16,
1324 1365 1452 1405 papier
1468 1365 1487 1395 à
1506 1373 1543 1395 sa
1562 1363 1697 1394 devise.
1797 1362 1840 1392 25
1867 1361 1911 1393 fr.

1184 1423 1235 1449 Ne
1270 1422 1413 1448 voulant
1449 1428 1509 1454 pas
1551 1420 1622 1446 être
1663 1419 1695 1445 la
1737 1425 1836 1445 cause
1872 1418 1914 1445 de

1142 1458 1413 1486 manifestations
1446 1455 1725 1483 contradictoires
1771 1454 1831 1480 elle
1864 1461 1914 1480 re¬

1142 1496 1214 1522 fuse
1235 1503 1295 1521 son
1322 1501 1483 1521 concours
1521 1491 1541 1519 à
1557 1492 1587 1518 la
1613 1491 1680 1518 fête
1704 1490 1819 1517 dédiée
1846 1488 1866 1516 à
1881 1490 1911 1517 la

1142 1531 1301 1558 mémoire
1317 1530 1469 1558 d’Alfred
1494 1529 1535 1556 de
1560 1528 1698 1555 Musset.

1053 1602 1141 1633 4211
1180 1601 1428 1631 BERRYER
1469 1599 1525 1637 (P.
1561 1596 1736 1635 Nicolas),
1771 1594 1910 1626 célèbre

1101 1651 1235 1681 avocat
1256 1651 1293 1680 et
1311 1646 1572 1688 jurisconsulte
1595 1643 1844 1684 (1757-1841).
1862 1660 1912 1666 —-

1101 1698 1140 1729 L.
1171 1707 1203 1728 a.
1234 1705 1249 1727 s
1293 1705 1339 1727 au
1373 1694 1555 1727 chevalier
1582 1693 1740 1724 Deleuze
1772 1691 1908 1730 (1836),

1102 1747 1117 1776 1
1134 1746 1167 1783 /2
1195 1754 1229 1785 p.
1250 1745 1339 1781 in-4,
1367 1740 1636 1781 accompagnée
1661 1740 1749 1770 d’un
1782 1738 1909 1770 article

1099 1792 1299 1833 (imprimé)
1331 1792 1376 1822 de
1425 1791 1444 1822 5
1481 1799 1543 1829 pp.
1575 1790 1588 1819 1
1607 1789 1653 1826 /2,
1681 1787 1770 1825 in-4,
1806 1795 1909 1817 nom¬

1099 1842 1246 1873 breuses
1266 1839 1500 1871 corrections.
1792 1835 1838 1866 35
1863 1834 1908 1865 fr.

1181 1902 1338 1930 L’article
1364 1901 1466 1928 traite
1492 1901 1538 1927 du
1555 1899 1666 1933 projet
1689 1898 1734 1925 du
1757 1897 1910 1924 ministre

1136 1940 1194 1967 des
1228 1940 1375 1966 finances
1406 1936 1519 1964 relatif
1549 1943 1616 1963 aux
1647 1935 1774 1961 statuts
1805 1933 1846 1960 de
1878 1933 1908 1960 la

1136 1976 1272 2008 Banque
1294 1974 1331 2001 de
1356 1974 1491 2000 France.
1517 1972 1562 1998 Le
1587 1971 1738 1998 Ministre
1760 1969 1911 2003 projette

1136 2012 1167 2039 la
1187 2010 1402 2045 prorogation
1421 2010 1467 2036 du
1486 2007 1645 2041 privilège
1664 2007 1704 2033 de
1723 2006 1754 2032 la
1774 2005 1909 2038 banque

1136 2056 1176 2074 en
1204 2048 1249 2074 lui
1276 2047 1448 2074 réservant
1481 2043 1662 2071 l’émission
1695 2043 1752 2069 des
1785 2041 1908 2067 billets.

1133 2084 1276 2117 Berryer
1307 2082 1369 2109 fait
1399 2087 1593 2113 remarquer
1624 2086 1689 2112 que
1720 2078 1765 2104 les
1796 2076 1908 2103 billets

1136 2122 1211 2146 sont
1233 2119 1358 2146 refusés
1379 2125 1420 2144 en
1441 2116 1610 2150 province.
1634 2125 1644 2138 «
1664 2114 1770 2141 Notre
1791 2113 1858 2139 mal
1880 2112 1908 2139 le

1136 2156 1210 2189 plus
1226 2155 1291 2182 réel
1309 2156 1357 2181 est
1376 2153 1406 2180 la
1424 2152 1532 2179 rareté
1549 2152 1594 2178 du
1611 2149 1811 2180 numéraire,
1828 2148 1907 2176 d’où

1136 2192 1168 2218 la
1198 2190 1392 2224 stagnation
1425 2186 1635 2218 universelle,
1666 2186 1695 2213 le
1726 2185 1908 2219 dépérisse¬

1136 2229 1230 2254 ment
1247 2227 1288 2254 de
1306 2234 1366 2253 nos
1386 2224 1568 2258 fabriques,
1588 2233 1598 2246 »
1616 2224 1680 2250 etc.

1048 2299 1139 2330 4242
1165 2297 1413 2328 BERRYER
1449 2292 1702 2333 (P.-Nicolas).
1738 2309 1786 2313 —
1821 2292 1906 2322 Let¬

1096 2348 1151 2377 tre
1181 2355 1213 2376 a.
1244 2354 1271 2376 s.
1304 2344 1417 2380 Paris,
1449 2351 1495 2373 an
1526 2341 1637 2377 XIII,
1668 2339 1802 2379 (1804),
1833 2348 1904 2370 une

1096 2401 1187 2434 page
1212 2392 1311 2423 in-12
1332 2401 1340 2429 ;
1790 2387 1832 2417 10
1858 2387 1904 2418 fr.

1179 2454 1334 2482 Relative
1373 2452 1392 2480 à
1433 2453 1491 2479 des
1530 2451 1663 2478 allaires
1702 2449 1905 2483 judiciaires.

1048 2521 1138 2551 4243
1164 2519 1406 2556 BLANQUI
1450 2515 1662 2555 (Adolphe),
1707 2513 1903 2553 publiciste

1096 2570 1132 2599 et
1160 2567 1384 2599 économiste
1422 2581 1470 2586 —
1496 2565 1536 2595 L.
1566 2572 1598 2594 a.
1628 2571 1656 2593 s.
1688 2561 1789 2598 1848,
1820 2562 1836 2592 1
1866 2569 1901 2600 p.

1095 2616 1170 2646 in-8
1190 2613 1336 2645 montée
1356 2622 1416 2644 sur
1436 2611 1565 2643 bristol
1583 2610 1725 2650 (cachet
1747 2609 1795 2639 du
1818 2616 1904 2648 gou¬

1094 2664 1310 2694 vernement
1343 2659 1570 2701 provisoire).
1789 2656 1831 2687 12
1857 2656 1901 2687 fr.

1177 2725 1292 2751 Lettre
1320 2731 1359 2750 en
1389 2723 1505 2749 faveur
1533 2721 1579 2748 du
1606 2720 1741 2753 citoyen
1770 2717 1904 2745 Savelli.

1046 2790 1134 2821 4244
1163 2789 1312 2819 BLISS
1349 2786 1533 2826 (Arthur),
1554 2783 1802 2824 compositeur
1838 2791 1901 2813 an¬

1094 2837 1194 2877 glais.
1215 2854 1263 2858 —
1285 2836 1410 2866 Lettre
1434 2843 1465 2865 a.
1489 2842 1516 2864 s.
1540 2833 1600 2872 (en
1624 2830 1791 2871 anglais),
1813 2838 1841 2861 s.
1865 2830 1900 2860 d.

1092 2884 1228 2924 (1923),
1258 2884 1278 2915 3
1308 2892 1342 2922 p.
1374 2890 1423 2922 gr.
1455 2881 1542 2918 in-8,
1573 2889 1619 2911 au
1648 2887 1784 2918 crayon
1813 2876 1900 2909 fixé.

1786 2925 1829 2956 25
1855 2925 1899 2956 fr.

1175 2982 1254 3008 Très
1286 2980 1493 3013 importante
1523 2978 1622 3004 lettre
1653 2976 1838 3003 contenant
1870 2975 1901 3002 la

1132 3018 1206 3044 liste
1226 3016 1486 3049 chronologique
1505 3013 1672 3047 complète
1691 3013 1749 3039 des
1768 3019 1901 3038 œuvres

1132 3054 1178 3081 du
1208 3053 1445 3086 compositeur.

523 3138 674 3168 ACHAT
710 3139 772 3165 DE
810 3139 972 3168 LIVRES
1011 3140 1066 3172 ET
1104 3140 1132 3166 D
1153 3139 1484 3171 AUTOGRAPHES
