1924 2992
871 382 1048 427 — 3 —
228 490 359 532 88048
383 495 603 534 BARBEY
620 492 985 538 D’AURÉVILLY
1005 503 1156 550 (Jules),
1176 504 1210 538 le
1228 502 1377 540 célèbre
1395 504 1576 549 écrivain,
1596 507 1646 542 né
1663 507 1686 542 à

457 551 1014 593 Saint-Sauveur-le-Vicomte
1032 557 1236 604 (Manche).
1256 579 1305 584 —
1317 559 1358 595 L.
1376 571 1409 595 a.
1427 573 1455 597 s.
1473 561 1495 597 à
1511 560 1549 596 M
1553 560 1593 588 lle
1606 554 1686 598 Éli¬

455 607 595 645 sabeth
615 609 785 647 Bouille!
798 622 804 653 :
827 610 1086 655 Saint-Louis,
1112 613 1219 659 1884,
1243 625 1261 650 1
1284 626 1321 662 p.
1346 614 1453 653 in-8°.
1560 627 1607 653 20
1668 630 1683 650 »

422 672 505 701 Belle
522 674 613 703 lettre
630 675 750 710 intime,
767 677 870 712 signée
886 677 996 712 Jhiles,
1013 679 1107 706 écrite
1125 679 1142 706 à
1158 679 1269 708 l’encre
1285 687 1389 715 rouge.

227 734 356 775 83049
381 739 601 778 BARBEY
621 736 984 780 D’AURÉVILLY
1007 745 1156 792 (Jules).
1179 767 1229 772 —
1247 746 1363 782 Billet
1384 753 1464 785 aut.
1486 748 1553 795 sig.
1577 749 1612 796 J.
1636 749 1680 786 B.

457 795 541 834 d'A.
563 798 586 832 à
603 809 679 834 une
697 799 830 841 dame;
851 810 871 836 1
889 812 925 846 p.
947 800 1054 836 in-12
1070 800 1223 848 oblong.
1561 815 1609 840 10
1668 818 1684 836 »

421 866 495 896 Très
510 867 644 896 aimable
659 869 747 898 billet
763 870 839 898 écrit
856 871 873 898 à
889 869 1000 899 l’encre
1015 879 1119 906 rouge,
1135 880 1187 901 sur
1203 881 1262 901 une
1278 876 1362 902 carte
1377 872 1469 902 lettre
1485 883 1525 902 au
1540 883 1629 903 verso
1645 875 1684 904 de

382 910 513 945 laquelle
527 912 555 939 la
566 913 727 948 signature
741 913 827 949 Jules
841 914 965 950 Barbey
977 915 1172 951 d’Aurévilly
1183 917 1230 951 est
1243 917 1420 951 fac-similée
1431 919 1449 946 à
1461 919 1572 949 l’encre
1584 922 1683 948 verte.

228 979 354 1019 88050
380 983 591 1021 BARRAS
621 986 761 1033 (Paul),
790 986 948 1024 fameux
975 990 1275 1026 conventionnel
1302 995 1340 1026 et
1367 990 1560 1028 directeur
1585 993 1633 1028 né
1659 993 1681 1028 à

454 1039 780 1089 Fox-Amphoux.
799 1042 904 1079 —L.
924 1055 956 1079 a.
975 1056 1003 1080 s.
1022 1044 1066 1080 B.
1086 1044 1107 1079 à
1124 1044 1161 1080 M
1170 1049 1217 1070 me
1233 1045 1280 1081 de
1296 1045 1542 1095 Montpezat;
1560 1048 1680 1090 Paris,

453 1095 672 1139 dimanche,
695 1108 714 1134 1
734 1109 770 1144 p.
794 1097 901 1134 in-8°.
1558 1112 1607 1149 50
1667 1117 1683 1136 »

422 1166 447 1193 Il
464 1166 507 1194 lui
521 1168 743 1196 recommande
759 1168 797 1196 de
812 1170 945 1205 prendre
960 1169 1002 1198 du
1017 1171 1159 1199 chocolat
1176 1171 1214 1199 de
1232 1172 1356 1201 Beaune
1372 1180 1451 1207 pour
1470 1181 1518 1201 ses
1538 1173 1683 1202 douleurs

380 1210 568 1245 d’estomac;
583 1219 662 1246 pour
674 1213 717 1240 lui
730 1213 749 1240 il
763 1220 803 1240 va
815 1214 922 1241 mieux
937 1216 1035 1248 grâce,
1048 1222 1120 1243 sans
1133 1215 1239 1248 doute,
1253 1224 1292 1244 au
1305 1216 1359 1244 vin
1372 1216 1410 1245 de
1424 1218 1451 1245 N
1454 1226 1497 1245 un
1499 1225 1517 1244 a
1529 1225 1683 1254 campana

379 1254 459 1282 dont
474 1254 494 1282 il
508 1254 567 1283 fait
581 1264 686 1291 usage.
703 1257 745 1284 Le
756 1258 922 1286 secrétaire
934 1257 975 1286 de
991 1259 1116 1294 Kléber,
1125 1260 1251 1295 (Barras
1264 1261 1341 1289 écrit
1350 1260 1481 1296 Cléber),
1490 1261 1535 1289 lui
1548 1269 1566 1289 a
1579 1261 1683 1291 donné

380 1299 419 1326 de
432 1299 561 1327 curieux
575 1299 687 1329 détails
700 1309 753 1329 sur
767 1302 797 1329 la
810 1301 852 1329 fin
867 1301 1008 1338 tragique
1023 1303 1061 1331 de
1074 1311 1108 1331 ce
1123 1303 1221 1339 grand
1234 1304 1359 1332 homme
1372 1305 1411 1334 de
1426 1313 1542 1340 guerre.
1558 1316 1570 1332 «
1582 1307 1682 1334 L’An¬

380 1343 457 1378 glais
476 1352 515 1371 ne
533 1352 565 1372 se
583 1343 734 1373 désaisira
753 1354 809 1380 pas
828 1346 870 1373 du
889 1346 997 1375 rocher
1016 1348 1188 1382 important
1209 1348 1246 1376 de
1266 1348 1383 1377 Malthe
1401 1357 1480 1385 pour
1498 1358 1519 1385 y
1537 1350 1640 1384 placer
1657 1350 1685 1378 le

378 1387 544 1417 misérable
560 1388 766 1423 (Napoléon?)
784 1391 838 1424 qui
854 1398 871 1417 a
887 1392 956 1417 tout
973 1392 1122 1425 opprimé.
1138 1402 1149 1416 »

226 1450 352 1487 88051
384 1452 593 1490 BARTET
636 1455 756 1502 (Julia
797 1455 1039 1498 Régnault,
1081 1457 1119 1493 M
1128 1462 1175 1482 me
1179 1459 1204 1501 ),
1246 1459 1383 1494 artiste
1423 1461 1683 1511 dramatique,

454 1508 656 1545 sociétaire
684 1510 736 1545 du
764 1510 1146 1558 Théâtre-Français.
1178 1533 1227 1537 —
1252 1511 1292 1549 L.
1323 1525 1356 1549 a.
1385 1525 1429 1556 s.,
1459 1525 1480 1549 2
1507 1527 1543 1561 p.
1574 1516 1682 1552 in-8°.

454 1562 555 1608 Jolie
570 1564 688 1611 pièce.
1562 1581 1609 1606 10
1669 1584 1684 1602 >»

227 1637 354 1676 88052
380 1640 563 1677 BAYER
594 1641 764 1689 (Pierre),
791 1644 1043 1692 pharmacien
1062 1649 1101 1680 et
1127 1645 1274 1681 célèbre
1300 1645 1491 1689 chimiste,
1513 1647 1609 1683 dont
1627 1649 1681 1684 les

452 1695 706 1734 découvertes
721 1697 975 1746 préparèrent
991 1700 1084 1735 celle
1101 1700 1148 1736 de
1165 1700 1374 1743 Lavoisier,
1392 1702 1441 1737 né
1457 1702 1480 1737 à
1496 1702 1681 1739 Châlons-

449 1752 668 1789 sur-Marne
690 1752 864 1801 (Marne).
885 1775 932 1778 —
950 1754 990 1791 L.
1012 1767 1044 1791 a.
1064 1767 1092 1791 s.
1113 1756 1135 1791 à
1153 1755 1201 1791 M.
1222 1755 1421 1799 Charlard,
1440 1757 1680 1804 apothicaire

452 1808 504 1844 du
529 1809 604 1845 duc
629 1808 850 1852 d’Orléans;
876 1809 1053 1852 Baveux,
1080 1820 1124 1846 22
1149 1811 1382 1857 septembre,
1407 1822 1429 1858 3
1453 1825 1490 1860 p.
1518 1813 1626 1852 in-8°.

1558 1884 1601 1919 15
1665 1886 1680 1907 «

415 1919 440 1946 Il
455 1918 644 1948 l’entretient
660 1920 697 1949 de
711 1929 758 1950 ses
773 1924 908 1950 travaux
921 1925 952 1950 et
966 1931 997 1951 se
1012 1923 1111 1958 plaint
1125 1924 1224 1952 d’être
1237 1926 1401 1961 surchargé
1415 1926 1453 1955 de
1467 1927 1590 1956 travail.

221 1983 346 2022 88053
373 1985 695 2034 BECQUEREL
721 1989 1068 2037 (Antoine-César),
1094 1991 1243 2027 célèbre
1265 1993 1479 2040 physicien,
1505 1997 1680 2033 membre

411 2078 427 2093 ,
449 2042 495 2079 de
521 2043 758 2080 l’Académie
785 2045 851 2082 des
879 2045 1064 2082 Sciences.
1093 2067 1143 2072 —
1166 2046 1208 2083 L.
1238 2059 1270 2084 a.
1298 2060 1327 2084 s.
1341 2060 1348 2090 ;
1377 2049 1497 2092 Paris,
1526 2050 1573 2087 26
1599 2052 1678 2088 mai

450 2096 557 2141 1868,
577 2109 598 2144 3
617 2111 653 2146 p.
676 2100 784 2136 in-8°.
1556 2116 1600 2143 12
1664 2121 1678 2141 »

418 2169 524 2198 Lettre
540 2170 734 2206 scientifique
751 2171 880 2200 relative
899 2172 915 2199 à
932 2180 979 2201 ses
996 2173 1173 2201 recherches
1190 2181 1242 2201 sur
1258 2174 1285 2201 le
1302 2175 1507 2209 magnétisme
1524 2177 1562 2206 de
1578 2178 1676 2213 l’oxy-

366 2203 457 2253 gène.
218 2279 346 2318 88054
372 2281 593 2318 BEDEAU
621 2282 862 2331 (Alphonse),
887 2284 1041 2331 général
1066 2285 1113 2321 de
1135 2285 1295 2321 l’armée
1319 2286 1535 2336 d’Afrique,
1561 2289 1588 2325 il
1612 2290 1673 2326 fut

446 2338 603 2374 nommé
621 2338 897 2375 divisionnaire
916 2341 1026 2388 après
1044 2340 1082 2376 la
1102 2340 1258 2376 bataille
1277 2341 1411 2388 d’Isly,
1432 2343 1607 2380 ministre
1626 2346 1673 2381 de

445 2393 483 2428 la
498 2403 632 2441 guerre
650 2405 694 2429 en
717 2394 824 2440 1848,
843 2395 891 2430 né
908 2395 930 2430 à
949 2394 1094 2431 Vertou
1111 2396 1198 2443 près
1216 2396 1262 2432 de
1280 2396 1440 2434 Nantes.
1463 2420 1512 2424 —
1527 2399 1567 2436 L.
1588 2412 1621 2437 a.
1640 2412 1669 2437 s.

444 2448 466 2483 à
489 2460 542 2484 un
564 2449 731 2492 colonel;
755 2449 1022 2493 Constantine,
1048 2450 1071 2486 8
1093 2450 1296 2487 décembre
1319 2451 1426 2498 1846,
1451 2464 1473 2499 3
1496 2466 1532 2501 p.
1558 2455 1667 2492 in-8°.

1571 2520 1592 2556 5
1656 2525 1670 2543 «

409 2564 434 2590 Il
456 2564 498 2591 lui
519 2564 620 2592 donne
641 2564 684 2593 les
704 2565 825 2594 raisons
846 2574 925 2601 pour
945 2565 1106 2601 lesquelles
1128 2566 1146 2594 il
1166 2575 1205 2594 11e
1225 2571 1298 2601 peut
1322 2568 1446 2596 inscrire
1467 2568 1493 2597 le
1514 2571 1670 2605 capitaine

371 2609 450 2636 Rose
467 2616 519 2637 sur
536 2608 563 2636 le
580 2608 705 2637 tableau
724 2609 972 2640 d’avancement.

214 2671 339 2712 88055
367 2675 598 2712 BERLIOZ
628 2675 816 2723 (Hector),
844 2678 1019 2714 l’illustre
1044 2678 1306 2726 compositeur
1331 2679 1378 2715 de
1405 2681 1591 2730 musique.
1621 2703 1671 2708 —

442 2731 482 2767 L.
503 2743 536 2768 a.
555 2744 583 2768 s.
603 2731 626 2767 à
640 2724 776 2774 Érard,
796 2742 816 2769 2
833 2745 869 2780 p.
889 2733 997 2770 in-8°.
1545 2746 1591 2783 25
1653 2752 1669 2771 »

411 2802 435 2828 Il
451 2802 493 2829 lui
508 2803 646 2837 exprime
662 2803 687 2831 le
703 2803 831 2839 chagrin
848 2804 921 2838 qu’il
937 2811 954 2830 a
970 2804 1098 2832 ressenti
1114 2812 1151 2832 en
1165 2807 1311 2832 recevant
1326 2812 1382 2833 son
1399 2807 1586 2843 magnifique
1601 2809 1666 2843 pré-
