1923 3050
890 319 1072 367 — 7 —
488 437 629 481 Désert,
650 438 699 473 né
719 438 741 473 à
761 438 933 475 Cadenet
958 439 1190 487 (Vaucluse).
1214 460 1264 464 —
1282 439 1323 475 L.
1347 451 1380 476 a.
1402 451 1431 475 s.
1455 439 1477 474 à
1497 438 1547 476 M.
1570 438 1615 476 A.
1638 438 1719 475 Me-

484 493 616 536 réaux,
636 493 658 528 à
676 492 832 537 Rouen;
856 494 915 541 (23
933 506 1036 531 mars
1056 494 1180 542 1846),
1201 494 1275 542 i'p.
1301 494 1315 519 x
1306 491 1336 541 /
1325 516 1344 542 2
1361 493 1471 531 in-8°.
1595 503 1639 541 15
1702 508 1718 528 »

450 563 659 592 Intéressante
673 565 765 592 lettre
778 573 857 600 pour
870 565 900 592 la
913 566 1138 601 transposition
1153 566 1195 593 du
1208 566 1272 593 rôle
1287 566 1329 593 du
1344 566 1433 593 ténor
1447 565 1489 592 du
1507 566 1621 594 Désert.

255 634 380 673 88080
406 636 701 673 DELAMBRE
741 638 1251 686 (Jean-Baptiste-Joseph),
1288 638 1436 674 célèbre
1472 642 1711 682 astronome,

484 693 550 740 qui
571 692 632 728 fut
654 693 806 740 chargé,
829 705 924 729 avec
945 694 1136 737 Méchain,
1160 695 1207 730 de
1227 695 1265 730 la
1285 705 1436 730 mesure
1458 693 1553 729 d’un
1574 705 1638 729 arc
1661 694 1714 729 du

483 748 682 791 méridien,
708 748 757 783 né
783 749 805 784 à
829 748 999 786 Amiens.
1028 771 1078 774 —
1101 749 1142 785 L.
1171 762 1203 786 a.
1231 762 1259 785 s.
1289 761 1338 784 au
1362 748 1518 796 général
1543 748 1712 791 Sanson;

486 803 526 850 (s.
550 804 600 846 d.,
622 803 720 840 mais
741 804 851 851 après
873 804 998 852 1799),
1020 815 1044 851 4
1061 817 1098 852 p.
1122 805 1204 852 in-4
1204 809 1221 828 0
1224 835 1230 841 .
1590 813 1635 849 25
1698 817 1714 836 »

452 874 661 902 Intéressante
675 875 768 902 lettre
781 875 975 910 scientifique
989 875 1193 903 entièrement
1208 875 1337 902 relative
1353 875 1370 901 à
1384 876 1414 902 la
1428 874 1664 902 confrontation
1680 877 1712 901 et

440 918 470 945 la
484 927 605 946 mesure
620 919 673 946 des
688 919 764 946 trois
778 919 874 954 règles
890 920 943 953 qui
957 922 1012 947 ont
1027 920 1108 947 servi
1123 920 1141 946 à
1154 920 1184 946 la
1198 928 1320 947 mesure
1334 919 1388 947 des
1402 920 1493 946 bases
1508 919 1546 946 de
1560 919 1665 946 Melun
1680 920 1712 945 et

408 963 445 990 de
465 963 647 997 Perpignan.
668 963 693 989 Il
713 963 865 991 demande
884 972 943 998 que
960 964 1024 991 l’on
1040 966 1190 991 remettre
1208 972 1247 991 au
1264 965 1384 991 bureau
1400 964 1455 990 des
1472 963 1650 998 longitudes
1668 962 1713 990 les

405 1007 581 1034 matériaux
602 1007 676 1041 qu’il
697 1008 783 1035 avait
803 1008 987 1036 rassemblés
1007 1015 1086 1043 pour
1104 1008 1201 1036 servir
1221 1009 1238 1035 à
1257 1008 1409 1035 l’histoire
1428 1008 1466 1035 de
1486 1007 1712 1035 l’astronomie.

407 1051 461 1079 Ces
476 1052 651 1079 matériaux
666 1054 737 1079 sont
752 1052 995 1087 complètement
1011 1053 1136 1080 inutiles
1152 1061 1191 1079 au
1208 1052 1304 1087 dépôt
1320 1052 1358 1079 de
1373 1052 1403 1078 la
1419 1059 1537 1086 guerre.

252 1122 376 1161 88081
403 1123 731 1161 DENECOURT
758 1125 1150 1172 (Claude-François),
1171 1125 1207 1161 le
1228 1125 1392 1171 Sylvain
1412 1125 1454 1160 de
1473 1125 1510 1161 la
1530 1125 1641 1160 Forêt
1671 1124 1715 1159 de

479 1180 786 1217 Fontainebleau.
823 1201 873 1205 —
903 1180 944 1217 L.
981 1193 1013 1217 a.
1048 1193 1076 1217 s.
1112 1181 1135 1216 à
1167 1180 1218 1217 M.
1253 1180 1451 1227 Alphonse
1485 1180 1711 1222 Duchesne;

480 1245 502 1271 2
519 1247 621 1271 mars
640 1235 749 1283 1859,
767 1246 792 1281 4
806 1235 843 1283 p.
867 1235 903 1282 y
892 1257 910 1283 2
916 1267 922 1272 .
1592 1245 1638 1271 10
1699 1247 1715 1267 »

445 1306 518 1333 Très
540 1306 679 1334 curieuse
702 1306 794 1333 lettre
816 1307 894 1334 dans
917 1307 1048 1341 laquelle
1070 1307 1090 1333 il
1112 1315 1143 1334 se
1166 1306 1280 1334 défend
1301 1308 1410 1333 contre
1432 1306 1475 1333 les
1498 1307 1646 1340 attaques
1669 1306 1708 1333 de

404 1350 634 1385 Champfleury,
649 1351 701 1384 qui
728 1351 889 1378 l’accusait
917 1351 1037 1377 d’avoir
1063 1351 1192 1385 saccagé
1217 1350 1247 1377 la
1274 1350 1353 1378 forêt
1381 1350 1420 1377 de
1447 1350 1705 1379 Fontainebleau.

405 1395 582 1422 Denecourt
597 1397 736 1429 proteste
750 1395 1021 1429 vigoureusement
1037 1397 1068 1422 et
1084 1394 1186 1422 donne
1202 1394 1256 1422 des
1270 1394 1383 1422 détails
1397 1402 1450 1422 sur
1465 1402 1523 1421 son
1539 1401 1658 1422 œuvre.

250 1464 376 1501 88082
402 1465 716 1501 DESCHAMPS
739 1459 906 1512 (Émile),
927 1466 1076 1501 célèbre
1095 1467 1210 1513 poète
1231 1467 1278 1501 de
1297 1466 1430 1501 l’école
1449 1466 1714 1512 romantique,

479 1520 569 1555 né.à
587 1520 771 1566 Bourges.
794 1541 844 1545 —
860 1520 901 1556 P.
923 1521 970 1556 de
988 1532 1075 1556 vers
1094 1524 1175 1556 aut.
1196 1520 1264 1566 sig.
1290 1520 1350 1566 (10
1368 1520 1484 1567 vers),
1504 1531 1527 1556 1
1544 1532 1581 1567 p.
1603 1520 1686 1568 in-4
1685 1525 1703 1544 0
1706 1550 1713 1557 .

1592 1585 1640 1610 20
1701 1587 1716 1607 »

446 1634 590 1661 Curieuse
606 1634 691 1669 pièce
708 1635 785 1662 dans
802 1635 934 1669 laquelle
950 1635 970 1662 il
987 1634 1044 1662 fait
1062 1635 1169 1669 l’éloge
1186 1634 1224 1661 de
1240 1634 1269 1661 la
1286 1635 1430 1668 musique
1450 1643 1456 1661 :

494 1700 505 1713 «
523 1690 649 1724 Langue
665 1690 776 1723 sainte,
793 1690 834 1716 où
849 1689 962 1723 jamais
978 1698 1017 1717 ne
1034 1698 1137 1724 germe
1152 1698 1196 1716 un
1211 1690 1355 1716 mauvais
1372 1689 1449 1716 livre
1461 1689 1468 1716 !

494 1744 504 1757 «
522 1733 574 1761 S’il
593 1735 638 1761 est
657 1733 711 1760 des
728 1734 856 1760 mortels
872 1734 983 1761 sourds
1000 1742 1039 1761 ou
1059 1734 1154 1761 froids
1173 1734 1190 1760 à
1207 1735 1254 1760 tes
1273 1733 1410 1766 accords,

492 1788 502 1802 «
520 1777 601 1805 C’est
617 1786 676 1811 que
690 1778 771 1805 Dieu
784 1778 837 1804 n’a
850 1785 906 1811 pas
920 1778 980 1805 mis
994 1786 1054 1805 une
1070 1779 1138 1805 âme
1153 1778 1230 1804 dans
1244 1777 1310 1804 leur
1323 1784 1423 1811 corps.

246 1849 369 1888 88083
396 1849 776 1887 DESGENETTES
798 1849 920 1897 (René
937 1850 1170 1892 Dufriche,
1189 1850 1341 1897 baron),
1359 1850 1394 1885 le
1411 1850 1560 1886 célébré
1581 1850 1714 1886 méde¬

472 1906 533 1941 cin
548 1905 743 1948 militaire,
759 1905 809 1940 né
823 1905 846 1941 à
859 1905 1034 1951 Alençon
1052 1903 1196 1952 (Orne).
1215 1904 1319 1941 —L.
1338 1917 1370 1941 a.
1388 1917 1416 1942 s.
1435 1905 1457 1940 à
1471 1905 1712 1941 l’intendant

471 1961 627 2008 général
645 1961 692 1997 de
708 1961 884 2002 l’armée;
904 1959 1078 2008 quartier
1097 1960 1253 2007 général
1271 1960 1293 1995 à
1310 1959 1454 2003 Berlin,
1476 1969 1520 2006 15
1539 1964 1710 2007 septem¬

472 2017 539 2052 bre
560 2016 669 2063 1807,
691 2026 712 2052 2
737 2028 773 2063 p.
797 2015 960 2052 in-folio.
1595 2026 1642 2051 20
1693 2029 1709 2048 »

438 2085 465 2128 |I1
481 2087 601 2123 appelle
616 2095 674 2115 son
690 2088 848 2114 attention
863 2095 916 2114 sur
932 2086 986 2114 des
1002 2086 1251 2114 inobservations
1268 2086 1322 2113 des
1338 2086 1525 2121 règlements
1542 2086 1706 2114 militaires

397 2134 586 2161 concernant
605 2132 815 2160 l’évacuation
832 2131 885 2159 des
902 2131 1025 2159 blessés.

241 2206 367 2244 88084
393 2204 734 2242 DESMOULINS
766 2204 967 2252 (Camille),
994 2205 1029 2239 le
1056 2204 1205 2241 célèbre
1230 2204 1451 2252 publiciste,
1481 2204 1629 2251 député
1658 2205 1705 2240 de

469 2261 578 2298 Paris
599 2261 621 2296 à
639 2261 677 2297 la
696 2260 954 2303 Convention,
975 2260 1024 2295 né
1043 2260 1066 2295 à
1086 2259 1202 2296 Guise
1226 2258 1386 2306 (Aisne),
1409 2259 1589 2306 décapité
1609 2270 1705 2295 avec

469 2317 632 2353 Danton
650 2316 685 2351 le
704 2325 725 2361 5
747 2315 845 2351 avril
865 2325 972 2363 1794.
996 2336 1047 2340 —
1064 2315 1175 2351 Pièce
1195 2318 1290 2357 aut.,
1314 2325 1333 2350 1
1353 2326 1390 2361 p.
1413 2314 1496 2360 in-4
1495 2319 1513 2338 0
1517 2325 1523 2360 .
1580 2325 1601 2360 3
1605 2324 1628 2350 °
1691 2328 1707 2347 »

437 2388 605 2424 Fragment
620 2387 696 2415 d'un
710 2386 817 2414 article
830 2386 872 2414 où
885 2386 905 2413 il
919 2388 985 2414 met
999 2394 1038 2414 en
1052 2382 1352 2420 causeLa’Fayette
1367 2387 1398 2412 et
1414 2385 1508 2413 Louis
1524 2384 1611 2413 XVI.

239 2466 364 2506 88085
392 2465 662 2503 DETAILLE
696 2458 924 2512 (Édouard),
956 2465 991 2500 le
1021 2465 1169 2501 célèbre
1199 2463 1363 2511 peintre.
1398 2485 1448 2488 —
1478 2463 1518 2500 L.
1553 2475 1586 2500 a.
1620 2475 1649 2500 s.
1685 2464 1708 2499 à

470 2522 519 2559 M.
546 2522 581 2569 J.
606 2521 780 2564 Doucet;
805 2530 851 2568 17
873 2520 1025 2567 janvier
1048 2519 1156 2568 1889,
1181 2528 1203 2554 2
1226 2532 1263 2567 p.
1289 2518 1399 2562 in-8°,
1423 2519 1650 2566 enveloppe.

1581 2584 1627 2610 12
1689 2588 1704 2607 »

434 2644 459 2671 Il
475 2652 507 2672 se
523 2643 623 2679 plaint
641 2642 695 2670 des
711 2642 876 2669 faussaires
893 2643 923 2669 et
941 2642 1061 2670 déclare
1079 2641 1153 2676 qu’il
1168 2642 1221 2668 n’a
1238 2648 1339 2668 aucun
1356 2641 1479 2675 croquis
1496 2639 1514 2667 à
1529 2640 1647 2668 vendre
1668 2642 1703 2667 et

392 2688 467 2724 qu’il
480 2697 519 2716 ne
532 2689 608 2715 veut
622 2694 679 2722 pas
694 2695 731 2714 en
746 2686 872 2714 vendre.
888 2686 1005 2714 Toutes
1019 2694 1066 2714 ses
1081 2685 1214 2718 affaires,
1229 2684 1395 2719 d’ailleurs,
1410 2687 1481 2713 sont
1497 2685 1626 2713 traitées
1640 2691 1705 2719 par

390 2734 419 2761 la
432 2733 553 2761 maison
570 2731 720 2760 Boussod.
