1887 3011
877 441 1050 483 - 4 -
393 573 471 603 sent,
480 565 581 595 arrivé
592 566 621 592 la
635 562 733 595 veille,
742 562 762 589 il
776 562 828 588 n'a
841 558 955 594 jamais
967 556 1063 592 songé
1076 554 1094 582 à
1106 554 1173 582 rien
1181 552 1220 580 de
1233 550 1329 587 pareil
1343 557 1424 586 pour
1436 549 1515 577 faire
1527 556 1584 576 son
1594 548 1704 576 devoir

392 616 423 648 et
439 620 517 648 pour
533 610 607 643 dire,
624 616 663 637 au
679 607 761 642 sujet
778 606 853 640 d’un
870 601 968 640 grand
983 602 1109 629 homme
1124 598 1166 633 tel
1184 605 1244 633 que
1261 595 1418 631 Spontini,
1435 595 1526 622 toute
1542 592 1702 621 l’admira¬

395 658 460 686 tion
490 655 563 691 qu’il
591 654 635 682 lui
663 651 787 687 inspire.

243 726 367 766 88056
391 722 578 761 BERRY
603 714 1029 769 (Charles-Ferdinand,
1053 712 1130 749 duc
1152 710 1229 758 de),
1252 709 1288 745 le
1309 707 1401 757 père
1424 707 1479 743 du
1501 705 1632 742 comte
1654 704 1704 742 de

468 776 702 818 Chambord,
729 771 920 811 assassiné
943 781 991 806 en
1017 768 1124 805 1820.
1152 765 1203 801 —
1225 764 1265 801 P.
1291 763 1342 807 s.;
1369 762 1491 806 Paris,
1518 772 1536 797 I
1540 766 1574 785 er
1597 765 1706 797 octo¬

468 835 535 871 bre
564 830 672 874 1816,
703 842 722 867 1
751 842 787 877 p.
818 826 970 866 in-folio
998 825 1153 871 oblong,
1182 821 1329 869 grande
1357 818 1536 866 vignette
1563 816 1706 864 gravée

466 902 538 939 par
560 886 765 924 Lorichon.
1581 879 1628 918 35
1690 884 1708 904 »

435 957 460 984 Il
480 956 596 983 atteste
617 961 676 989 que
695 951 723 980 le
742 952 846 979 comte
867 949 989 977 Gaëtan
1010 946 1048 975 de
1069 945 1113 972 La
1135 940 1391 972 Rochefoucauld
1412 948 1430 967 a
1449 938 1532 967 suivi
1556 939 1583 966 le
1603 937 1649 965 roi
1669 946 1705 965 en

396 1000 543 1036 Belgique
563 1001 610 1035 [en
630 998 729 1034 1815],
748 998 779 1023 et
799 994 874 1031 qu’il
893 1001 911 1021 a
928 992 1031 1021 donné
1049 990 1104 1018 des
1122 996 1254 1024 preuves
1272 987 1311 1014 de
1329 985 1457 1018 fidélité,
1475 983 1515 1011 de
1533 983 1595 1011 zèle
1619 981 1650 1010 et
1668 981 1707 1009 de

396 1046 603 1074 dévouement
626 1050 705 1078 pour
727 1041 755 1068 le
777 1039 895 1068 service
919 1038 961 1065 du
983 1037 1030 1064 roi
1047 1042 1169 1064 connue
1192 1030 1418 1060 commandant
1443 1030 1486 1057 les
1515 1028 1707 1055 volontaires

393 1098 515 1126 royaux
532 1089 569 1117 de
586 1089 667 1116 l’Est
685 1095 722 1114 en
742 1085 846 1113 Suisse
864 1086 895 1111 et
914 1091 952 1110 en
972 1078 1249 1109 Franche-Comté.

246 1158 371 1197 88057
394 1151 819 1194 BEURNONVILLE
838 1147 980 1197 (Pierre
1000 1147 1120 1189 Riel,
1137 1143 1313 1193 marquis
1333 1142 1411 1189 de),
1426 1140 1577 1177 célèbre
1596 1137 1710 1186 géné¬

471 1212 528 1249 ral
548 1212 613 1248 des
632 1220 785 1257 guerres
802 1207 849 1244 de
867 1207 905 1243 la
925 1202 1186 1251 République,
1198 1198 1492 1239 ambassadeur,
1513 1193 1710 1232 maréchal

474 1268 520 1304 de
539 1266 687 1303 France
705 1274 752 1304 en
772 1261 880 1300 1816.
901 1260 952 1296 —
968 1259 1009 1296 P.
1029 1272 1057 1296 s.
1072 1270 1079 1301 ;
1100 1253 1450 1305 quartier-général
1468 1253 1491 1288 à
1509 1250 1710 1291 Mulheim,

475 1334 522 1359 10
541 1320 739 1359 brumaire
759 1330 811 1355 an
831 1318 877 1361 V,
901 1328 921 1353 1
942 1329 979 1364 p.
1003 1313 1169 1356 in-folio,
1191 1311 1283 1359 jolie
1302 1310 1481 1357 vignette
1501 1306 1644 1355 gravée
1665 1305 1713 1342 de

474 1378 631 1415 l’armée
655 1377 708 1413 du
730 1374 851 1411 Nord.
1592 1371 1638 1398 10
1700 1373 1715 1392 «

447 1445 543 1474 Ordre
559 1452 599 1472 au
613 1444 739 1478 citoyen
756 1441 874 1476 Joseph
889 1439 1005 1473 Darey,
1020 1435 1089 1466 chef
1105 1436 1143 1463 de
1158 1433 1321 1466 bataillon,
1338 1431 1376 1459 de
1390 1439 1423 1460 se
1438 1430 1548 1459 rendre
1564 1437 1604 1456 au
1621 1435 1712 1462 camp

404 1490 443 1517 de
459 1491 491 1517 la
509 1498 547 1524 29
547 1493 559 1508 e
579 1487 805 1522 demi-brigade
822 1487 855 1512 et
873 1484 928 1518 d’y
944 1482 1078 1518 prendre
1096 1481 1125 1508 le
1142 1478 1418 1508 commandement
1437 1476 1480 1503 du
1501 1484 1517 1509 3
1518 1479 1531 1493 0
1548 1473 1712 1503 bataillon.

255 1557 379 1596 88058
404 1555 577 1593 BLANC
605 1552 765 1602 (Louis),
789 1552 953 1598 homme'
969 1548 1174 1598 politique,
1197 1544 1385 1583 historien
1412 1543 1459 1581 de
1481 1543 1520 1580 la
1544 1540 1717 1578 Révolu¬

480 1611 563 1647 tion
579 1609 779 1655 française.
798 1629 849 1633 —
861 1607 902 1644 L.
921 1618 953 1643 a.
971 1618 998 1643 s.
1017 1605 1040 1640 à
1053 1616 1108 1640 un
1122 1601 1296 1640 confrère
1307 1613 1314 1644 ;
1331 1599 1538 1647 Brighton,
1557 1606 1602 1644 15
1619 1595 1720 1633 avril

481 1666 590 1709 1868,
609 1676 632 1703 2
648 1678 685 1713 p.
705 1663 870 1700 in-folio.
1597 1662 1645 1689 10
1705 1664 1722 1684 »

447 1734 472 1761 Il
488 1733 634 1762 remercie
649 1739 729 1767 pour
743 1731 787 1758 les
803 1730 899 1765 lignes
916 1728 954 1756 de
968 1726 1149 1764 sympathie
1165 1724 1343 1760 imprimées
1360 1723 1438 1750 dans
1453 1722 1481 1749 le
1499 1720 1577 1749 Petit
1593 1720 1717 1755 Figaro,

407 1779 425 1806 à
437 1779 602 1806 l’occasion
616 1777 654 1805 de
666 1777 696 1804 la
708 1778 797 1811 perte
811 1775 849 1803 de
861 1781 896 1802 sa
908 1773 1001 1806 mère,
1015 1774 1104 1807 perte
1118 1778 1177 1806 que
1190 1771 1217 1797 le
1231 1768 1354 1804 journal
1367 1767 1489 1801 croyait
1502 1766 1638 1793 récente.
1655 1774 1665 1788 «
1679 1763 1717 1797 Je

405 1824 459 1851 l’ai
473 1823 600 1859 perdue,
617 1822 636 1849 il
652 1822 734 1849 n’est
752 1828 812 1855 que
828 1822 900 1854 trop
916 1818 994 1851 vrai,
1011 1816 1090 1844 mais
1108 1815 1215 1850 quand
1231 1814 1336 1850 j’étais
1353 1814 1424 1840 tout
1442 1811 1568 1844 enfant;
1585 1812 1617 1838 et
1633 1807 1717 1836 voici

407 1877 466 1904 que
485 1868 563 1902 l’âge
582 1867 652 1895 mûr
671 1868 717 1894 est
738 1865 810 1900 déjà
829 1863 961 1892 derrière
979 1862 1043 1890 moi
1056 1862 1061 1889 !
1085 1870 1097 1886 »

256 1935 380 1974 88059
406 1932 740 1972 BOMBONNEL
774 1931 974 1980 (Charles),
1006 1929 1169 1965 fameux
1199 1926 1395 1968 chasseur,
1428 1921 1657 1960 surnommé
1685 1920 1722 1955 le

486 1990 615 2027 Tueur
631 1989 675 2026 de
690 1988 900 2037 panthères,
918 1986 968 2022 né
986 1985 1009 2022 à
1026 1984 1136 2033 Spoy
1156 1981 1310 2031 (Aube).
1332 2002 1382 2005 —
1398 1979 1440 2016 L.
1463 1992 1496 2016 a.
1516 1990 1545 2015 s.
1558 1990 1567 2021 ;
1587 1976 1722 2023 Dijon,

487 2045 508 2093 g
530 2045 670 2081 février
693 2042 801 2089 1864,
825 2054 846 2088 3
869 2055 905 2090 p.
932 2040 1041 2077 in-8°.
1628 2030 1651 2068 6
1712 2044 1727 2063 »

454 2112 479 2140 U
494 2113 592 2140 invite
605 2119 660 2140 son
675 2109 920 2146 correspondant
936 2108 953 2135 à
965 2107 1055 2135 venir
1067 2107 1193 2135 chasser
1206 2104 1233 2132 le
1246 2104 1390 2139 sanglier.

262 2180 387 2219 88060
413 2177 738 2216 BONAPARTE
757 2177 966 2224 (Hortense
982 2174 1031 2211 de
1046 2170 1367 2213 Beauharnais,
1384 2170 1529 2217 épouse
1545 2168 1594 2203 de
1609 2163 1728 2201 Louis

491 2234 637 2281 Louis),
654 2233 758 2269 reine
776 2233 822 2269 de
839 2231 1048 2273 Hollande,
1066 2230 1170 2265 mère
1188 2228 1235 2264 de
1252 2226 1459 2274 Napoléon
1477 2223 1551 2259 III.
1572 2243 1622 2247 —
1637 2221 1677 2257 P.
1696 2231 1726 2255 s.

491 2291 595 2326 deux
613 2289 703 2332 fois;
725 2288 846 2330 Paris,
867 2285 915 2323 26
932 2286 1085 2332 janvier
1105 2284 1214 2332 1809,
1237 2294 1255 2320 1
1276 2295 1312 2330 p.
1335 2280 1498 2317 in-folio.
1608 2286 1655 2312 20
1717 2287 1732 2307 »

458 2356 593 2385 Pouvoir
611 2356 715 2384 donné
733 2355 752 2383 à
770 2355 811 2382 M.
833 2354 1033 2388 Rougemont
1052 2352 1091 2380 de
1109 2351 1325 2385 Loowenberg
1342 2355 1422 2383 pour
1440 2346 1573 2374 toucher
1590 2344 1634 2371 les
1652 2342 1731 2370 divi¬

417 2401 532 2430 dendes
548 2401 586 2429 de
601 2409 648 2429 ses
664 2401 808 2428 soixante
824 2399 945 2427 actions
960 2398 999 2425 de
1015 2397 1044 2424 la
1061 2397 1192 2431 Banque
1207 2395 1246 2422 de
1263 2394 1393 2422 France.

267 2468 390 2506 88061
417 2466 746 2505 BERTHOLON
775 2465 929 2513 (Pierre,
955 2463 1113 2510 l’abbé),
1139 2461 1329 2503 médecin,
1355 2458 1435 2496 ami
1458 2458 1506 2494 de
1530 2453 1731 2494 Franklin,

496 2528 636 2560 auteur
653 2523 701 2558 de
718 2522 942 2558 recherches
960 2532 1026 2556 sur
1042 2517 1295 2560 l’électricité,
1315 2516 1364 2552 né
1381 2515 1405 2550 à
1421 2514 1546 2561 Lyon.
1568 2531 1618 2536 —
1634 2509 1675 2545 L.
1696 2520 1730 2543 a.

495 2592 522 2616 s.
543 2580 566 2615 à
581 2578 630 2616 M.
651 2577 796 2615 Guérin
812 2576 890 2620 fils;
907 2575 1074 2618 Béziers,
1092 2585 1140 2620 30
1156 2572 1316 2610 octobre
1335 2570 1444 2618 1785,
1463 2579 1485 2606 2
1500 2580 1537 2617 p.
1560 2565 1605 2615 %
1621 2565 1703 2608 in-4
1703 2567 1720 2586 0
1726 2593 1733 2605 ,

497 2635 661 2671 adresse.
1615 2630 1661 2656 10
1722 2630 1737 2650 »

465 2702 487 2730 Il
509 2700 703 2729 l’entretient
711 2701 749 2728 de
763 2708 810 2728 ses
828 2699 1027 2735 expériences
1042 2705 1094 2725 sur
1111 2694 1318 2728 l’électricité,
1334 2694 1389 2722 des
1409 2693 1499 2720 effets
1520 2690 1558 2717 de
1570 2688 1602 2716 la
1616 2686 1737 2718 foudre,

426 2746 463 2774 de
482 2744 767 2781 l’imperméabilité
788 2745 828 2772 du
846 2752 943 2778 verre,
955 2745 1023 2771 /etc..

274 2811 398 2851 88062
427 2811 709 2849 BOURBAKI
734 2810 932 2859 (Charles),
952 2809 1102 2845 célèbre
1120 2807 1288 2855 général,
1309 2805 1377 2853 qui
1395 2800 1633 2840 commanda
1650 2797 1736 2832 l’ar¬

500 2869 583 2904 mée
601 2869 648 2904 de
664 2867 766 2903 l’Est
784 2878 832 2902 en
851 2866 959 2913 1870,
978 2864 1199 2912 vainqueur
1215 2864 1263 2899 de
1280 2861 1443 2897 Werder
1458 2858 1483 2893 à
1499 2851 1736 2893 Villersexel,
