1931 3064
886 299 1062 350 - 9 -
249 420 375 458 88094
401 415 539 457 EBLÉ
564 422 908 472 (Jean-Baptiste),
931 425 1087 472 général
1108 425 1344 469 d’artillerie,
1368 426 1435 473 qui
1455 427 1642 464 s’illustra
1663 440 1713 465 au

478 489 643 525 passage
674 479 721 514 de
751 479 790 515 la
820 480 1018 524 Bérésina,
1050 480 1099 516 né
1131 480 1153 517 à
1184 480 1417 527 Saint-Jean
1449 482 1496 518 de
1529 482 1714 520 Rorbach

483 532 681 580 (Moselle).
709 554 760 559 -—
782 533 825 573 L.
855 547 887 572 a.
915 548 944 572 s.
974 548 1025 572 au
1050 535 1227 573 ministre
1253 537 1300 572 de
1325 537 1364 572 la
1388 548 1542 584 guerre;
1570 538 1712 582 Douai,

480 588 502 623 8
521 588 737 625 thermidor
756 600 806 625 an
826 590 876 638 X,
901 590 936 638 ]/
926 613 944 638 2
962 603 999 638 p.
1021 591 1104 638 in-4
1104 596 1121 615 0
1124 621 1130 628 .
1591 604 1659 630 10.
1699 607 1714 627 »

254 663 377 701 88095
405 663 604 701 EDISON
634 666 817 713 (Thomas
843 667 921 714 A.),
947 668 982 704 le
1008 668 1157 704 célèbre
1182 668 1391 705 inventeur
1416 670 1637 707 américain.
1666 692 1717 696 —

481 720 532 757 Sa
544 721 745 768 signature
759 726 839 759 aut.
856 735 923 758 sur
935 733 1012 760 une
1026 727 1133 759 carte
1148 724 1195 760 de
1209 724 1336 767 visite,
1354 735 1373 760 1
1388 737 1424 772 p.
1442 724 1560 771 in-32.
1615 737 1637 772 5
1700 739 1716 759 »

255 795 380 834 88096
406 796 601 834 EIFFEL
627 798 845 847 (Gustave),
870 800 1082 847 ingénieur,
1107 805 1380 839 constructeur
1403 802 1450 838 de
1473 803 1511 839 la
1534 807 1625 840 tour
1649 804 1717 851 qui

479 857 594 901 porte
620 865 691 890 son
720 865 825 898 nom,
855 855 905 891 né
932 855 956 891 à
983 855 1104 902 Dijon
1136 856 1387 904 (Côte-d’Or).
1417 878 1466 882 -—
1494 858 1536 895 L.
1568 871 1601 895 a.
1632 871 1660 896 s.
1693 860 1717 895 à

482 908 521 944 M
529 914 574 934 me
593 909 867 956 Desgenetais;
889 921 934 947 21
955 910 1050 947 août
1071 910 1179 959 1887,
1200 922 1224 958 4
1241 924 1278 960 p.
1300 911 1420 949 in-16.
1593 925 1640 950 10
1701 927 1717 947 »

448 972 475 1001 Il
488 974 574 1009 parle
588 974 626 1002 de
639 982 674 1002 sa
687 975 778 1003 santé
792 977 824 1004 et
838 975 893 1003 des
906 977 1044 1004 travaux
1057 976 1095 1004 de
1108 976 1138 1004 la
1152 979 1234 1011 tour,
1249 977 1302 1012 qui
1313 978 1477 1006 marchent
1493 979 1511 1006 à
1523 987 1558 1006 sa
1571 979 1715 1007 satisfac-

405 1013 484 1051 tion.
254 1078 379 1118 88097
406 1073 649 1116 EUGÉNIE
680 1081 867 1128 (Eugénie
896 1082 944 1119 de
972 1082 1195 1130 Montijo),
1225 1083 1472 1131 impératrice
1501 1085 1567 1121 des
1596 1085 1719 1121 Fran¬

483 1136 573 1182 çais,
600 1136 743 1183 épouse
768 1137 815 1173 de
839 1137 1045 1185 Napoléon
1070 1137 1144 1175 III.
1172 1159 1223 1164 —
1244 1138 1286 1176 L.
1314 1151 1348 1175 a.
1373 1150 1402 1175 s.
1434 1139 1497 1186 (au
1521 1140 1720 1176 maréchal

482 1191 668 1238 Bazaine)
681 1203 688 1234 ;
707 1204 736 1228 s.
758 1192 809 1235 d.,
830 1203 851 1229 2
869 1206 906 1240 p.
927 1192 1038 1236 in-8°,
1057 1193 1194 1242 papier
1212 1194 1236 1229 à
1252 1206 1323 1230 son
1341 1193 1487 1231 chiffre.
1594 1205 1640 1242 75
1704 1209 1720 1228 »

447 1256 515 1284 Elle
530 1256 558 1284 le
574 1257 640 1291 prie
655 1257 694 1284 de
710 1259 860 1286 remettre
877 1259 895 1285 à
910 1258 940 1285 la
956 1258 1132 1286 maréchale
1148 1267 1191 1286 un
1207 1259 1300 1287 écran
1318 1267 1377 1294 que
1393 1260 1420 1286 le
1436 1261 1572 1288 courrier
1587 1260 1631 1288 lui
1647 1268 1717 1295 por-

377 1296 388 1340 [■
409 1302 477 1327 tera
495 1302 527 1328 et
545 1300 584 1328 de
603 1301 633 1328 la
650 1301 733 1336 prier
751 1301 796 1329 de-
808 1303 835 1330 le
855 1302 965 1337 garder
982 1311 1021 1330 en
1039 1304 1185 1331 souvenir
1204 1303 1304 1331 d’elle.
1325 1303 1392 1331 Elle
1410 1303 1438 1331 le
1456 1305 1523 1339 prie
1542 1305 1717 1340 également

409 1343 548 1380 d’agréer
562 1353 610 1372 ses
624 1345 827 1374 félicitations
844 1347 874 1381 (à
888 1354 1003 1382 propos
1018 1347 1056 1374 de
1071 1355 1127 1374 son
1141 1348 1302 1382 mariage).

257 1410 381 1447 88098
409 1410 678 1447 FEUILLET
704 1411 898 1460 (Octave),
923 1413 1074 1448 célèbre
1097 1414 1315 1450 romancier
1339 1418 1378 1450 et
1403 1418 1544 1451 auteur
1568 1417 1724 1452 drama¬

485 1466 607 1512 tique,
635 1467 811 1502 membre
838 1469 886 1503 de
911 1467 1151 1504 l’Académie
1177 1469 1381 1514 française,
1410 1469 1459 1504 né
1486 1471 1508 1505 à
1535 1469 1724 1506 Saint-Lô

489 1520 696 1567 (Manche).
733 1541 784 1545 -—
816 1521 858 1558 L.
896 1533 929 1558 a.
965 1533 1016 1564 s.;
1052 1522 1076 1557 à
1109 1522 1160 1559 M.
1196 1523 1485 1567 Blanchereau;
1521 1524 1722 1568 Saint-Lô,

486 1574 533 1610 28
550 1574 635 1620 juin
655 1574 763 1620 1855,
783 1586 805 1621 3
823 1588 860 1623 p.
882 1576 991 1613 in-8°.
1600 1590 1648 1615 20
1709 1593 1724 1613 »

451 1638 535 1667 Belle
554 1639 647 1667 lettre
667 1639 745 1667 dans
765 1639 898 1675 laquelle
918 1641 938 1668 il
958 1641 1001 1668 lui
1022 1640 1143 1669 déclare
1163 1642 1226 1669 très
1244 1643 1423 1669 nettement
1445 1643 1519 1676 qu’il
1539 1644 1683 1678 s’oppose
1705 1644 1723 1671 à

408 1683 438 1709 la
452 1684 702 1718 représentation
718 1684 736 1710 à
752 1684 903 1713 Saint-Lô
918 1685 956 1713 de
971 1693 1006 1712 sa
1020 1685 1107 1720 pièce
1123 1686 1206 1714 Péril
1221 1694 1257 1714 en
1272 1686 1302 1713 la
1317 1686 1463 1714 demeure.

256 1749 381 1786 88099
409 1749 767 1786 FLAMMARION
792 1751 995 1798 (Camille),
1017 1756 1254 1796 astronome,
1277 1756 1417 1788 auteur
1437 1753 1484 1789 de
1503 1755 1724 1790 nombreux

484 1805 600 1841 livres
626 1806 673 1841 de
697 1806 992 1852 vulgarisation.
1020 1827 1071 1832 —-
1093 1807 1134 1844 L.
1162 1820 1194 1844 a.
1221 1820 1250 1844 s.
1263 1819 1271 1850 ;
1298 1807 1419 1851 Paris,
1447 1819 1494 1856 17
1518 1807 1724 1846 décembre

487 1859 596 1904 1868,
630 1872 648 1896 1
679 1873 716 1908 p.
749 1861 832 1907 in-4
832 1867 849 1885 0
852 1892 858 1898 .
1623 1874 1644 1910 5
1708 1879 1723 1898 »

451 1925 477 1953 Il
494 1926 598 1953 réunit
616 1926 659 1954 les
675 1926 853 1955 matériaux
871 1927 946 1954 d’un
963 1935 1101 1962 ouvrage
1117 1935 1170 1955 sur
1186 1927 1409 1963 l’atmosphère
1426 1930 1457 1956 et
1475 1929 1630 1958 demande
1646 1930 1723 1958 l’au¬

411 1970 577 1998 torisation
593 1971 631 1998 de
644 1971 783 1998 recevoir
797 1972 827 1998 la
840 1971 1107 1999 communication
1122 1971 1176 2000 des
1190 1972 1338 1999 relations
1355 1973 1408 2007 qui
1423 1974 1555 2002 traitent
1570 1974 1625 2002 des
1639 1975 1724 2009 prin¬

411 2014 525 2049 cipaux
538 2015 749 2050 phénomènes
762 2016 1032 2051 atmosphériques
1045 2016 1191 2044 observés
1204 2016 1282 2044 dans
1295 2017 1338 2044 les
1350 2025 1487 2052 voyages
1500 2019 1724 2054 scientifiques.

259 2081 384 2118 88100
411 2081 699 2118 FLAUBERT
722 2081 940 2130 (Gustave),
960 2083 996 2118 le
1015 2083 1165 2119 célèbre
1185 2082 1370 2127 écrivain,
1390 2084 1440 2119 né
1460 2084 1483 2121 à
1503 2085 1654 2122 Rouen.
1678 2107 1729 2111 —

487 2137 606 2174 Billet
623 2141 703 2174 aut.
722 2137 790 2184 sig.
810 2138 833 2174 à
848 2150 925 2174 une
942 2138 1069 2181 dame,
1089 2148 1109 2173 1
1125 2149 1162 2186 p.
1182 2137 1302 2175 in-16.
1605 2152 1651 2177 10
1712 2155 1727 2174 »

258 2212 381 2249 88101
410 2211 553 2249 FORE
557 2213 593 2248 Y
633 2205 957 2260 (Élie-Frédéric),
995 2212 1193 2249 maréchal
1230 2213 1277 2249 de
1314 2213 1476 2258 France,
1515 2216 1583 2263 qui
1609 2228 1727 2254 .com¬

486 2269 633 2305 manda
652 2280 700 2304 en
719 2268 868 2305 Crimée
887 2272 926 2305 et
946 2280 993 2304 en
1014 2267 1140 2312 Italie,
1162 2268 1261 2305 ainsi
1279 2268 1400 2316 qu’au
1420 2269 1544 2306 début
1564 2271 1612 2307 de
1630 2271 1728 2307 l’ex¬

484 2324 663 2372 pédition
679 2324 733 2360 du
749 2323 943 2372 Mexique,
961 2323 1010 2359 né
1026 2324 1049 2359 à
1066 2323 1185 2361 Paris.
1206 2344 1256 2349 —
1269 2323 1310 2360 L.
1331 2336 1364 2360 a.
1382 2336 1411 2361 s.
1431 2325 1455 2360 à
1470 2325 1520 2362 M.
1539 2325 1724 2373 Thierry;

486 2380 634 2416 devant
653 2378 899 2428 Sébastopol,
921 2390 966 2416 11
987 2378 1128 2415 février
1148 2379 1256 2425 1855,
1277 2389 1302 2426 4
1319 2392 1356 2427 p.
1379 2379 1489 2418 in-8°.
1598 2392 1646 2418 20
1710 2396 1724 2414 »

454 2446 665 2475 Intéressante
680 2445 774 2473 lettre
790 2445 868 2473 dans
882 2444 1016 2480 laquelle
1033 2444 1052 2472 il
1067 2453 1099 2472 se
1114 2444 1215 2480 plaint
1233 2445 1327 2479 qu’on
1343 2444 1385 2472 lui
1401 2445 1446 2472 ait
1463 2445 1572 2474 enlevé
1586 2446 1726 2475 brutale¬

413 2493 500 2518 ment
516 2491 543 2518 le
557 2490 833 2518 commandement
851 2490 893 2517 du
908 2498 998 2524 corps
1014 2490 1052 2517 de
1067 2489 1148 2525 siège
1163 2497 1242 2524 pour
1256 2490 1283 2516 le
1299 2489 1418 2517 donner
1433 2497 1473 2518 au
1490 2491 1613 2525 général
1631 2491 1726 2519 Pélis¬

412 2535 486 2570 sier;
500 2535 519 2562 il
533 2543 551 2562 a
565 2536 688 2563 adressé
700 2543 735 2562 sa
747 2535 916 2563 démission
930 2534 948 2562 à
960 2535 1155 2569 l’Empereur
1168 2536 1200 2561 et
1213 2533 1233 2560 il
1246 2534 1359 2561 attend
1371 2534 1400 2560 la
1414 2534 1560 2562 décision.

257 2601 383 2640 88102
411 2601 593 2640 FOREY
614 2596 937 2650 (Élie-Frédéric).
959 2623 1009 2627 —-
1024 2601 1045 2646 3
1063 2601 1073 2636 1
1080 2631 1087 2637 .
1107 2613 1140 2638 a.
1160 2612 1209 2643 s.;
1229 2599 1408 2644 Orizaba,
1427 2600 1592 2644 Mexico,
1612 2601 1728 2638 1862-

491 2657 600 2704 1863,
625 2658 646 2694 8
667 2671 704 2706 p.
729 2657 838 2694 in-8°.
1602 2667 1647 2703 25
1711 2671 1726 2690 »

458 2724 579 2752 Détails
595 2732 648 2752 sur
664 2724 707 2752 les
723 2731 860 2751 mesures
876 2722 1105 2758 préparatoires
1122 2721 1140 2749 à
1156 2722 1309 2757 l’attaque
1326 2722 1363 2750 de
1382 2722 1508 2757 Puebla,
1527 2723 1579 2757 qui
1596 2724 1642 2751 est
1659 2722 1727 2750 l’af-
