1879 3092
815 413 1010 471 — 6 —
192 538 316 580 88071
343 537 517 577 COROT
538 535 738 585 (Camille),
760 533 794 570 le
813 531 939 581 grand
957 528 1121 579 peintre.
1145 547 1196 553 —•
1214 525 1256 565 L.
1280 536 1313 562 a.
1336 537 1365 562 s.
1389 524 1412 561 à
1433 523 1483 561 M.
1507 522 1650 567 Morin;

417 593 538 636 Paris,
555 604 578 638 3
594 591 674 628 mai
691 589 800 636 1872,
820 600 839 625 1
856 598 895 636 p.
914 585 1024 622 in-8°.
1533 588 1578 625 15
1639 593 1655 613 »

388 666 414 694 H
430 666 456 694 le
472 665 536 700 prie
553 662 733 698 d’expédier
747 669 791 688 un
806 659 844 688 de
859 666 908 688 ses
925 657 1076 686 tableaux
1092 655 1110 683 à
1127 655 1167 683 M.
1186 654 1227 682 M.
1246 652 1393 686 Tedesco,
1411 659 1490 686 pour
1505 651 1532 679 le
1547 658 1599 679 cas
1614 651 1656 680 où

343 710 363 739 il
380 709 517 739 n’aurait
534 716 591 745 pas
607 707 720 735 trouvé
735 712 869 741 preneur
885 703 903 730 à
918 701 1127 739 l’exposition.

195 782 321 823 88072
345 779 645 820 CORVISART
677 776 983 828 (Jean-Nicolas,
1016 773 1169 820 baron),
1202 770 1371 821 premier
1401 768 1578 806 médecin
1610 769 1656 805 de

418 837 619 885 Napoléon
651 835 668 871 I
671 840 705 861 er
708 867 716 879 ,
747 834 795 870 né
822 835 845 870 à
872 832 1058 868 Dricourt
1089 827 1333 877 (Ardennes).
1365 846 1416 853 —-
1440 825 1482 862 L.
1513 837 1546 862 a.
1575 836 1604 861 s.
1634 824 1657 860 à

420 893 470 931 M.
490 893 619 935 Louis,
637 894 781 928 avocat
798 890 821 926 à
838 888 964 931 Paris;
983 882 1451 924 Bourbonne-les-Bains,
1471 890 1515 928 15
1533 879 1658 928 juillet

420 948 529 992 1816,
550 960 569 985 1
588 946 625 997 p.
650 946 686 995 y
674 969 694 996 2
712 947 795 992 in-4
794 951 813 970 0
814 977 821 983 .
1536 946 1582 973 12
1643 949 1657 968 »

389 1021 414 1050 Il
428 1021 471 1049 lui
484 1020 642 1056 reproche,
657 1018 733 1047 d’un
749 1021 805 1046 ton
819 1016 1059 1050 humoristique,
1075 1013 1113 1041 de
1126 1021 1166 1043 ne
1181 1020 1236 1047 pas
1252 1011 1363 1040 l’avoir
1380 1012 1547 1038 entretenu
1561 1007 1599 1035 de
1613 1014 1660 1035 ses

347 1066 469 1095 affaires
488 1068 520 1093 et
539 1065 578 1093 de
596 1072 643 1093 ses
663 1064 831 1092 embarras.

196 1140 322 1181 88073
347 1134 649 1178 CRÉBILLON
694 1139 754 1175 fils
803 1132 1185 1185 (Claude-Prosper),.
1227 1134 1392 1168 conteur
1433 1126 1661 1169 licencieux,

423 1200 563 1234 auteur
583 1194 637 1233 du
658 1193 797 1243 Sopha,
822 1213 872 1218 —
890 1191 994 1228 Note
1015 1194 1096 1227 aut.
1119 1188 1187 1236 sig.
1215 1188 1250 1236 (3
1270 1185 1423 1234 lignes),
1445 1183 1563 1221 écrite
1584 1183 1606 1218 à
1626 1182 1662 1218 la

423 1252 597 1289 dernière
617 1262 717 1299 page
737 1249 835 1286 d’un
856 1246 1091 1290 manuscrit;
1115 1244 1238 1287 Paris,
1261 1242 1285 1280 6
1304 1240 1531 1292 septembre
1552 1237 1663 1286 1768,

423 1307 585 1345 in-folio.
1541 1304 1587 1340 25
1650 1307 1665 1327 »

393 1379 510 1408 Permis
524 1378 718 1414 d’imprimer
732 1385 811 1413 pour
825 1376 852 1404 le
866 1375 1039 1404 manuscrit
1055 1372 1181 1402 intitulé
1195 1372 1225 1399 la
1240 1370 1359 1400 Morale
1371 1378 1413 1398 au
1428 1367 1665 1396 Théâtre-Fran¬

352 1425 425 1459 çais,
448 1425 593 1460 composé
616 1422 784 1451 d’extraits
807 1421 881 1449 d’un
907 1420 1006 1455 grand
1028 1419 1159 1447 nombre
1180 1417 1220 1445 de
1242 1415 1344 1453 pièces
1367 1414 1410 1442 du
1433 1412 1601 1448 répertoire
1624 1410 1665 1438 du

351 1468 657 1503 Théâtre-Français.

202 1539 328 1580 88074
353 1540 576 1577 DARWIN
613 1537 985 1587 (Charles-Robert),
1020 1535 1200 1571 l’illustre
1234 1532 1469 1570 naturaliste
1504 1529 1665 1577 anglais.

428 1616 478 1622 —
502 1595 544 1632 L.
576 1608 609 1632 a.
639 1606 690 1638 s.;
718 1594 861 1636 Down,
892 1602 911 1629 1
939 1605 976 1640 p.
1008 1590 1117 1629 in-8°.
1149 1590 1346 1638 Quelques
1374 1591 1479 1624 mots
1508 1589 1578 1623 ont
1607 1585 1668 1621 été

426 1650 575 1694 récrits,
591 1662 640 1687 en
656 1649 894 1697 interlignes,
909 1660 983 1697 par
995 1659 1073 1684 une
1088 1649 1202 1684 autre
1216 1644 1335 1681 main.
1546 1651 1591 1687 15
1653 1654 1668 1674 »

201 1733 326 1774 88075
352 1732 685 1772 DAUBENTON
741 1729 1164 1780 (Louis-Jean-Marie),
1216 1728 1368 1766 célèbre
1419 1725 1667 1768 naturaliste,

426 1790 716 1827 collaborateur
736 1789 784 1826 de
804 1788 964 1831 Buffon,
986 1787 1036 1824 né
1056 1787 1080 1823 à
1100 1785 1327 1823 Montbard.
1352 1805 1402 1809 —
1421 1782 1463 1820 L.
1488 1794 1523 1820 a.
1545 1793 1574 1819 s.
1588 1792 1596 1824 ;
1619 1792 1669 1817 au

427 1846 567 1894 Jardin
582 1845 636 1883 du
652 1844 739 1889 Roi,
758 1854 804 1892 17
818 1843 1042 1893 septembre
1059 1841 1169 1890 1788,
1186 1852 1208 1878 2
1223 1854 1259 1889 p.
1278 1839 1361 1887 in-4
1361 1845 1379 1864 0
1382 1849 1388 1877 .
1548 1848 1567 1873 I
1571 1847 1592 1884 5
1655 1850 1671 1869 »

396 1917 422 1945 Il
439 1918 592 1946 demande
607 1916 841 1952 l’approbation
859 1915 953 1944 d’une
969 1915 1103 1950 dépense
1119 1914 1157 1942 de
1175 1922 1231 1941 120
1245 1912 1339 1941 livres
1354 1919 1435 1947 pour
1449 1910 1478 1937 la
1493 1910 1671 1938 nourriture

355 1962 431 1990 d’un
443 1970 552 1991 casoar
564 1966 595 1990 et
609 1961 806 1989 l’indemnité
819 1962 837 1989 à
852 1961 974 1989 donner
986 1968 1026 1988 au
1040 1958 1309 1994 quartier-maître
1324 1957 1377 1992 qui
1391 1956 1431 1984 l’a
1444 1955 1550 1991 soigné
1562 1954 1673 1989 depuis

355 2004 468 2035 l’île'de
484 2007 601 2035 France
613 2006 738 2041 jusqu’à
750 2005 780 2033 la
794 2005 972 2040 ménagerie
985 2005 1027 2033 du
1041 2004 1153 2040 Jardin
1166 2003 1209 2030 du
1225 2002 1293 2031 Roi.

202 2078 330 2118 88076
355 2072 613 2117 DAUBRÉE
638 2077 1037 2127 (Gabriel-Auguste),
1060 2076 1211 2113 célèbre
1233 2074 1421 2124 géologue
1444 2077 1483 2110 et
1506 2072 1673 2108 minéra¬

429 2135 579 2184 logiste,
609 2134 784 2171 membre
813 2135 861 2171 de
889 2133 1101 2176 l’Institut,
1131 2132 1180 2168 né
1209 2132 1232 2167 à
1259 2130 1375 2168 Metz.
1407 2150 1458 2156 —
1484 2129 1525 2166 L.
1558 2140 1592 2165 a.
1622 2138 1671 2170 s.;

431 2191 553 2234 Paris,
579 2201 626 2239 19
650 2190 748 2237 juin,
773 2200 794 2227 2
816 2203 855 2239 p.
880 2189 990 2227 in-8°.
1576 2184 1599 2220 8
1659 2196 1675 2215 »

398 2264 425 2292 Il
440 2263 594 2293 demande
609 2263 680 2298 quel
694 2266 740 2291 est
757 2263 784 2290 le
799 2262 935 2298 procédé
949 2262 967 2290 à
982 2261 1142 2297 employer
1155 2268 1235 2296 pour
1250 2259 1439 2288 désinfecter
1453 2266 1514 2285 une
1527 2255 1676 2286 chambre

357 2308 491 2344 occupée
508 2316 565 2344 par
584 2316 627 2336 un
644 2307 865 2336 scarlatineux.

204 2377 331 2419 88077
357 2380 579 2418 DAUDET
602 2379 844 2429 (Alphonse),
865 2379 900 2416 le
921 2379 1071 2417 célèbre
1091 2377 1322 2420 romancier,
1344 2375 1393 2412 né
1414 2375 1437 2412 à
1458 2374 1604 2412 Nimes.
1627 2393 1678 2398 —

432 2436 474 2474 L.
496 2448 528 2473 a.
549 2449 577 2474 s.
600 2436 623 2473 à
641 2435 691 2472 M.
714 2435 909 2483 Lapierre,
932 2446 950 2472 1
970 2448 1007 2484 p.
1029 2434 1138 2471 in-8°.
1553 2438 1598 2475 15
1662 2441 1677 2460 »

399 2509 427 2537 Il
443 2509 596 2538 demande
610 2509 636 2536 si
650 2508 714 2536 l’on
743 2508 886 2543 pourrait
912 2507 1038 2536 obtenir
1063 2507 1090 2535 le
1115 2507 1196 2542 prêt,
1215 2513 1302 2541 .pour
1337 2504 1486 2540 quelques
1512 2502 1607 2538 jours,
1635 2499 1678 2527 du

362 2562 492 2589 masque
523 2553 561 2582 de
594 2553 753 2582 Flaubert.
789 2562 800 2577 «
821 2553 861 2580 M.
885 2552 990 2580 Leduc
1009 2551 1157 2580 voudrait
1178 2550 1255 2579 faire
1277 2547 1303 2577 le
1324 2549 1418 2577 buste
1440 2547 1478 2575 de
1498 2554 1555 2575 son
1580 2544 1677 2581 grand

361 2598 568 2634 compatriote
587 2600 619 2626 et
639 2597 793 2633 l’exposer
813 2598 831 2625 à
853 2597 964 2626 Rouen
982 2596 1031 2625 s’il
1050 2599 1096 2626 est
1116 2596 1223 2624 réussi.
1243 2606 1254 2619 »

209 2668 335 2710 88078
361 2670 584 2709 DAUDET
604 2670 753 2718 (Léon),
772 2669 983 2718 publiciste
1003 2673 1041 2707 et
1060 2668 1280 2706 romancier
1298 2663 1609 2713 contemporain.
1630 2683 1681 2688 —

435 2727 478 2764 L.
505 2739 539 2764 a.
563 2739 609 2769 s.,
632 2737 700 2762 sur
722 2737 799 2762 une
822 2724 1301 2774 carte-correspondance,
1327 2733 1348 2759 1
1370 2734 1410 2771 p.
1440 2709 1477 2768 Ÿ
1464 2742 1483 2768 2
1507 2717 1625 2756 in-16.

1580 2783 1601 2821 5
1665 2786 1679 2805 "

212 2846 337 2888 88079
363 2849 532 2887 DAVID
573 2848 784 2898 (Félicien),
824 2850 1091 2897 compositeur
1128 2848 1175 2885 de
1213 2845 1407 2893 musique,
1447 2847 1589 2880 auteur
1625 2840 1676 2877 du
