1891 3051
875 425 1050 465 - 5-
467 538 516 574 né
542 539 566 574 à
592 538 687 576 Pau.
710 561 760 565 —
784 540 825 578 L.
857 553 889 578 a.
919 553 948 578 s.
978 553 1028 578 au
1054 542 1209 589 général
1237 543 1284 579 de
1312 543 1543 592 Wimpffen;
1572 545 1697 589 Paris,

463 604 510 642 19
529 605 633 632 mars
656 594 764 643 1869,
789 607 809 632 1
829 608 867 645 p.
890 596 1000 634 in-8°.
1596 610 1618 647 5
1682 615 1697 635 »

430 659 455 687 Il
472 659 515 688 lui
531 660 751 689 recommande
767 669 824 689 son
840 671 952 696 neveu,
970 663 1131 691 Théodore
1149 664 1187 691 de
1205 664 1374 692 Mottreux.

235 724 359 763 88063
386 726 642 764 BOURGET
666 728 806 776 (Paul),
827 729 863 765 le
884 729 1033 766 célèbre
1052 730 1282 774 romancier,
1303 732 1478 768 membre
1500 733 1547 769 de
1566 734 1698 770 l’Aca¬

464 782 589 818 démie
607 784 808 830 française.
829 805 880 810 —-
895 784 936 821 L.
958 797 991 821 a.
1011 797 1039 822 s.
1061 785 1084 822 à
1100 798 1155 824 un
1173 786 1263 830 ami,
1284 797 1304 823 1
1321 799 1359 835 p.
1380 787 1490 824 in-8°.
1596 798 1619 835 5
1681 802 1697 822 »

429 848 455 875 Il
469 847 623 877 demande
637 849 691 877 des
704 850 809 884 places
822 857 902 886 pour
914 850 983 878 voir
996 850 1084 885 jouer
1099 852 1199 879 Sacha
1214 851 1329 888 Guitry
1343 853 1419 888 qu’il
1443 854 1496 881 n’a
1510 853 1623 889 jamais
1637 863 1693 883 vu.

235 912 360 951 88064
386 914 1068 954 BOURGAULT-DUCOUDRAY
1092 918 1407 967 (Louis-Albert),
1429 921 1695 969 compositeur

462 971 509 1006 de
527 971 719 1019 musique,
740 975 880 1008 auteur
897 973 945 1009 de
965 972 1168 1017 Thamara,
1187 973 1236 1012 né
1254 974 1277 1009 à
1293 974 1456 1012 Nantes.
1478 996 1529 1000 —
1545 976 1585 1014 L.
1608 989 1641 1013 a.
1662 989 1692 1014 s.

461 1026 485 1061 à
507 1025 689 1063 l’éditeur
714 1027 849 1071 Klein;
875 1038 923 1064 22
947 1029 1161 1065 novembre
1186 1029 1295 1076 1887,
1322 1041 1344 1076 3
1369 1043 1406 1078 p.
1437 1030 1473 1078 y
1463 1052 1481 1078 2
1507 1030 1616 1068 in-8°.

1571 1097 1618 1122 10
1677 1100 1694 1120 »

429 1146 640 1176 Intéressante
659 1147 753 1176 lettre
775 1147 908 1177 relative
929 1150 946 1177 à
965 1148 995 1177 la
1013 1149 1265 1185 représentation
1280 1151 1317 1179 de
1330 1159 1378 1180 ses
1397 1159 1518 1180 œuvres
1536 1153 1555 1180 à
1574 1153 1697 1180 Rouen.

232 1210 355 1249 88065
383 1213 598 1250 BUNSEN
622 1214 815 1262 (Robert),
835 1215 985 1252 célèbre
1004 1216 1183 1253 chimiste
1203 1220 1242 1252 et
1260 1217 1463 1265 physicien
1483 1218 1695 1262 allemand,

458 1269 508 1303 né
535 1269 559 1304 à
585 1268 811 1317 Gottingue.
842 1292 893 1296 —
917 1270 958 1307 L.
990 1283 1022 1307 a.
1053 1283 1081 1308 s.
1113 1272 1137 1306 à
1163 1271 1212 1308 M.
1244 1272 1414 1316 Dumas;
1442 1272 1693 1321 Heidelberg,

459 1333 506 1369 14
522 1323 727 1360 décembre
745 1324 854 1371 1858,
874 1336 895 1362 2
911 1316 948 1374 p.
973 1316 1017 1374 %
1034 1326 1144 1363 in-8°.
1237 1349 1242 1352 •
1572 1337 1616 1375 IZ
1678 1342 1695 1362 »

422 1390 449 1418 Il
464 1389 508 1417 lui
526 1391 746 1419 recommande
761 1399 805 1418 un
823 1391 862 1419 de
877 1399 926 1419 ses
943 1391 1044 1419 élèves
1058 1391 1086 1420 le
1102 1394 1130 1420 D
1135 1394 1148 1410 r
1169 1391 1339 1422 Schneider
1359 1394 1397 1422 de
1414 1394 1616 1431 Strasbourg,
1642 1394 1695 1430 qui

378 1434 545 1461 recherche
562 1442 623 1462 une
643 1434 731 1469 place
755 1442 796 1461 au
816 1434 938 1469 Collège
959 1435 1161 1464 commercial
1177 1437 1214 1464 de
1232 1436 1408 1466 Mulhouse.

228 1495 354 1533 88066
380 1497 408 1534 C
409 1497 481 1533 AB
483 1497 556 1534 AN
561 1498 608 1537 XS
619 1530 639 1543 ,.
646 1498 830 1546 (Pierre-J
1118 1532 1126 1544 ,
1159 1502 1210 1544 le,
1228 1501 1379 1539 célèbre
1410 1503 1696 1556 physiologiste

455 1556 495 1587 et
518 1552 761 1601 philosophe.
790 1574 840 1579 —
861 1554 902 1591 L.
932 1567 964 1591 a.
990 1567 1019 1592 s.
1048 1555 1071 1591 à
1094 1555 1239 1599 Suard;
1264 1555 1437 1600 Auteuil,
1464 1568 1511 1604 19
1533 1558 1695 1606 prairial

455 1619 505 1643 an
523 1607 597 1651 XI,
618 1619 637 1643 1
656 1620 693 1655 p.
713 1608 824 1646 in-8°.
1569 1622 1613 1658 15
1676 1626 1692 1646 »

421 1673 503 1708 Jolie
520 1674 613 1701 lettre
635 1676 677 1703 où
692 1674 716 1702 il
732 1676 872 1703 s’excuse
891 1676 928 1703 de
945 1684 985 1704 ne
1004 1676 1139 1711 pouvoir
1156 1686 1187 1705 se
1207 1677 1318 1705 rendre
1335 1678 1353 1705 à
1371 1678 1401 1705 la
1420 1678 1530 1706 séance
1549 1680 1587 1707 de
1601 1679 1695 1708 l’Ins¬

371 1716 449 1744 titut
468 1720 499 1745 et
518 1718 547 1745 le
567 1718 633 1752 prie
649 1719 686 1746 de
704 1719 797 1746 venir
817 1718 844 1747 le
858 1719 929 1747 voir
947 1729 1022 1749 avec
1037 1729 1072 1749 sa
1085 1722 1210 1749 femme.

221 1781 347 1819 88067
373 1775 591 1820 CARÊME
617 1784 970 1832 (Marie-Antoine),
993 1785 1153 1822 fameux
1174 1790 1435 1833 gastronome.
1463 1808 1513 1813 —
1532 1789 1574 1825 L.
1600 1801 1632 1826 a.
1657 1802 1687 1827 s.

450 1839 473 1874 à
489 1838 538 1875 M.
559 1839 656 1887 Jay;
676 1839 796 1883 Paris,
817 1851 836 1876 I
840 1845 873 1865 er
888 1840 973 1887 juin
991 1840 1100 1889 1829,
1119 1851 1141 1877 2
1157 1853 1194 1889 p.
1215 1841 1324 1879 in-8°.
1565 1855 1612 1881 10
1673 1858 1689 1878 »

421 1905 447 1933 Il
462 1906 646 1941 l’approuve
663 1907 700 1934 de
718 1908 865 1936 chercher
886 1908 903 1935 à
921 1907 1121 1936 s’affranchir
1138 1909 1175 1935 de
1199 1907 1230 1936 la
1244 1908 1486 1945 servitude'par
1506 1909 1535 1939 la
1553 1910 1631 1940 mise
1651 1920 1690 1939 en

380 1949 486 1977 action
505 1950 543 1977 de
566 1959 614 1978 ses
632 1950 759 1979 talents.

219 2007 343 2046 88068
370 2009 662 2047 CARPEAUX
683 2010 1028 2059 (Jean-Baptiste),
1047 2012 1082 2048 le
1099 2013 1248 2049 célèbre
1265 2014 1478 2062 sculpteur,
1497 2014 1546 2051 né
1564 2016 1587 2051 à
1605 2016 1686 2052 Va¬

448 2065 752 2105 lenciennes.—
769 2066 811 2103 L.
834 2080 867 2104 a.
889 2079 918 2104 s.
941 2067 965 2104 à
982 2079 1037 2105 un
1057 2067 1238 2111 docteur;
1259 2068 1391 2113 Paris,_
1404 2069 1450 2105 18
1469 2072 1688 2108 novembre

450 2120 558 2169 1874,
579 2131 601 2158 2
617 2134 654 2170 p.
676 2122 785 2160 in-8°.
1558 2137 1607 2163 20
1668 2140 1684 2160 »

392 2179 397 2184 '
409 2181 435 2211 Il
452 2183 565 2210 souffre
578 2183 814 2218 horriblement,
829 2184 883 2212 des
902 2183 1026 2212 affaires
1042 2184 1191 2214 d’intérêt
1206 2184 1414 2221 l’empêchent
1433 2186 1470 2214 de
1488 2187 1590 2221 partir
1606 2196 1686 2222 pour

373 2226 499 2261 Naples.
514 2227 541 2254 Il
554 2226 598 2254 lui
611 2227 657 2255 dit
672 2228 764 2255 adieu
777 2229 808 2255 et
822 2227 849 2257 le
862 2228 1008 2256 remercie
1022 2228 1060 2256 de
1073 2229 1213 2270 sesjrons
1225 2229 1425 2258 sentiments.

217 2291 342 2330 88069
369 2293 669 2331 CASSAGNAC
692 2294 804 2342 (Paul
822 2294 899 2343 de),
918 2295 953 2330 le
972 2294 1121 2332 célèbre
1138 2295 1359 2343 publiciste,
1379 2296 1429 2332 né
1448 2297 1471 2332 à
1489 2296 1609 2334 Paris.
1635 2319 1685 2324 —

445 2349 498 2385 Le
516 2349 613 2386 droit
631 2362 683 2386 au
701 2349 813 2392 deuil,
834 2350 1050 2387 manuscrit
1070 2354 1151 2388 aut.
1172 2351 1255 2398 sig.,
1278 2361 1323 2388 11
1343 2364 1380 2399 p.
1403 2351 1568 2396 in-folio,
1589 2365 1684 2390 cou¬

443 2405 534 2452 pées
551 2417 651 2452 pour
665 2405 936 2453 l’impression.
1556 2417 1601 2454 15
1664 2422 1680 2443 »

415 2471 443 2498 Il
457 2470 568 2499 établit
586 2479 645 2506 que
660 2471 690 2499 la
707 2472 824 2499 France
839 2480 857 2499 a
872 2471 900 2499 le
915 2471 998 2499 droit
1014 2471 1053 2499 de
1067 2474 1173 2507 porter
1187 2472 1215 2500 le
1231 2472 1312 2500 deuil
1328 2473 1367 2500 de
1382 2473 1680 2503 l’Alsace-Lorraine

370 2518 401 2543 et
416 2515 454 2543 de
469 2515 579 2550 garder
593 2516 769 2544 fidèlement
784 2516 812 2543 le
825 2516 972 2544 souvenir
986 2516 1024 2543 de
1037 2524 1087 2545 ces
1102 2517 1185 2544 deux
1198 2517 1372 2551 provinces,
1386 2520 1512 2545 surtout
1528 2518 1619 2554 après
1633 2520 1679 2548 les

352 2555 516 2601 [élections
530 2560 768 2595 protestataires
783 2556 909 2595 qu’elles
922 2561 1070 2589 venaient
1085 2561 1122 2589 de
1136 2561 1223 2589 faire.
1254 2588 1257 2592 .

213 2620 339 2661 88070
366 2621 669 2659 CAVAIGNAC
701 2622 956 2670 (Godefroid),
984 2635 1039 2658 un
1067 2624 1133 2660 des
1160 2622 1266 2659 chefs
1295 2624 1347 2660 du
1373 2623 1480 2671 parti
1506 2625 1678 2672 républi¬

442 2677 531 2714 cain
553 2689 645 2714 sous
669 2677 996 2726 Louis-Philippe.
1024 2699 1074 2704 —
1096 2678 1138 2715 L.
1167 2691 1199 2715 a.
1226 2691 1255 2715 s.
1284 2679 1307 2715 à
1330 2679 1371 2715 M
1377 2683 1426 2703 me
1450 2678 1500 2715 H.
1528 2680 1676 2724 Cornu;

443 2732 604 2770 Orléans
608 2734 710 2777 ville,
731 2732 777 2769 16
793 2734 1006 2770 novembre
1025 2733 1132 2780 1843,
1153 2745 1197 2770 n
1214 2746 1251 2781 p.
1276 2733 1319 2783 %
1336 2734 1445 2771 in-8°.
1552 2745 1600 2772 20
1661 2749 1677 2769 »

413 2794 539 2829 Longue
550 2797 580 2821 et
592 2794 799 2823 intéressante
813 2795 906 2823 lettre
919 2793 1052 2822 relative
1066 2796 1084 2823 à
1099 2793 1253 2830 l’Algérie,
1267 2793 1289 2821 il
1302 2794 1348 2822 lui
1360 2795 1444 2830 parle
1457 2794 1534 2824 d’un
1546 2797 1676 2825 combat

370 2838 411 2866 où
424 2837 451 2865 le
465 2837 574 2866 cheval
588 2838 626 2866 de
639 2846 696 2866 son
709 2838 787 2866 frère
800 2840 831 2866 et
846 2839 873 2866 le
885 2839 951 2866 sien
964 2840 1019 2865 ont
1034 2838 1084 2867 été
1098 2839 1175 2867 tués.
