1887 3095
843 282 1014 325 - 8 -
220 408 343 446 88086
368 407 493 443 DIAZ
522 404 723 453 (Porfirio),
750 402 905 450 général
930 404 968 437 et
993 400 1151 436 homme
1176 396 1369 445 politique
1394 395 1600 433 mexicain.
1629 417 1679 422 —

442 463 482 498 P.
502 473 529 498 s.
544 472 550 503 ;
570 459 739 501 Oaxaca,
761 468 808 504 14
823 456 1036 494 novembre
1055 452 1164 496 1866,
1184 463 1205 498 3
1223 464 1260 499 p.
1281 451 1445 488 in-folio.
1555 462 1601 488 10
1663 465 1677 485 »

407 528 490 555 Note
507 526 644 554 destinée
663 533 703 552 au
721 523 843 559 général
861 520 1002 557 Aymard
1018 520 1149 548 relative
1168 518 1186 545 à
1203 526 1247 545 un
1264 517 1402 552 échange
1420 517 1459 545 de
1476 517 1676 552 prisonniers.

220 595 342 634 88087
368 593 565 631 DILLON
598 591 770 639 (Arthur,
800 587 958 637 comte),
987 587 1154 635 général,
1185 586 1253 633 qui
1279 597 1320 621 se
1349 583 1551 631 distingua
1578 584 1676 621 dans

439 651 491 686 les
528 659 681 695 guerres
718 645 982 693 d’Amérique,
1020 639 1305 679 commandant
1343 641 1391 677 de
1427 639 1587 676 l’armée
1624 640 1676 676 du

440 705 549 741 Nord
577 715 624 738 en
655 712 763 751 1792,
794 699 973 748 décapité
1000 699 1035 734 le
1066 709 1111 744 13
1141 696 1241 734 avril
1270 706 1378 744 1794.
1411 716 1462 721 —
1488 695 1529 733 P.
1562 708 1595 732 a.
1626 707 1675 738 s.;

439 757 788 806 Sivry-la-Perche,
809 756 832 792 6
850 755 1011 793 octobre
1031 764 1141 802 1792,
1164 752 1208 800 %
1226 764 1264 799 P-
1286 751 1396 788 in-8°.
1555 761 1603 787 10
1664 765 1679 784 »

410 826 507 854 Ordre
523 832 564 852 au
578 827 700 859 sergent
718 823 812 851 Louis
829 822 999 850 Narbonne
1015 819 1054 847 de
1070 819 1147 847 faire
1164 820 1303 846 enterrer
1318 818 1367 845 six
1384 817 1535 845 cadavres
1552 816 1680 845 trouvés

365 870 442 898 dans
460 870 502 898 les
519 869 655 897 maisons
673 868 712 896 de
729 865 1006 902 Sivry-la-Perche.

218 936 340 976 88088
367 935 565 974 DILLON
587 937 760 984 (Arthur,
778 934 935 982 comte).
955 923 1006 968 —
1020 923 1061 969 L.
1083 944 1116 968 a.
1135 942 1164 968 s.
1185 942 1235 966 au
1252 930 1460 966 rédacteur
1477 928 1530 965 du
1547 928 1679 966 Moni¬

440 998 521 1030 teur
540 991 739 1034 universel,
764 1002 782 1027 1
803 1003 840 1038 p.
866 989 911 1038 %
931 989 1015 1036 in-4
1013 993 1032 1012 0
1035 1019 1041 1024 .
1558 995 1604 1022 10
1666 998 1681 1018 »

414 1060 439 1087 Il
454 1060 592 1095 proteste
606 1060 713 1086 contre
728 1057 754 1085 le
768 1058 856 1084 texte
871 1055 965 1083 d’une
979 1054 1082 1087 lettre,
1097 1052 1214 1081 insérée
1229 1052 1308 1079 dans
1323 1052 1350 1079 le
1363 1054 1398 1079 n°
1413 1051 1457 1078 du
1471 1058 1486 1085 5
1503 1050 1590 1085 août,
1603 1050 1679 1077 rela¬

371 1104 437 1132 tive
455 1104 473 1131 à
490 1111 524 1132 ce
541 1104 636 1137 qu’on
653 1101 774 1138 appelle
791 1100 818 1129 le
834 1100 943 1129 blocus
961 1099 999 1127 de
1016 1099 1045 1126 la
1062 1098 1135 1126 ville
1153 1096 1191 1126 de
1209 1096 1419 1125 Saint-Pierre
1437 1095 1475 1123 de
1492 1095 1522 1122 la
1540 1094 1680 1123 Martini¬

371 1156 441 1183 que.
459 1149 500 1177 Le
513 1150 616 1176 comte
629 1148 667 1175 de
680 1148 798 1175 Damas
810 1147 864 1174 n’a
876 1144 1006 1174 commis
1021 1151 1124 1172 aucun
1138 1143 1191 1171 des
1205 1141 1295 1170 excès
1309 1142 1363 1176 qui
1375 1140 1419 1168 lui
1431 1142 1503 1168 sont
1516 1138 1680 1175 reprochés

365 1193 443 1221 dans
470 1194 553 1222 cette
579 1192 682 1221 lettre.

218 1260 342 1300 88089
368 1260 511 1298 DROZ
540 1259 758 1308 (Gustave),
786 1259 936 1295 célèbre
961 1256 1192 1298 romancier,
1221 1258 1363 1291 auteur
1389 1252 1437 1289 de
1464 1252 1678 1294 Monsieur,

442 1316 625 1352 Madame
645 1320 677 1352 et
697 1315 803 1351 Bébé.
828 1336 877 1339 —
896 1314 936 1351 L.
961 1325 993 1349 a.
1017 1325 1045 1349 s.
1069 1313 1092 1347 à
1111 1323 1165 1350 un
1186 1311 1368 1353 docteur;
1395 1310 1456 1356 (10
1476 1308 1681 1345 décembre

445 1372 569 1419 1884),
593 1382 616 1418 4
635 1384 671 1420 p.
696 1371 804 1407 in-8°.
1560 1373 1606 1410 15
1667 1376 1682 1396 »

414 1438 442 1466 Il
456 1438 500 1466 lui
513 1437 631 1473 signale
644 1438 734 1466 l’état
751 1437 907 1464 alarmant
922 1434 961 1463 de
975 1442 1033 1463 son
1047 1434 1120 1462 vieil
1135 1433 1199 1461 ami
1213 1432 1351 1460 Labiche
1366 1431 1449 1467 père,
1464 1431 1543 1459 dont
1558 1430 1588 1458 la
1602 1429 1682 1465 phy¬

375 1483 525 1510 sionomie
541 1482 647 1510 reflète
663 1481 812 1510 l’anxiété
828 1481 867 1509 de
883 1488 962 1509 ceux
981 1480 1034 1514 qui
1049 1480 1115 1507 s’en
1132 1480 1220 1506 vont.
1241 1477 1268 1504 Il
1285 1477 1328 1504 lui
1344 1478 1467 1512 promet
1485 1475 1523 1503 de
1539 1475 1583 1502 lui
1598 1474 1683 1502 cher¬

385 1526 457 1554 cher
473 1532 552 1562 pour
567 1526 681 1554 femme
707 1534 767 1554 une
782 1526 958 1560 parisienne
982 1524 1035 1559 qui
1063 1524 1211 1552 consente
1235 1522 1252 1550 à
1278 1529 1384 1557 passer
1411 1520 1522 1548 l’hiver
1548 1519 1626 1547 dans
1654 1517 1682 1545 le

388 1570 474 1599 midi.

229 1635 353 1674 88090
377 1636 682 1674 DRYANDER
711 1637 848 1686 (Jonas
876 1636 1116 1680 Eichmann,
1135 1635 1224 1682 dit),
1253 1633 1489 1671 naturaliste
1513 1630 1682 1673 suédois,

449 1692 516 1741 qui
539 1705 579 1729 se
603 1693 683 1730 fixa
707 1705 755 1730 en
779 1693 1005 1741 Angleterre
1016 1701 1020 1705 '
1031 1695 1070 1728 et
1095 1691 1233 1728 devint
1256 1691 1292 1727 le
1317 1687 1613 1726 bibliothécaire
1638 1687 1684 1723 de

449 1748 592 1786 Banks.
623 1771 673 1774 —
697 1748 738 1786 L.
769 1761 801 1786 a.
831 1762 874 1792 s.,
903 1760 950 1785 en
978 1748 1144 1795 anglais;
1173 1746 1360 1790 Londres,
1390 1755 1436 1790 23
1463 1742 1685 1792 septembre

449 1805 556 1850 1805,
581 1815 602 1841 2
622 1818 658 1853 p.
684 1806 767 1851 in-4
766 1810 783 1829 0
787 1836 792 1841 .
1565 1807 1609 1845 15
1673 1811 1688 1831 »

413 1869 497 1899 Belle
517 1870 611 1899 lettre
630 1871 835 1906 scientifique.

231 1935 351 1974 88091
378 1936 668 1976 DUCORNET
703 1937 1167 1987 (Louis-César-Joseph),
1202 1936 1355 1985 peintre
1389 1933 1607 1976 estimable,
1641 1931 1691 1967 né

450 2004 539 2030 sans
556 1994 657 2038 bras,
675 1995 698 2030 à
715 1994 820 2031 Lille.
843 2016 890 2020 —
907 1999 946 2031 i°
973 1993 1014 2030 L.
1035 2006 1068 2030 a.
1087 2006 1116 2030 s.
1136 1994 1159 2029 à
1175 1991 1226 2029 M.
1246 1992 1400 2040 Legrip,
1420 2002 1439 2026 1
1456 2002 1494 2038 p.
1514 1988 1623 2026 in-8°.
1643 2008 1692 2012 —

453 2054 491 2086 2°
518 2049 656 2086 Dessin
679 2062 729 2087 au
750 2062 909 2098 crayon,
934 2062 1029 2087 avec
1052 2049 1235 2086 dédicace
1258 2052 1339 2085 aut.
1364 2047 1448 2094 sig.,
1474 2057 1493 2082 1
1516 2057 1553 2093 p.
1579 2045 1662 2089 in-4
1662 2047 1679 2067 0
1682 2074 1688 2079 .

1567 2107 1614 2146 25
1678 2112 1693 2131 »

421 2158 483 2194 Joli
501 2159 603 2189 dessin
621 2161 837 2196 représentant
857 2169 900 2189 un
918 2160 1021 2189 soldat
1040 2159 1226 2195 napolitain.

233 2224 355 2263 88092
381 2226 603 2265 DUFOUR
642 2228 1050 2277 (Guillaume-Henri),
1088 2227 1244 2276 général
1282 2231 1320 2263 et
1358 2226 1518 2262 homme
1556 2215 1694 2260 d’État

453 2283 586 2327 suisse,
610 2286 660 2321 né
683 2286 707 2321 à
729 2285 960 2321 Constance.
987 2305 1038 2310 —
1060 2284 1102 2321 L.
1129 2297 1162 2321 a.
1188 2296 1217 2319 s.
1245 2283 1269 2318 à
1292 2282 1343 2319 M.
1369 2279 1583 2328 Tognietti,
1610 2289 1631 2314 r
1653 2289 1691 2325 p.

453 2339 560 2377 in-8°.
1594 2340 1615 2380 5
1679 2345 1694 2365 »

231 2408 355 2448 88093
381 2411 713 2449 DUPUYTREN
737 2412 1001 2461 (Guillaume),
1021 2413 1172 2449 célèbre
1189 2411 1422 2459 chirurgien,
1441 2409 1491 2445 né
1508 2408 1532 2444 à
1549 2407 1697 2443 Pierre-

455 2468 623 2505 Buffière
651 2468 996 2516 (Haute-Vienne).
1025 2490 1075 2494 —■
1097 2468 1138 2504 P.
1167 2479 1200 2504 a.
1227 2479 1277 2511 s.;
1304 2467 1327 2503 8
1352 2464 1558 2503 décembre
1584 2461 1693 2509 1827,

455 2534 477 2560 2
496 2536 533 2572 p.
556 2524 639 2571 in-4
638 2530 656 2549 0
660 2530 665 2562 .
1571 2528 1620 2555 10
1679 2529 1696 2549 »

426 2589 659 2618 Procès-verbal
679 2591 717 2620 de
737 2590 820 2619 deux
838 2591 948 2619 visites
969 2589 1044 2625 qu’il
1063 2597 1082 2617 a
1101 2587 1194 2618 faites
1215 2589 1233 2616 à
1251 2597 1294 2616 un
1313 2587 1414 2616 blessé
1434 2586 1488 2621 qui
1507 2593 1526 2613 a
1543 2591 1617 2620 reçu
1635 2590 1698 2610 une

384 2633 465 2661 balle
483 2634 561 2662 dans
579 2634 605 2662 le
623 2643 764 2664 cerveau.
785 2635 811 2663 Il
829 2643 847 2663 a
864 2644 937 2671 reçu
955 2637 1110 2670 quarante
1127 2634 1231 2662 francs
1248 2641 1329 2668 pour
1346 2633 1487 2661 chacune
1504 2630 1559 2658 des
1576 2628 1697 2660 visites,

379 2678 459 2705 mais
478 2686 598 2707 aucune
617 2680 806 2709 rétribution
825 2687 904 2715 pour
923 2680 1110 2714 l’opération
1130 2679 1206 2714 qu’il
1225 2686 1243 2705 a
1262 2678 1340 2706 faite
1359 2685 1399 2705 au
1417 2675 1528 2709 blessé,
1549 2674 1603 2710 qui
1621 2672 1696 2700 s’est

380 2723 491 2751 trouvé
518 2724 626 2752 mieux
655 2724 935 2754 immédiatement.
