1913 2972
318 397 824 470 LETTRES
916 400 1770 476 AUTOGRAPHES

863 512 913 539 EN
946 512 1081 540 VENTE
1116 511 1219 541 CHEZ

452 582 565 631 Noël
611 583 971 639 CHARAVAY,
1014 594 1180 649 expert
1218 602 1277 634 en
1316 588 1638 654 autographes

745 678 775 707 3,
796 685 856 704 rue
877 679 917 704 de
936 679 1176 711 Furstenberg,
1198 681 1217 705 à
1238 681 1335 706 Paris

351 781 494 820 (Depuis
519 782 550 814 le
569 782 654 814 mois
674 782 792 814 â’avril
816 782 916 819 1918,
941 793 1002 816 nos
1018 785 1090 821 prix
1116 786 1193 818 sont
1223 787 1437 820 absolument
1460 789 1534 821 nets
1559 789 1579 821 à
1594 798 1694 822 cause
1732 791 1772 822 de

306 838 339 869 la
365 837 441 869 taxe
463 837 502 870 de
516 836 565 869 10
580 836 616 878 °/
621 856 637 874 0
652 846 710 869 sur
722 838 769 869 les
784 839 890 875 objets
909 840 949 872 de
965 840 1157 878 collection;
1175 851 1261 875 nous
1286 851 1441 880 prenons,
1471 845 1652 883 d’ailleurs,
1677 845 1764 878 cette

308 893 385 925 taxe
403 892 423 924 à
441 893 537 925 notre
551 893 673 929 charge
692 902 733 925 en
748 895 881 932 compte
896 904 978 928 avec
998 896 1028 928 le
1046 896 1188 936 Trésor.)

302 1050 426 1089 88043
453 1053 702 1101 ALENÇON
728 1055 851 1102 (René
872 1057 919 1093 de
941 1057 1107 1101 Valois,
1131 1059 1206 1094 duc
1228 1058 1295 1105 d’),
1318 1058 1451 1106 prince
1472 1060 1525 1095 du
1547 1069 1600 1094 xv
1604 1064 1620 1084 e
1639 1059 1764 1102 siècle,

527 1122 604 1158 que
632 1110 748 1147 Louis
778 1111 837 1147 XI
867 1112 911 1148 fit
940 1112 1131 1149 enfermer
1159 1114 1256 1150 dans
1284 1126 1360 1149 une
1388 1125 1481 1162 cage
1509 1116 1556 1151 de
1585 1115 1641 1150 fer
1665 1127 1766 1163 pour

526 1166 635 1202 avoir
656 1167 777 1202 voulu
799 1170 945 1205 vendre
965 1181 1036 1204 son
1059 1169 1186 1204 duché
1207 1182 1257 1205 au
1280 1170 1355 1205 duc
1377 1170 1425 1205 de
1447 1169 1689 1218 Bourgogne.
1715 1188 1766 1195 —

526 1222 565 1258 P.
593 1234 637 1265 s.,
662 1234 729 1258 sur
754 1222 875 1267 vélin;
902 1224 1088 1270 Alençon,
1118 1235 1164 1270 14
1188 1236 1291 1261 mars
1319 1225 1417 1271 1484
1441 1230 1563 1262 avant
1590 1226 1763 1273 Pâques;

526 1289 544 1313 1
569 1290 605 1325 p.
633 1277 732 1323 in-40
755 1279 908 1327 oblong.
937 1279 1065 1316 Petite
1090 1280 1292 1316 déchirure
1316 1282 1500 1318 enlevant
1525 1281 1620 1318 trois
1643 1285 1758 1318 mots.

1636 1346 1684 1383 5°
1747 1350 1761 1370 n

495 1389 579 1424 Reçu
596 1389 634 1417 de
650 1390 679 1417 la
696 1397 814 1418 somme
832 1391 870 1418 de
887 1393 944 1419 600
960 1392 1052 1419 livres
1068 1399 1147 1425 pour
1164 1392 1192 1418 la
1210 1391 1344 1426 dépense
1361 1392 1399 1419 de
1414 1399 1471 1419 son
1488 1393 1583 1420 hôtel.

296 1455 422 1493 88044
447 1458 696 1505 ALENÇON
719 1460 930 1507 (François,
951 1462 1027 1497 duc
1046 1462 1113 1508 d'),
1134 1463 1354 1510 cinquième
1372 1462 1432 1498 fils
1450 1464 1499 1499 de
1517 1463 1641 1498 Henri
1661 1463 1700 1498 II
1719 1466 1759 1498 et

524 1515 571 1550 de
595 1514 803 1551 Catherine
827 1517 874 1552 de
899 1516 1070 1559 Médieis,
1095 1517 1334 1565 prétendant
1359 1517 1380 1553 à
1404 1517 1442 1554 la
1465 1518 1572 1554 main
1596 1511 1761 1554 d’Élisa¬

522 1570 617 1605 beth
638 1564 918 1618 d’Angleterre.
943 1592 993 1597 —
1012 1572 1053 1608 P.
1077 1584 1121 1616 s.,
1143 1585 1209 1609 sur
1230 1572 1351 1615 vélin;
1374 1572 1499 1616 Mons,
1524 1584 1542 1608 1
1589 1578 1761 1621 septem¬

521 1625 588 1661 bre
611 1625 720 1671 1578,
744 1637 763 1662 1
784 1638 821 1674 p.
846 1627 998 1663 in-folio
1018 1628 1173 1675 oblong.
1636 1637 1680 1674 15
1745 1641 1760 1661 »

486 1691 691 1719 Commission
706 1692 724 1719 à
738 1693 915 1721 Guillaume
929 1694 1016 1721 Macé
1029 1701 1108 1728 pour
1121 1694 1151 1722 la
1165 1695 1277 1728 charge
1293 1694 1331 1721 de
1344 1694 1522 1723 contrôleur
1534 1695 1690 1723 ordinaire
1704 1695 1759 1723 des

444 1743 566 1770 guerres
583 1744 622 1764 en
639 1737 765 1765 l’armée
782 1738 824 1765 du
842 1738 902 1766 duc
921 1738 1102 1774 d’Alençon.

288 1801 412 1840 88045
438 1803 609 1840 AMIEL
634 1804 1000 1853 (Henri-Frédéric),
1025 1806 1196 1843 écrivain
1220 1810 1260 1842 et
1282 1806 1482 1843 moraliste
1504 1806 1637 1849 suisse,
1662 1806 1711 1841 né
1733 1806 1757 1841 à

515 1859 682 1897 Genève.
701 1882 751 1885 —
763 1860 804 1898 L.
822 1874 855 1898 a.
872 1874 900 1898 s.
919 1862 941 1897 à
954 1874 1008 1897 un
1022 1861 1138 1909 poète
1150 1874 1157 1905 ;
1174 1861 1409 1907 Genève*s24
1423 1862 1628 1899 décembre
1644 1861 1753 1910 187g,

516 1927 534 1952 1
555 1928 592 1963 p.
616 1916 724 1953 in-8°.
1632 1927 1675 1963 15
1740 1931 1755 1950 »

480 1982 505 2009 Il
522 1982 565 2009 lui
581 1983 729 2017 reproche
747 1984 785 2011 de
801 1984 944 2012 l’oublier
960 1986 991 2011 et
1009 1984 1052 2011 lui
1069 1984 1225 2012 demande
1241 1984 1356 2012 l’envoi
1373 1983 1411 2012 de
1428 1992 1475 2013 ses
1492 1985 1670 2012 brochures.

288 2047 413 2086 88046
439 2043 758 2087 ANDRÉOSSY
782 2051 1201 2099 (Antoine-François),
1223 2052 1373 2088 célèbre
1393 2052 1548 2099 général
1569 2056 1608 2087 et
1630 2052 1755 2099 diplo¬

515 2110 633 2150 mate,
649 2106 699 2141 né
714 2106 737 2142 à
751 2106 1075 2157 Castelnaudary.
1097 2128 1145 2133 —
1158 2108 1200 2144 L.
1218 2120 1247 2144 s.
1266 2119 1317 2143 au
1332 2107 1490 2154 citoyen
1507 2107 1593 2143 Gau
1604 2119 1611 2150 ;
1630 2107 1752 2151 Paris,

516 2173 533 2197 i
540 2166 571 2185 re
591 2161 680 2209 jour
700 2163 1047 2211 complémentaire
1070 2164 1119 2199 an
1144 2162 1216 2207 IX,
1242 2174 1261 2210 1
1284 2175 1321 2210 p.
1347 2162 1457 2208 in-40,
1482 2163 1658 2210 vignette
1681 2163 1753 2198 im¬

511 2217 669 2265 primée.
1652 2228 1673 2264 5
1738 2231 1752 2252 »

286 2291 411 2332 88047
437 2289 770 2333 ANGOULÊME
820 2297 934 2346 (Jean
981 2296 1232 2341 d’ORLÉANS,
1279 2300 1409 2333 comte
1456 2296 1524 2344 d’),
1571 2297 1750 2345 seigneur

512 2345 738 2400 d’Épernay
777 2358 816 2390 et
857 2354 906 2390 de
948 2353 1223 2396 Romorantin,
1264 2352 1498 2400 grand-père
1540 2354 1587 2389 de
1628 2353 1750 2389 Fran¬

512 2408 589 2454 çois
613 2408 630 2444 I
633 2413 667 2433 er
669 2430 676 2446 .
701 2430 752 2434 —
771 2408 812 2446 P.
836 2422 880 2453 s.,
903 2421 969 2445 sur
990 2409 1112 2452 vélin;
1138 2420 1184 2456 17
1205 2409 1304 2445 avril
1327 2407 1422 2454 1465
1446 2409 1557 2456 après
1580 2409 1747 2456 Pâques,

511 2475 531 2500 1
549 2477 586 2512 p.
608 2464 708 2511 in-40
724 2465 879 2513 oblong.
903 2465 1012 2502 Rare.
1623 2474 1671 2510 50
1733 2476 1749 2496 »

476 2531 677 2559 Mandement
704 2531 722 2558 à
748 2531 789 2559 M.
819 2532 937 2560 Robert
964 2531 1104 2565 Bassart,
1131 2540 1277 2560 receveur
1304 2530 1426 2566 général
1453 2531 1507 2559 des
1533 2531 1680 2564 finances,
1708 2529 1746 2557 de

434 2582 531 2609 payer
553 2576 570 2603 à
594 2576 696 2604 Pierre
719 2577 856 2612 Bragier,
879 2577 1020 2612 seigneur
1043 2577 1081 2604 de
1105 2576 1316 2612 Puygarreau,
1338 2575 1368 2602 la
1390 2582 1509 2603 somme
1532 2576 1569 2603 de
1593 2584 1650 2609 500
1672 2576 1745 2603 écus

435 2618 501 2647 d’or
517 2620 608 2649 neufs
625 2629 663 2649 en
681 2621 850 2649 déduction
869 2622 907 2649 de
925 2623 953 2649 la
970 2629 1090 2649 somme
1108 2621 1146 2650 de
1164 2629 1254 2655 4.500
1272 2621 1343 2648 écus
1361 2627 1440 2654 pour
1457 2629 1491 2648 ce
1510 2620 1584 2654 qu’il
1602 2622 1684 2647 reste
1702 2619 1745 2646 lui

433 2663 540 2692 devoir
558 2673 610 2693 sur
628 2666 840 2700 l’acquisition
858 2666 896 2694 de
915 2666 944 2693 la
963 2668 1043 2694 terre
1062 2668 1093 2693 et
1112 2665 1283 2701 seigneurie
1302 2664 1340 2692 de
1360 2665 1634 2700 Bourg-Charente
1655 2663 1744 2699 (Cha¬

428 2709 538 2744 rente).
