1802 3119
215 319 1274 392 CARTONS, DESSINS, MINIATURES ET PASTELS
1333 335 1385 392 41
265 423 1393 475 Mme Haudebourt-Lescot, peintre; Mme Jacquotot, peintre;
265 465 1385 519 Mme de Mirbel, peintre; Raggi, statuaire; Redouté, pein¬
267 515 1396 557 tre; Taunay, peintre; Vandaël, peintre; Watelet, peintre.
143 618 1398 693 HERBELIN (Mme JEANNE-MATHILDE) , née à Brunoy (Seine¬
192 678 800 740 et-Oise), élève de M. Belloc.
140 753 842 818 200. Portrait de Mme Andryane.
353 826 720 883 H. 0, 129. — L. 0, 106.
354 905 1074 941 Miniature sur ivoire donnée par l’auteur.
1097 917 1396 1000 (Salon de 1849.)
142 1038 651 1087 INGRES. (Voir page 23.)
142 1114 1397 1162 201. Cartons d’après lesquels ont été exécutés les vitraux
309 1163 1399 1209 qui décorent les chapelles de Dreux et de Saint¬
309 1198 1401 1265 Ferdinand, à Sablonville, dédiées à Notre-Dame-de¬
307 1259 626 1306 la-Compassion.
470 1331 1068 1372 Chapelle de Saint-Ferdinand.
304 1380 1398 1442 Saint Philippe. — Saint Rupert. — Saint Charles-Bor¬
265 1432 1396 1484 romée. — Saint François d’Assise. — Saint Ferdinand, roi.
267 1471 1396 1517 — Saint Raphaël, archange. — Saint Henri, empereur.—
265 1515 1398 1562 Saint Clément d’Alexandrie. — Saint Louis, roi. — Saint
265 1556 1398 1601 Antoine de Padoue. — Sainte Adélaïde. — Sainte Hélène,
265 1595 1333 1658 impératrice. — Sainte Rosalie. — Sainte Amélie, reine.
309 1647 1060 1712 La Foi. — L’Espérance. — La Charité.
579 1732 965 1772 Chapelle de Dreux.
299 1780 1401 1837 Saint Denis. - Saint Remy. - Saint Germain. - Sainte
262 1824 1396 1876 Clothilde. - Sainte Geneviève. - Sainte Radegonde. -
268 1880 1166 1914 Sainte Isabelle de France. — Sainte Bathilde.
143 1961 1396 2010 202. Portrait de M. Martin; dessin à la mine de plomb,
194 2008 677 2053 portant la date de 1825.
149 2122 1398 2177 LAMI (EUGÈNE), né à Paris, élève de Gros et d'Horace
202 2165 1393 2237 Vernet; chevalier de la Légion-d’honneur en 1837,
202 2231 562 2282 officier en 1862.
146 2322 1198 2372 203. Souper dans la salle de spectacle de Versailles.
314 2380 1396 2430 Aquarelle, faisant partie de la série des dessins repré¬
272 2438 1397 2474 sentant les scènes diverses de la fête de Versailles offerte
270 2469 1190 2526 par l’Empereur à la reine d'Angleterre, en 1855
