2550 3299
1245 442 1450 483 — 80 —
1921 452 2029 480 SALA
775 525 1889 588 Ciardi Guglielmo. — N. a Venezia, ove dimora.
698 601 1890 659 Percorse gli studi classici e quelli regolari del¬
693 657 1889 720 l’Accademia; viaggiò per sua istruzione all’estero.
697 735 1892 793 Dalla laguna, dalla campagna veneta, anche nelle
693 791 1892 857 sue sembianze più umili e più uniformi, ha sa¬
696 868 1890 928 puto attingere molteplici e attraenti concezioni pit¬
696 936 1890 981 toriche. A Berlino nel 1886 trionfò il suo «Mes¬
693 992 1887 1050 sidoro», che ricomparve l’ anno dopo alla Mo¬
696 1070 1890 1126 stra artistica di Venezia, insieme coi quadri bel¬
693 1124 1889 1187 lissimi «Venezia», «Nubi di Primavera», Lagu¬
698 1190 1889 1259 na di Chioggia», «Alpi dolomitiche», «Il
701 1261 1884 1322 Torrente: Val di Primiero», «A caccia». Da
693 1341 1893 1397 qualche anno il Ciardi sembra rivolgere tutta la sua
693 1402 1889 1462 attività artistica al paese, a preferenza delle
696 1477 874 1519 marine.
778 1623 2002 1683 63 Sera (Schilpario, Val di Scalve). F
780 1724 2006 1768 64 Mattino d’autunno. F
772 2039 1895 2103 Cima Luigi. — Paesista e pittore di genere,
695 2116 1889 2169 n. a Villa di Villa (Belluno) v. a Venezia. Fra le
692 2184 1891 2244 sue. cose più pregiate si pongono i quadri di sog¬
693 2246 1884 2303 getto pastorale, come «Il ritorno del pascolo»,
693 2318 1394 2376 e «Un tosatore di pecore».
776 2467 2003 2525 65 Vacche alla pozza. F
776 2568 2001 2620 66 Nevicata. F
