2057 3133
1035 454 1249 503 — 78 —
726 540 1711 590 SACHY (Henri DE), élève de P. Colin, A. Ca¬
778 576 1638 644 banel, E. Dubof et Mazerolles, né à Paris.
771 639 1319 704 Paris, Ecole des Beaux-Arts.
561 710 1014 780 689 — Au printemps.
721 827 1521 905 SAGE (Mlle Gabrielle LE), née à Paris.
773 898 1199 960 Paris, 57, rue Pigalle.
561 973 1168 1036 690 — Pivoines et Aubépine.
561 1028 888 1086 691 — Pensées.
724 1122 1691 1219 SAIN (Paul), élève de Guilbert d’Anelle et Gé
768 1195 1197 1250 rôme, né à Avignon.
768 1250 1280 1321 Paris, 33, rue du Dragon.
554 1315 1570 1396 692 — Le châtaigneraie du château de Corbeville.
554 1378 1411 1443 693 — Le Pont Saint-Bénézet à Avignon.
551 1425 1160 1501 694 — Le Rhône à Avignon.
718 1522 1698 1616 SARAZIN (Mlle Marguerite), élève de Damas,
769 1604 1136 1640 née à Charleville.
770 1663 1416 1709 Charleville, 8, rue Victor-Cousin.
554 1725 1105 1783 695 — Reines-Marguerite.
559 1780 1275 1835 696 — Pommes et chrysanthèmes.
551 1827 1147 1882 697 — Giroflées et narcisses.
556 1879 1019 1939 698 — Fleurs de Nice.
720 2003 1701 2053 SCHIFF(J.-M.), élève de l’Ecole des Beaux-Arts
765 2041 1696 2109 de Nancy, né à Rettel-les-Siercke (Lorraine).
768 2099 1348 2174 Nancy, 3 bis, rue de La Salle.
556 2164 1105 2237 699 — Portrait de M. A...
554 2227 1102 2284 700 — id. M. M...
551 2276 1131 2331 701 — id. Mme H...
556 2321 1134 2394 702 — id. MlIe D...
554 2370 846 2454 703 — Etude.
