2081 3441
321 434 1445 541 SOCIÉTÉ LORRAINE
501 590 1242 630 DES AMIS DES ARTS
364 768 1397 914 EXPOSITION DE 1843.
673 1071 1075 1140 Septième Année
223 1324 1535 1407 M.ANDRÉ, peintre, rue des Carmes, à Nancy.
262 1436 1254 1502 1. Portrait de M.D.V...... (pastel).
259 1516 1070 1582 2. Idem de M. C. J...., idem.
258 1579 800 1657 3. L'Aumône, idem.
261 1663 1070 1740 4. Portrait de M. C...., idem.
260 1761 1093 1828 5. Idem de M. H....., idem.
256 1842 822 1893 6. La Sorcière. idem.
295 1908 1534 1963 «Le roi de trèfle vous annonce un beau brun.
257 1990 1122 2055 7. Portrait de M....... (pastel.)
591 2078 1142 2164 M. ANDRÉ JEUNE,
218 2167 1532 2253 professeur de dessin de machines, 11, rue de la
752 2251 1019 2314 Pépinière.
260 2331 1100 2397 8. Locomotive (dessin au lavis).
257 2415 755 2481 9. Machine, idem.
228 2498 813 2549 10. Pont de Suresnes.
229 2577 1535 2646 11. La Chapelle de Notre-de-Dame des flammes
404 2635 1535 2704 (environs de Paris), construite sur le lieu
409 2708 1241 2760 même de l'évènement du 8 mai.
