1928 2991
853 381 1005 441 - 75 -
331 488 1531 551 CORNILLON-BARNAVE (Charles-Marie-Joseph),
371 535 1513 618 né à Marseille. - 21, rue Geoffroy-Saint-Hilaire.
428 682 1379 765 *695 Ecolier, portrait (dessin sanguine).
325 931 1527 991 COULON (Gustave), né à Paris. — 12, rue de la
376 977 653 1041 Victoire, 9e.
419 1116 1259 1198 *656 Bénévent-l’Abbaye (aquarelle).
424 1186 1015 1253 *697 Marine (aquarelle).
424 1246 1087 1330 *698 Gargilesse (aquarelle).
326 1478 1533 1567 COULON (Henri), né à Paris. — 37, rue de Châ¬
373 1562 630 1611 teaudun, 9e.
451 1709 1052 1758 699 La vallée du Verger.
453 1768 1453 1823 700 La vallée de la Creuse au Pin (Indre).
453 1827 1519 1884 701 Le rocher des Fileuses à Crozan (Creuse).
319 2046 1513 2148 COURCHÉ (Félix), né à Paris. - 73, rue Louis-
364 2118 591 2178 Blanc, 10e.
449 2280 1036 2328 702 Bacchante au cygne.
449 2339 1106 2389 703 Bacchante à la pomme.
447 2399 776 2442 704 Frileuse.
