1749 2481
776 370 900 394 -41-
413 442 1293 494 23. — Cheval de chasse sellé et boule-dogue
612 496 1289 547 en forêt, épisode de chasse à courre.
592 587 1203 628 Signé à gauche : ..63. Gustave Courbet.
593 630 816 661 Salon de 1863.
598 669 1093 709 Exposition particulière de 1867.
591 698 1293 746 Au catalogue du Salon de 1863, ce tableau
563 749 1298 787 portait le titre de la Chasse au renard. L’auteur
566 787 1296 830 lui ayant fait subir quelques modifications après
560 822 1295 872 coup, un changement dans le titre devint néces¬
564 868 1298 912 saire : le tableau reparut à l’exposition parti¬
564 910 1296 952 culière de 1867, sous cette désignation que nous
564 948 1296 991 relevons sur le catalogue : « Le Cheval du pi¬
560 988 1088 1029 queur, épisode de chasse à courre.
871 1044 1231 1089 T. — H. 1.12. L. 1.35.
596 1114 1110 1155 Appartient à M. Recipon, député.
418 1306 999 1358 24. — La Femme à la vague.
597 1390 1121 1432 Signé à gauche : ..68. G. Courbet.
867 1438 1231 1482 T. — H. 0.63. L. 0.53.
596 1511 1115 1556 Appartient à M. Faure, de l'Opéra.
445 1705 1107 1763 5. -— La Dame aux bijoux, étude.
595 1799 1218 1839 Signé à droite : Gustave Courbet, ..67.
600 1840 1086 1879 Exposition particulière de 1867.
867 1887 1231 1933 T. — H. 0.81. L. 0.64.
602 1968 1036 2006 Appartient à M. Castagnary.
