1826 3140
743 346 970 376 PEINTURE.
1434 333 1489 377 37
233 408 1485 468 VERNET (ÉMILE-JEAN-HORACE), né à Paris, en 1789,
285 460 1488 518 élève de Vincent, chevalier de la Légion-d’Honneur
286 524 1489 580 en 1814, officier en 1825, membre de l’Institut en
288 578 1487 627 1826, directeur de l’Académie de France à Rome en
285 622 1482 682 1828, commandeur de la Légion-d'Honneur en 1842,
285 675 1102 740 grand officier en 1862, mort en 1863.
230 750 1459 819 180. La barrière de Clichy, ou défense de Paris en 1814.
395 826 1490 881 Le maréchal Moncey donne au chef de bataillon Odiot
356 884 1490 925 l’ordre d’empêcher les Russes de s’emparer de la butte
361 928 597 960 Montmartre.
395 965 1488 1017 Parmi les acteurs de cette scène on remarque le maré¬
353 1010 1485 1070 chal Moncey; M. Odiot, colonel; M. de Marguery-Dupaty,
356 1054 1485 1117 l'homme de lettres; Charlet, et Horace Vernet, l’auteur du
354 1107 500 1138 tableau.
441 1158 1489 1195 Donné à la Chambre des pairs par M Odiot père, ancien
406 1193 911 1229 orfèvre, colonel de la légion.
437 1237 1068 1297 H. 0, 97. — L. 1, 30. — Fig. de 0, 38.
1160 1303 1446 1352 (Peint en 1820.)
226 1371 814 1417 181. Judilti et Holopherne.
440 1418 1055 1478 H. 2, 98. — L. 1,96. — Fig. gr. nat.
1155 1452 1435 1512 (Salon de 1831.)
230 1536 778 1584 182. Raphaël au Vatican.
395 1606 1485 1648 Michel-Ange rencontrant Raphaël dans le Vatican avec
353 1643 1482 1690 ses élèves, lui dit : « Vous marchez entouré d’une suite
353 1682 1482 1732 nombreuse ainsi qu’un général.» — «Et vous, répondit
353 1724 1482 1771 Raphaël au peintre du Jugement dernier, vous allez seul
351 1763 1482 1823 comme le bourreau. » (Vie de Raphaël, par M. QUATRE¬
353 1808 704 1860 MÈRE DE QUINCY.)
437 1852 1050 1907 H. 3, 92. — L. 3, 00. — Fig. gr. nat.
1157 1883 1446 1936 (Salon de 1833.)
226 2001 1480 2055 VINCHON (JEAN-BAPTISTE-AUGUSTE), né à Paris en 1787,
277 2046 1482 2098 élève de Serangeli; premier grand prix de Rome
275 2098 1482 2166 (Histoire) en 1814, chevalier de la Légion-d'Honneur
281 2165 801 2215 en 1828, mort en 1855.
229 2238 1007 2293 183. Épisode de l’Histoire de Venise.
390 2294 1480 2360 Une jeune fille patricienne, dont le fiancé est soupçonné
351 2358 1481 2401 d’avoir pris part à un complot contre le Doge de Venise,
348 2394 1480 2446 est enlevée la veille de ses noces, et traînée dans les cachots
349 2441 722 2474 du tribunal des Dix.
391 2483 1482 2524 Après avoir été dépouillée de ses vêtements et couverte de
