1749 2481
784 396 902 430 - 39 -
411 482 899 519 16. — L’Homme blessé.
594 545 1113 589 Signé : G. Courbet, avec paraphe.
595 596 746 623 Sans date.
594 633 1276 671 Expositions particulières de 1855 et de 1867.
598 674 1293 712 Le catalogue de cette dernière exposition
560 705 1293 746 place l'exécution de l’Homme blessé à la date
567 746 1295 785 de 1844. C’est évidemment une erreur : il suf¬
565 787 1293 827 fit d’examiner la facture libre et souple du ta¬
567 829 1295 870 bleau, pour être convaincu que ce n’est point
564 876 1297 914 là une oeuvre de débutant. L’erreur ayant été
568 916 1295 954 reproduite dans le catalogue de la vente du
558 948 1299 994 9 décembre 1881, nous croyons devoir la recti¬
567 997 1293 1033 fier. La véritable date est 1854, comme l’atteste
565 1038 1296 1075 le catalogue de la première exposition privée
565 1075 875 1118 du peintre, en 1855.
594 1120 1295 1170 Acheté pour l’État à la vente du 9 dé¬
566 1176 770 1203 cembre 1851.
875 1201 1235 1250 T. — H. 8.90. L. 0.81.
405 1311 969 1353 17. — Le Chasseur badois.
596 1370 1212 1416 Signé à gauche : .. 59. Gustave Courbet.
863 1420 1233 1465 T. — H. 1.18. L. 1.75.
596 1463 997 1507 Appartient à M. D... M...
426 1573 1299 1627 18. — Portrait, de M. Gueymard, artiste de
618 1633 1299 1682 l’Opéra, dans le rôle de Robert le
618 1701 756 1736 Diable.
649 1761 1109 1802 « Oui, l’or est une chimère. »
600 1819 1051 1866 Signé à gauche : G. Courbet.
600 1866 749 1906 Sans date.
598 1906 823 1949 Salon de 1857.
883 1941 1235 1988 T. — H. 1.57. L. 1.06.
598 1997 1134 2046 Appartient à M. Adolphe Reignard.
