<?xml version="1.0" encoding="UTF-8"  standalone="yes"?>
<PcGts xmlns="http://schema.primaresearch.org/PAGE/gts/pagecontent/2019-07-15" xmlns:xsi="http://www.w3.org/2001/XMLSchema-instance" xsi:schemaLocation="http://schema.primaresearch.org/PAGE/gts/pagecontent/2019-07-15 http://schema.primaresearch.org/PAGE/gts/pagecontent/2019-07-15/pagecontent.xsd">
  <Metadata>
	<Creator>escriptorium</Creator>
	<Created>2021-04-29T14:35:53.054930+00:00</Created>
    <LastChange>2021-04-29T14:35:53.054958+00:00</LastChange>
  </Metadata>
  <Page imageFilename="Cat_Venezia_1895_typo_0003.jpg" imageWidth="2550" imageHeight="3299">

    
    <TextRegion id="r_1_1"  custom="structure {type:Numbering;}">
      <Coords points="1235,402 1439,401 1439,444 1235,445"/>
      
      
      <TextLine id="tl_1" custom="structure {type:Default;}">
        <Coords points="1236,403 1440,401 1440,442 1236,444"/>
        <Baseline points="1236,433 1282,433 1363,442 1438,431"/>
        <TextEquiv>
          <Unicode>— 82 —</Unicode>
        </TextEquiv>
      </TextLine>

      
    </TextRegion>
    
    <TextRegion id="r_2_1"  custom="structure {type:Running Title;}">
      <Coords points="1911,414 2025,414 2025,443 1911,443"/>
      
      
      <TextLine id="tl_2" custom="structure {type:Default;}">
        <Coords points="1912,415 2024,415 2024,442 1912,442"/>
        <Baseline points="1912,442 2024,440"/>
        <TextEquiv>
          <Unicode>SALA</Unicode>
        </TextEquiv>
      </TextLine>

      
    </TextRegion>
    
    <TextRegion id="eSc_textblock_3043c37b"  custom="structure {type:Main;}">
      <Coords points="645,489 645,2600 1994,2600 1994,489"/>
      
      
      <TextLine id="tl_3" custom="structure {type:Default;}">
        <Coords points="764,538 767,489 852,500 935,489 957,511 993,489 1053,503 1169,494 1182,508 1292,508 1312,489 1353,489 1372,508 1449,489 1482,505 1510,505 1532,489 1606,494 1617,505 1708,505 1724,489 1760,489 1862,494 1881,533 1823,544 1719,533 1680,544 1647,533 1620,544 1477,536 1460,547 1394,547 1383,536 1369,547 1317,547 1306,536 1089,549 971,538 770,544"/>
        <Baseline points="766,540 802,540 1195,537 1305,537 1373,537 1473,537 1618,530 1686,536 1882,536"/>
        <TextEquiv>
          <Unicode>Corelli Augusto. — N. nel 1853 a Roma.</Unicode>
        </TextEquiv>
      </TextLine>

      
      
      <TextLine id="tl_4" custom="structure {type:Default;}">
        <Coords points="687,563 1881,563 1881,619 687,619"/>
        <Baseline points="687,605 836,605 1134,605 1210,605 1401,605 1486,605 1605,607 1655,605 1698,604 1709,576 1881,593"/>
        <TextEquiv>
          <Unicode>Tratta egualmente la pittura ad olio e l&#39;acqua¬</Unicode>
        </TextEquiv>
      </TextLine>

      
      
      <TextLine id="tl_5" custom="structure {type:Default;}">
        <Coords points="687,629 1880,629 1880,684 687,684"/>
        <Baseline points="687,670 804,683 856,672 918,672 1119,672 1232,672 1384,672 1512,672 1746,671 1880,660"/>
        <TextEquiv>
          <Unicode>rello, e si direbbe che abbia una naturale pro¬</Unicode>
        </TextEquiv>
      </TextLine>

      
      
      <TextLine id="tl_6" custom="structure {type:Default;}">
        <Coords points="687,697 1880,697 1880,754 687,754"/>
        <Baseline points="687,752 892,739 989,740 1204,740 1500,739 1556,739 1880,728"/>
        <TextEquiv>
          <Unicode>pensione pei soggetti drammatici o drammatica¬</Unicode>
        </TextEquiv>
      </TextLine>

      
      
      <TextLine id="tl_7" custom="structure {type:Default;}">
        <Coords points="689,764 1881,764 1881,820 689,820"/>
        <Baseline points="689,805 832,806 1077,807 1136,806 1332,818 1423,805 1561,811 1729,805 1778,801 1881,794"/>
        <TextEquiv>
          <Unicode>mente atteggiati. A Milano, nel 1881, espose «Do¬</Unicode>
        </TextEquiv>
      </TextLine>

      
      
      <TextLine id="tl_8" custom="structure {type:Default;}">
        <Coords points="684,885 687,830 728,830 742,843 761,830 943,841 1009,832 1028,843 1114,841 1147,827 1221,838 1386,827 1611,838 1738,822 1771,832 1870,830 1878,871 1859,882 1730,885 1471,874 1358,887 1246,879 833,890 822,879 704,879 687,890"/>
        <Baseline points="685,886 713,877 787,872 841,873 1089,887 1474,874 1573,873 1881,873"/>
        <TextEquiv>
          <Unicode>po l&#39;agguato», rappresentante un gentiluomo</Unicode>
        </TextEquiv>
      </TextLine>

      
      
      <TextLine id="tl_9" custom="structure {type:Default;}">
        <Coords points="686,898 1880,898 1880,953 686,953"/>
        <Baseline points="686,939 755,939 1053,941 1321,940 1401,940 1597,940 1715,940 1860,940 1880,952"/>
        <TextEquiv>
          <Unicode>del cinquecento assassinato sul limitare d’un bosco;</Unicode>
        </TextEquiv>
      </TextLine>

      
      
      <TextLine id="tl_10" custom="structure {type:Default;}">
        <Coords points="687,967 1880,967 1880,1022 687,1022"/>
        <Baseline points="687,1007 711,1007 919,1015 1019,1008 1178,1022 1230,1004 1433,1009 1520,1008 1682,1014 1791,1008 1880,1007"/>
        <TextEquiv>
          <Unicode>a Torino, nel 1884; «Povera Maria», ove un</Unicode>
        </TextEquiv>
      </TextLine>

      
      
      <TextLine id="tl_11" custom="structure {type:Default;}">
        <Coords points="689,1034 1881,1034 1881,1090 689,1090"/>
        <Baseline points="689,1074 920,1076 1012,1077 1252,1077 1319,1076 1452,1076 1580,1075 1712,1076 1783,1076 1881,1077"/>
        <TextEquiv>
          <Unicode>contadino sta prostrato ai piedi della bara in cui</Unicode>
        </TextEquiv>
      </TextLine>

      
      
      <TextLine id="tl_12" custom="structure {type:Default;}">
        <Coords points="690,1102 1165,1102 1165,1157 690,1157"/>
        <Baseline points="690,1157 806,1143 873,1143 979,1144 1165,1144"/>
        <TextEquiv>
          <Unicode>giace la sua diletta.</Unicode>
        </TextEquiv>
      </TextLine>

      
      
      <TextLine id="tl_13" custom="structure {type:Default;}">
        <Coords points="769,1197 1991,1197 1991,1239 769,1239"/>
        <Baseline points="769,1237 793,1237 1068,1239 1214,1237 1534,1234 1986,1237"/>
        <TextEquiv>
          <Unicode>69 Ritorno dalla vendemmia. G</Unicode>
        </TextEquiv>
      </TextLine>

      
      
      <TextLine id="tl_14" custom="structure {type:Default;}">
        <Coords points="765,1408 1882,1408 1882,1453 765,1453"/>
        <Baseline points="765,1453 801,1453 1243,1438 1316,1448 1368,1449 1528,1449 1626,1449 1771,1449 1882,1449"/>
        <TextEquiv>
          <Unicode>Costa Giovanni.— N. a Roma nel 1826. Dal</Unicode>
        </TextEquiv>
      </TextLine>

      
      
      <TextLine id="tl_15" custom="structure {type:Default;}">
        <Coords points="693,1475 1881,1475 1881,1531 693,1531"/>
        <Baseline points="693,1516 791,1530 865,1516 998,1530 1147,1516 1261,1516 1480,1518 1751,1522 1881,1508"/>
        <TextEquiv>
          <Unicode>1857 al 1859 visse nel paesello d’Ariccia, stu¬</Unicode>
        </TextEquiv>
      </TextLine>

      
      
      <TextLine id="tl_16" custom="structure {type:Default;}">
        <Coords points="685,1542 1883,1542 1883,1597 685,1597"/>
        <Baseline points="685,1582 844,1583 1195,1582 1307,1582 1463,1582 1730,1596 1883,1585"/>
        <TextEquiv>
          <Unicode>diando assiduamente dal vero. Partecipò, come</Unicode>
        </TextEquiv>
      </TextLine>

      
      
      <TextLine id="tl_17" custom="structure {type:Default;}">
        <Coords points="684,1649 687,1605 737,1597 781,1608 866,1608 888,1597 938,1611 1015,1597 1028,1611 1097,1613 1375,1600 1405,1611 1449,1602 1477,1616 1493,1605 1537,1613 1548,1602 1589,1616 1675,1616 1686,1605 1870,1611 1881,1665 1867,1674 1812,1660 1529,1654 1449,1668 1353,1652 1276,1663 1243,1652 1094,1663 1053,1649 1037,1660 687,1654"/>
        <Baseline points="686,1650 938,1664 1047,1651 1230,1651 1356,1654 1679,1651 1883,1666"/>
        <TextEquiv>
          <Unicode>volontario, alla guerra dell&#39; indipendenza italiana;</Unicode>
        </TextEquiv>
      </TextLine>

      
      
      <TextLine id="tl_18" custom="structure {type:Default;}">
        <Coords points="687,1675 1884,1675 1884,1730 687,1730"/>
        <Baseline points="687,1730 757,1717 820,1718 1059,1718 1111,1717 1274,1717 1362,1716 1597,1724 1706,1718 1776,1718 1884,1719"/>
        <TextEquiv>
          <Unicode>poi si trattenne a lungo in Firenze, ove il suo</Unicode>
        </TextEquiv>
      </TextLine>

      
      
      <TextLine id="tl_19" custom="structure {type:Default;}">
        <Coords points="686,1741 1883,1741 1883,1798 686,1798"/>
        <Baseline points="686,1783 870,1784 933,1784 1105,1783 1258,1783 1476,1783 1661,1784 1722,1785 1883,1785"/>
        <TextEquiv>
          <Unicode>ingegno si affinò. Gode amicizie illustri e molta</Unicode>
        </TextEquiv>
      </TextLine>

      
      
      <TextLine id="tl_20" custom="structure {type:Default;}">
        <Coords points="685,1809 1881,1809 1881,1866 685,1866"/>
        <Baseline points="685,1851 959,1852 1032,1852 1329,1860 1403,1851 1454,1851 1545,1852 1630,1851 1781,1853 1881,1854"/>
        <TextEquiv>
          <Unicode>estimazione in Inghilterra, ed è fra gli artisti che</Unicode>
        </TextEquiv>
      </TextLine>

      
      
      <TextLine id="tl_21" custom="structure {type:Default;}">
        <Coords points="686,1878 1878,1878 1878,1933 686,1933"/>
        <Baseline points="686,1933 810,1920 1031,1920 1150,1920 1340,1920 1527,1920 1652,1894 1764,1921 1878,1911"/>
        <TextEquiv>
          <Unicode>primi infusero uno spirito nuovo nell’ arte ita¬</Unicode>
        </TextEquiv>
      </TextLine>

      
      
      <TextLine id="tl_22" custom="structure {type:Default;}">
        <Coords points="684,1947 809,1947 809,1988 684,1988"/>
        <Baseline points="684,1987 809,1988"/>
        <TextEquiv>
          <Unicode>liana.</Unicode>
        </TextEquiv>
      </TextLine>

      
      
      <TextLine id="tl_23" custom="structure {type:Default;}">
        <Coords points="766,2041 2002,2039 2002,2095 766,2097"/>
        <Baseline points="766,2084 789,2084 941,2083 1134,2084 1404,2084 1992,2089"/>
        <TextEquiv>
          <Unicode>70 Ad fonlem aricinum. G</Unicode>
        </TextEquiv>
      </TextLine>

      
      
      <TextLine id="tl_24" custom="structure {type:Default;}">
        <Coords points="765,2256 1884,2256 1884,2311 765,2311"/>
        <Baseline points="765,2298 800,2298 1186,2296 1268,2286 1349,2295 1403,2296 1673,2298 1884,2305"/>
        <TextEquiv>
          <Unicode>Courtens Franz. — N. a Termonde (Belgio)</Unicode>
        </TextEquiv>
      </TextLine>

      
      
      <TextLine id="tl_25" custom="structure {type:Default;}">
        <Coords points="684,2361 687,2314 717,2328 805,2328 819,2314 896,2314 910,2328 943,2328 962,2314 998,2328 1050,2328 1064,2314 1108,2328 1191,2328 1221,2314 1290,2328 1345,2328 1358,2314 1397,2314 1408,2325 1537,2314 1548,2325 1609,2328 1622,2314 1658,2314 1686,2328 1746,2314 1757,2325 1782,2317 1823,2328 1867,2314 1876,2364 687,2372"/>
        <Baseline points="686,2362 713,2362 792,2365 1012,2364 1173,2378 1295,2365 1347,2365 1597,2364 1815,2366 1878,2365"/>
        <TextEquiv>
          <Unicode>il 24 febbraio 1853; vive a Bruxelles. Paesista di</Unicode>
        </TextEquiv>
      </TextLine>

      
      
      <TextLine id="tl_26" custom="structure {type:Default;}">
        <Coords points="685,2388 1884,2388 1884,2445 685,2445"/>
        <Baseline points="685,2442 790,2429 953,2442 1124,2431 1249,2431 1556,2431 1816,2432 1884,2432"/>
        <TextEquiv>
          <Unicode>gran fama, ritrae con sentimento profondo la</Unicode>
        </TextEquiv>
      </TextLine>

      
      
      <TextLine id="tl_27" custom="structure {type:Default;}">
        <Coords points="689,2456 1883,2456 1883,2510 689,2510"/>
        <Baseline points="689,2495 923,2497 1062,2497 1282,2497 1557,2498 1608,2498 1676,2498 1883,2498"/>
        <TextEquiv>
          <Unicode>campagna nella stagione autunnale e la marina</Unicode>
        </TextEquiv>
      </TextLine>

      
      
      <TextLine id="tl_28" custom="structure {type:Default;}">
        <Coords points="684,2562 687,2526 726,2520 891,2537 905,2526 1089,2518 1182,2523 1196,2534 1268,2518 1284,2534 1490,2526 1515,2515 1529,2529 1606,2531 1675,2515 1694,2531 1826,2526 1843,2512 1876,2529 1884,2553 1854,2573 1713,2564 1688,2575 1595,2575 1584,2564 1565,2575 1405,2575 1383,2564 1325,2575 1023,2570 995,2581 687,2570"/>
        <Baseline points="687,2564 790,2566 873,2564 1208,2563 1275,2565 1382,2565 1575,2565 1691,2566 1887,2556"/>
        <TextEquiv>
          <Unicode>nell’ ora crepuscolare. Il suo quadro più ammi¬</Unicode>
        </TextEquiv>
      </TextLine>

      
    </TextRegion>
    

    
  </Page>
</PcGts>
