2093 3429
1095 332 1304 374 — 8 —
484 437 1739 501 75. Portrait d'une jeune femme, étude faite en 1844.
483 515 1557 564 76. La chute d'eau. Souvenir du Jura Suisse.
481 591 1845 657 77. Vue prise sur la Birse, dans le grand duché de Bade.
482 671 1119 730 78. Effet du soir. Paysage.
484 745 1421 808 79. Tête de Vierge. Fantaisie au pastel.
484 822 1692 885 80. Tête de jeune femme; costume Louis XV, idem.
1081 937 1318 983 LEBOEUF.
489 1044 1146 1105 81. Portrait du pape Pie IX.
491 1121 1119 1183 82. Un Capucin, (étude).
1017 1232 1372 1279 LEFORESTIER.
491 1339 1585 1402 82. Trois cadres de dessins, (même numéro).
534 1436 1868 1515 LÉVY (Gustave), graveur, rue St-Antoine, 32, à Paris.
490 1546 1413 1607 83. Le roi des Belges, gravé sur acier.
492 1623 870 1669 84. Rembrandt.
494 1699 1392 1760 85. Edelinck, graveur sous Louis XIV.
728 1813 1683 1886 MÉNESSIER (Auguste), peintre à Metz.
496 1933 1114 1981 86. Effet de clair de lune.
496 2008 907 2055 87. Effet du soir.
498 2084 1828 2147 88. Souvenir d’une chapelle, sur les bords de la Moselle.
500 2162 1555 2225 89. Cadre de cinq dessins, (manière noire).
500 2239 1679 2302 90. Trois autres cadres, idem, (même numéro).
502 2315 1118 2375 91. Cadre de deux sépias.
1125 2426 1308 2473 MOYSE.
508 2528 1165 2587 92. Étude de vieille femme.
509 2619 1038 2666 93. Portrait de M. ***.
509 2697 1100 2744 94. Id. de Mme. ***.
511 2773 861 2818 95. Id. de
