2093 3429
1092 331 1303 377 — 8 —
483 442 1738 500 75. Portrait d'une jeune femme, étude faite en 1844.
483 515 1557 564 76. La chute d'eau. Souvenir du Jura Suisse.
480 577 1844 657 77. Vue prise sur la Birse, dans le grand duché de Bade.
482 671 1119 730 78. Effet du soir. Paysage.
484 745 1421 808 79. Tête de Vierge. Fantaisie au pastel.
483 805 1689 897 80. Tête de jeune femme; costume Louis XV, idem.
1081 937 1318 983 LEBOEUF.
489 1044 1146 1105 81. Portrait du pape Pie IX.
488 1105 1117 1188 82. Un Capucin, (étude).
1017 1232 1372 1279 LEFORESTIER.
488 1305 1584 1397 82. Trois cadres de dessins, (même numéro).
531 1440 1861 1523 LÉVY ( Gustave ), graveur, rue St-Antoine, 32, à Paris.
488 1531 1412 1608 83. Le roi des Belges, gravé sur acier.
492 1623 870 1669 84. Rembrandt.
491 1683 1389 1785 85. Edelinck, graveur sous Louis XIV.
726 1803 1681 1894 MÉNESSIER (Auguste), peintre à Metz.
496 1933 1114 1981 86. Effet de clair de lune.
496 2008 907 2055 87. Effet du soir.
497 2037 1827 2165 88. Souvenir d’une chapelle, sur les bords de la Moselle.
497 2154 1552 2231 89. Cadre de cinq dessins, (manière noire).
497 2231 1675 2320 90. Trois autres cadres, idem, (même numéro).
500 2300 1117 2394 91. Cadre de deux sépias.
1125 2426 1308 2473 MOYSE.
508 2528 1165 2587 92. Étude de vieille femme.
509 2619 1038 2666 93. Portrait de M. ***.
508 2668 1077 2754 94. Id. de Mme. ***.
511 2773 861 2818 95. Id. de
