1563 2700
798 185 967 250 ( 26 )
361 278 1444 333 Ce tableau, peint en 1784, est la répétition d’un
303 346 1444 400 plus grand. Le peintre a fait dans celui-ci d'heu¬
302 416 727 470 reux changements.
395 639 1346 690 DEMARNE (Jean-Louis), né à Bruxelles.
302 719 1437 784 23. Le départ pour une noce de village.
462 831 1440 881 Des hommes, des femmes, et des enfants,
406 900 1438 953 montés sur une voiture à quatre chevaux,
406 968 1439 1022 partent pour la noce; un ménétrier fait partie
406 1037 1438 1091 de ce joyeux équipage. Une femme qui garde
405 1106 1438 1160 ses bestiaux indique à ces voyageurs la route
409 1174 882 1226 qu'ils doivent suivre.
462 1244 1438 1296 Cette scène se passe au soleil levant, sur un
406 1312 1440 1365 chemin au bord d’une haie, dans une campa¬
404 1380 1441 1433 gne pittoresque de Franche-Comté, enrichie
409 1449 1441 1502 d’arbres et de montagnes, dont plusieurs se
410 1518 955 1557 détachent sur l’horizon.
300 1788 1439 1840 DROLLING, né à Paris, ancien pensionnaire de
693 1857 1058 1897 France à Rome.
305 1970 1166 2037 24. Orphée perdant Eurydice.
300 2087 1411 2137 Presque aux portes du jour, trouble, hors de lui-même,
298 2151 1196 2198 Il s’arrête, il se tourne, il revoit ce qu’il aime.
298 2213 1287 2260 C’en est fait, un coup-d’œil a détruit son bonheur.
