1062 2361
37 97 355 137 ROUMANIE
100 2299 144 2325 112
110 225 960 276 lorsque dans nos villages errent les troupes
108 266 960 317 d’acteurs-enfants jouant l’épisode des Rois mages
106 299 959 352 — véritable drame avec masques, semblable aux
108 342 959 393 Mystères du Moyen Age — deviennent la matière
106 387 959 436 d’une peinture narrative, qui évoque les merveil¬
109 434 960 478 leuses fresques extérieures des monastères du
109 477 497 510 nord de la Moldavie.
163 521 961 572 Chez Ethel Lucaci-Baias, cette aspiration finit
107 573 961 620 par transfigurer la réalité de laquelle elle part.
108 607 961 655 Frémissant de vie, le contenu de son graphisme
106 651 961 702 demeure diaphane, rempli de poésie à la manière
106 700 963 743 des messes que chantent journellement à la
108 742 963 781 lumière du soleil les oiseaux des deux et les
106 783 964 827 êtres marins près desquels elle vit depuis des
106 826 239 858 années.
163 869 963 916 Quant à la sculpture de Silvia Radu, elle est
106 916 965 958 pesanteur et volume, architecture intérieure et
109 964 967 1007 inertie. Elle s’impose géométriquement et témoi¬
104 999 965 1048 gne de sa volonté de saisir, à travers les fibres
106 1047 966 1091 de la matière disposée de manière centripète,
104 1084 965 1123 autour d’axes et de noyaux, le flux de l'existence.
167 1131 967 1175 Pour les pays où le folklore est significatif de
106 1166 965 1206 l’art vivant, les références à un monde mythique
108 1213 968 1259 ne peuvent qu’ajouter un élément de poésie et
107 1257 758 1298 d’unité à toute création artistique.
758 1339 967 1372 Ion Frunzetti.
459 1719 650 1750 PEINTURE
151 1774 973 1829 Dimitrie GAVRILEAN, né en 1942 à Güra Humorului
152 1823 326 1854 (Roumanie).
118 1853 811 1902 1 La danse de la vie, 1969 (huile, 137 x 117).
118 1888 640 1934 2 Le temps, 1969 (huile 70 x 70). ,
118 1922 975 1971 3 La fête de ta nouvelle année, 1969 (huile, 110 x 170).
437 2037 665 2069 SCULPTURE
148 2102 913 2144 Silvia RAOU, née en 1935 à Pietroaia (Roumanie).
114 2132 727 2187 4 Colonne, 1969 (pierre, 148 x 43 x 43).
115 2182 764 2219 5 Maternité, 1969 (bronze, 155 x 32 x 40).
115 2215 730 2252 6 Etendards, 1969 (acier, 61 x 60 x 60).
