1802 3119
218 335 1389 387 CARTONS, DESSINS, MINIATURES ET PASTELS. 41
267 432 1394 472 Mme Haudebourt-Lescot, peintre; Mme Jacquotot, peintre;
267 473 1396 514 Mme de Mirbel, peintre; Raggi, statuaire; Redouté, pein¬
267 515 1396 557 tre; Taunay, peintre; Vandaël, peintre; Watelet, peintre.
144 635 1399 689 HERBELIN (Mme JEANNE-MATHILDE) , née à Brunoy (Seine¬
195 691 802 742 et-Oise), élève de M. Belloc.
142 770 844 817 200. Portrait de Mme Andryane.
356 843 721 878 H. 0, 129. — L. 0, 106.
354 905 1074 941 Miniature sur ivoire donnée par l’auteur.
1103 954 1399 993 (Salon de 1849.)
142 1038 651 1087 INGRES. (Voir page 23.)
142 1114 1397 1162 201. Cartons d’après lesquels ont été exécutés les vitraux
309 1163 1399 1209 qui décorent les chapelles de Dreux et de Saint¬
310 1210 1402 1255 Ferdinand, à Sablonville, dédiées à Notre-Dame-de¬
307 1259 626 1306 la-Compassion.
470 1331 1068 1372 Chapelle de Saint-Ferdinand.
306 1400 1400 1440 Saint Philippe. — Saint Rupert. — Saint Charles-Bor¬
266 1441 1398 1480 romée. — Saint François d’Assise. — Saint Ferdinand, roi.
268 1482 1395 1524 — Saint Raphaël, archange. — Saint Henri, empereur.—
266 1524 1400 1562 Saint Clément d’Alexandrie. — Saint Louis, roi. — Saint
267 1567 1400 1601 Antoine de Padoue. — Sainte Adélaïde. — Sainte Hélène,
267 1608 1336 1648 impératrice. — Sainte Rosalie. — Sainte Amélie, reine.
311 1662 1063 1703 La Foi. — L’Espérance. — La Charité.
579 1732 965 1772 Chapelle de Dreux.
308 1797 1401 1838 Saint Denis. — Saint Remy. — Saint Germain. — Sainte
267 1838 1397 1881 Clotilde. — Sainte Geneviève. — Sainte Radegonde. —
268 1880 1166 1914 Sainte Isabelle de France. — Sainte Bathilde.
143 1961 1396 2010 202. Portrait de M. Martin; dessin à la mine de plomb,
194 2008 677 2053 portant la date de 1825.
149 2122 1398 2177 LAMI (EUGÈNE), né à Paris, élève de Gros et d'Horace
204 2176 1395 2231 Vernet; chevalier de la Légion-d’honneur en 1837,
202 2231 562 2282 officier en 1862.
146 2322 1198 2372 203. Souper dans la salle de spectacle de Versailles.
315 2396 1398 2440 Aquarelle, faisant partie de la série des dessins repré¬
272 2438 1397 2474 sentant les scènes diverses de la fête de Versailles offerte
274 2478 1193 2521 par l’Empereur à la reine d'Angleterre, en 1855
