1536 2700
581 184 754 248 ( 25 )
203 289 289 319 tent
304 280 362 319 les
375 293 495 333 corps
510 280 578 318 des
592 280 654 318 fils
665 280 715 318 de
728 282 807 318 Bru
816 290 888 319 tus.
900 281 990 318 Une
1002 278 1070 318 des
1080 280 1226 331 jeunes

206 350 308 388 filles
336 364 378 388 se
400 349 528 388 cache
546 350 582 388 le
604 351 733 402 visage
759 364 866 401 pour
893 362 944 386 ne
970 362 1042 401 pas
1058 350 1145 386 voir
1163 358 1226 385 cet

206 417 363 456 affreux
382 417 604 470 spectacle;
626 432 668 455 sa
686 431 812 464 sœur,
830 418 902 470 qui
920 418 987 455 n’a
1003 431 1059 469 pu
1079 417 1114 454 le
1134 430 1227 468 sup¬

207 497 360 539 porter,
372 486 508 525 tombe
529 487 741 525 évanouie.

233 634 449 682 Bélisaire
474 635 781 682 demandant
801 634 1066 681 l’aumône.

263 764 330 801 On
346 764 404 801 dit
417 776 497 816 que
510 762 723 812 Bélisaire,
735 761 898 799 fameux
910 761 1098 813 général,
1111 762 1229 813 après

208 833 324 869 avoir
345 832 480 869 assuré
503 831 540 868 la
563 833 655 882 paix
677 831 726 868 de
746 831 931 882 l’empire
960 831 1121 867 romain
1154 844 1231 882 par

209 913 272 937 ses
289 901 495 949 victoires,
521 899 659 937 devint
675 898 835 937 bientôt
853 900 1016 936 victime
1037 899 1088 936 de
1112 900 1146 935 la
1165 900 1230 949 ja¬

213 968 340 1005 lousie
358 979 396 1005 et
412 967 461 1005 de
481 968 697 1019 l’intrigue.
717 967 747 1004 Il
766 967 904 1018 perdit
914 981 987 1005 son
1007 967 1134 1005 crédit
1151 982 1171 1004 a
1190 970 1228 1005 ia

212 1049 313 1073 cour
332 1034 382 1072 de
404 1036 648 1087 l’empereur
668 1036 894 1084 Justinien,
925 1036 1019 1087 qui,
1041 1034 1231 1074 oubliant

211 1105 268 1142 les
293 1106 466 1142 services
486 1104 581 1157 qu’il
605 1106 712 1141 avoit
738 1104 889 1142 rendus
909 1106 930 1142 à
956 1105 1082 1150 l’état,
1106 1105 1162 1142 lui
1186 1106 1230 1144 fit

212 1172 351 1211 brûler
366 1173 421 1211 les
434 1186 548 1225 yeux.
567 1175 622 1211 Ce
640 1175 758 1210 vieux
779 1175 981 1225 guerrier,
998 1172 1131 1212 réduit
1148 1176 1168 1211 à
1190 1174 1226 1211 la

209 1241 454 1290 mendicité,
476 1244 715 1293 parcouroit
738 1241 795 1279 les
812 1255 905 1279 rues
923 1241 973 1279 de
996 1243 1230 1281 Constanti¬

212 1309 337 1360 nople
355 1322 403 1346 en
426 1309 649 1361 implorant
663 1310 701 1346 la
722 1310 819 1360 pitié
840 1309 910 1347 des
929 1320 1128 1361 passants.

263 1379 295 1415 Il
316 1388 372 1415 est
398 1378 631 1429 représenté
655 1379 752 1415 assis
769 1392 818 1415 au
840 1378 934 1430 pied
961 1378 1055 1416 d’un
1084 1394 1154 1417 arc
1178 1379 1228 1418 de

209 1445 416 1498 triomphe
446 1447 514 1498 qui
538 1445 724 1498 rappelle
744 1459 803 1484 ses
827 1446 1013 1499 glorieux
1033 1450 1205 1500 exploits

206 1516 231 1553 il
257 1517 357 1553 tient
377 1525 491 1553 entre
511 1529 571 1553 ses
587 1514 683 1553 bras
699 1529 753 1552 un
776 1515 902 1567 jeune
921 1518 1060 1555 enfant
1079 1520 1150 1570 qui
1169 1520 1225 1556 lui

206 1594 287 1622 sert
302 1583 352 1621 de
367 1583 635 1631 conducteur,
657 1593 695 1620 et
709 1585 779 1635 qui
799 1585 928 1635 reçoit
944 1584 1045 1623 dans
1063 1600 1117 1622 un
1140 1600 1225 1624 cas¬

210 1664 289 1703 que
308 1651 512 1688 l’aumône
530 1664 611 1703 que
632 1650 688 1688 lui
710 1650 848 1688 donne
866 1665 946 1689 une
965 1650 1117 1690 femme
1139 1664 1227 1692 tou¬

211 1718 312 1758 chée
337 1719 386 1757 de
413 1721 685 1771 compassion.
715 1722 770 1757 Le
799 1719 923 1758 bâton
956 1721 1005 1759 de
1034 1722 1227 1761 Bélisaire

212 1799 271 1825 est
288 1789 449 1839 appuyé
467 1801 535 1825 sur
557 1801 637 1825 une
652 1790 787 1839 pierre
804 1790 857 1825 où
879 1803 930 1826 on
954 1789 998 1827 lit
1015 1803 1080 1828 ces
1099 1802 1202 1830 mots
1216 1809 1225 1829 :

210 1857 316 1895 Date
336 1856 492 1894 obolum
519 1857 727 1893 Bclisario.
750 1857 922 1895 Donnez
944 1871 1027 1896 une
1053 1858 1176 1897 obole
1203 1863 1223 1897 à

207 1926 411 1964 Bélisaire.

263 1995 335 2032 Sur
353 1994 388 2032 le
414 1993 563 2032 second
583 1994 679 2045 plan
710 2008 760 2030 on
784 1997 866 2033 voit
891 2010 946 2033 un
974 1996 1107 2034 soldat
1132 2001 1225 2049 qui,

204 2063 595 2100 reeonnoissantson
608 2062 794 2113 général,
806 2065 940 2115 paroit
951 2066 1054 2102 aussi
1068 2068 1224 2117 surpris

204 2130 370 2183 qu’ému
392 2129 440 2167 de
457 2140 520 2168 cet
538 2130 747 2183 affligeant
759 2132 976 2183 spectacle.

262 2199 327 2237 On
347 2201 529 2250 aperçoit
547 2213 597 2237 au
615 2199 711 2238 fond
731 2199 862 2239 divers
882 2213 1156 2241 monuments.

987 2267 1016 2317 3
