1749 2481
801 385 833 409 —
848 384 884 410 56

438 471 494 515 57-
521 489 563 496 —
588 471 638 504 Le
668 470 841 506 Ruisseau
872 480 1024 506 couvert.

615 567 696 602 Signé
709 568 724 595 à
738 569 828 595 droite
845 578 852 594 :
871 570 903 595 G.
918 570 1046 597 Courbet.

896 628 927 654 T.
942 643 973 647 —
988 630 1020 656 H.
1037 638 1112 659 o.oi.
1131 631 1160 657 L.
1179 630 1253 657 i,3'i.

624 700 783 734 Appartient
798 701 814 726 à
829 701 863 726 M.
883 700 1004 734 Adolphe
1020 701 1177 736 Ueitlingcr.

435 823 490 857 58.
518 843 562 848 —
584 824 633 857 Le
650 823 807 858 Château
827 823 1004 859 d’Ornans
1020 825 1178 870 (Doubs).

610 903 691 936 Signé
703 904 718 929 à
733 904 844 929 droite:
867 904 937 930 ..55.
954 905 985 931 G.
1002 905 1128 932 Courbet.

614 944 773 978 Exposition
790 944 956 972 universelle
970 947 1003 972 de
1022 947 1095 973 iS55.

612 985 775 1019 Exposition
790 986 965 1019 particulière
981 987 1014 1012 de
1034 987 1108 1021 1867.

890 1045 922 1070 T.
937 1060 967 1065 —
979 1046 1011 1071 H.
1029 1046 1104 1072 0.80.
1130 1048 1159 1072 L.
1183 1047 1254 1074 1.i5.

614 1111 772 1145 Appartient
787 1112 802 1138 ù
817 1112 853 1138 M.
869 1112 944 1138 Lutz.

437 1264 493 1307 5y.
519 1283 563 1287 —
587 1263 636 1297 La
652 1262 763 1298 Sieste
783 1264 940 1308 pendant
960 1264 991 1297 la
1010 1264 1124 1298 saison
1143 1264 1203 1298 des
1222 1264 1316 1300 foins

634 1322 854 1367 (montagnes
871 1322 918 1356 du
936 1322 1080 1367 Doubs).

612 1401 711 1436 Signé:
729 1403 760 1428 G.
777 1403 909 1435 Courbetj
925 1402 995 1429 ..68.

612 1442 769 1475 Exposition
786 1442 959 1476 particulière
973 1444 1004 1468 de
1023 1444 1096 1478 1867.

611 1483 693 1508 Salon
708 1484 741 1509 de
761 1483 836 1510 1860.

897 1515 1015 1542 T.—H.
1030 1524 1103 1545 2.12.
1122 1517 1150 1543 L.
1170 1515 1245 1551 2.73.

613 1578 772 1612 Appartient
787 1579 801 1605 à
817 1580 842 1604 la
859 1579 930 1605 Ville
946 1579 979 1605 de
996 1580 1079 1606 Paris.

432 1727 490 1762 60.
516 1747 561 1752 —
585 1728 633 1761 Le
654 1728 832 1774 Naufrage
862 1728 950 1762 dans
979 1728 1010 1763 la
1038 1729 1137 1775 neige
1160 1731 1309 1774 (monta

633 1798 715 1832 gnes
736 1787 782 1820 du
803 1786 914 1830 Jura).

612 1871 693 1905 Signé
706 1871 721 1898 à
738 1872 845 1905 gauche
859 1880 865 1897 :
887 1892 892 1898 .
903 1872 957 1899 .60.
980 1873 1012 1899 G.
1028 1873 1157 1899 Courbet.

612 1912 772 1945 Exposition
786 1912 960 1946 particulière
971 1914 1004 1939 de
1019 1913 1094 1948 1867.

885 1981 918 2006 T.
935 1996 964 2001 —
980 1982 1011 2008 H.
1035 1990 1043 2008 1
1051 2001 1056 2007 .
1063 1981 1097 2009 38
1100 2000 1107 2007 .
1124 1982 1152 2007 L.
1172 1991 1250 2008 a.ou.
