2101 3417
874 316 1114 382 — 11 —
279 444 534 504 THORELLE
555 445 698 504 (J.-L)
709 445 878 502 peintre
900 451 938 486 ci
958 444 1200 500 professeur
1218 440 1270 482 de
1287 439 1443 490 dessin,
1469 452 1545 481 rue
1563 438 1699 481 Sainl-

808 521 990 577 Georges
999 552 1010 571 ,
1037 518 1061 560 7
1086 517 1162 560 bis.

285 614 381 656 126.
418 613 618 657 L’arrivée
641 612 691 658 de
714 612 835 657 Jacob
866 627 915 656 en
939 599 1119 669 Égypte,
1140 609 1309 668 (dessin
1333 608 1355 651 à
1375 607 1410 650 la
1440 606 1579 666 plume
1610 612 1649 649 et
1676 619 1700 647 a

462 689 609 734 l'encre
632 690 682 735 de
705 690 845 735 Chine.

326 782 385 817 28.
412 798 423 812 «
449 781 516 829 Or,
535 781 647 819 Jacob
668 794 810 831 envoya
829 782 928 819 Juda
949 783 1085 819 devant
1102 781 1153 818 lui
1174 791 1254 816 vers
1274 778 1433 825 Joseph,
1456 787 1550 824 pour
1564 776 1701 811 l’aver-

281 863 293 878 «
320 847 365 883 tir
384 848 429 884 de
447 859 483 884 sa
506 860 625 885 venue
642 878 651 897 ,
673 850 746 886 afin
768 848 859 897 qu’il
881 848 958 884 vint
987 848 1185 884 au-devant
1202 847 1248 882 de
1268 844 1320 881 lui
1348 845 1439 880 dans
1465 844 1499 879 la
1529 847 1626 878 terre
1653 840 1698 876 de

282 927 294 942 »
319 911 473 949 Gcssen.

327 977 386 1013 29.
413 993 426 1007 »
450 975 587 1022 Quand
607 978 721 1015 Jacob
748 991 767 1026 y
788 978 843 1015 fut
861 976 1004 1025 arrivé,
1031 976 1166 1025 Joseph
1194 977 1233 1012 fit
1261 979 1392 1012 mettre
1423 975 1475 1010 les
1494 973 1659 1009 chevaux
1679 970 1698 1007 à

286 1056 296 1071 r
321 1052 387 1077 son
409 1042 593 1090 charriot,
613 1047 649 1079 et
669 1045 748 1080 vint
773 1055 819 1080 au
849 1044 969 1080 même
989 1042 1064 1079 lieu
1087 1042 1288 1078 au-devant
1314 1040 1360 1076 de
1390 1050 1458 1076 son
1479 1037 1589 1086 père,
1611 1041 1647 1073 et
1666 1036 1699 1072 le

282 1121 294 1136 »
320 1112 458 1152 voyant
474 1107 497 1143 il
514 1118 553 1143 se
564 1108 641 1155 jeta
657 1109 675 1146 à
696 1120 761 1145 son
777 1120 846 1145 cou
862 1112 898 1145 et
914 1108 1131 1145 l’embrassa
1148 1119 1193 1143 en
1213 1107 1399 1153 pleurant.
1421 1120 1432 1135 »

1215 1173 1227 1217 (
1239 1170 1382 1209 Ge>èse
1397 1182 1483 1208 xlvi
1498 1172 1524 1215 ).

285 1255 380 1297 127.
416 1255 469 1299 Le
492 1256 631 1309 Paier,
667 1271 794 1315 genre
819 1256 869 1301 de
899 1257 1088 1315 peinture
1122 1255 1368 1300 manuscrite
1402 1267 1474 1297 sur
1508 1266 1613 1312 peau
1647 1251 1698 1296 de

520 1332 644 1376 vélin.

287 1402 381 1444 128.
419 1403 602 1447 Salvator
626 1405 782 1450 mundi.

284 1479 379 1521 129.
416 1480 469 1523 La
492 1480 663 1538 Vierge,
689 1483 853 1527 l’enfant
873 1483 990 1527 Jésus
1012 1490 1053 1526 et
1073 1483 1185 1527 Saint
1204 1482 1301 1526 Jean
1324 1516 1333 1534 ,
1359 1481 1473 1539 peint
1500 1494 1573 1525 sur
1589 1478 1693 1523 bois.

284 1555 381 1600 130.
420 1557 694 1604 Andromède.

338 1663 350 1677 »
373 1648 635 1697 Andromède,
656 1652 730 1687 fille
749 1652 793 1688 de
813 1651 983 1700 Céphée,
1005 1653 1059 1689 roi
1077 1652 1296 1700 d’Ethiopie
1315 1658 1351 1689 et
1365 1653 1410 1688 de
1425 1653 1619 1700 Cassiope,
1636 1652 1700 1700 qui

284 1728 296 1743 »
320 1717 383 1749 eut
410 1724 508 1750 assez
534 1715 581 1751 de
603 1715 773 1753 témérité
792 1729 891 1765 pour
911 1717 1078 1765 disputer
1105 1720 1150 1755 de
1171 1717 1308 1754 beauté
1326 1729 1413 1754 avec
1436 1717 1562 1755 Junon
1593 1723 1630 1754 et
1648 1719 1700 1754 les

282 1793 295 1808 »
318 1777 519 1815 Néréides.
553 1779 705 1829 Junon,
727 1794 822 1830 pour
851 1785 883 1820 la
912 1783 1039 1831 punir,
1066 1784 1277 1821 condamna
1300 1783 1542 1821 Andromède
1572 1783 1592 1821 à
1621 1785 1701 1821 être

284 1856 296 1872 »
319 1840 390 1878 liée
412 1855 477 1890 par
492 1844 543 1880 les
564 1844 743 1884 Nâéi'des
762 1859 850 1884 avec
867 1849 931 1884 des
950 1848 1102 1886 chaînes
1121 1855 1156 1885 et
1181 1850 1340 1897 exposée
1368 1860 1433 1885 sur
1452 1861 1501 1886 un
1530 1850 1662 1887 rocher
1681 1849 1700 1885 à

281 1922 293 1937 »
318 1919 368 1943 un
388 1913 553 1945 monstre
574 1912 694 1948 marin
709 1923 718 1959 ;
739 1912 833 1949 mais
854 1912 984 1949 Persée
1001 1942 1012 1960 ,
1033 1914 1168 1951 monté
1183 1925 1247 1950 sur
1262 1915 1294 1950 le
1309 1914 1437 1951 cheval
1454 1914 1613 1962 Pégase,
1634 1915 1703 1962 pé-

281 1988 294 2003 »
320 1972 415 2009 tritia
431 1974 463 2010 le
482 1980 645 2013 monstre
665 1989 712 2014 en
729 1978 780 2014 lui
798 1983 991 2015 montrant
1008 1978 1042 2015 la
1058 1979 1132 2016 tête
1151 1980 1195 2016 de
1211 1979 1367 2016 Méduse
1391 1984 1427 2016 et
1453 1980 1593 2017 délivra
1621 1981 1701 2016 An-

283 2053 296 2068 >•
320 2038 520 2087 dromède,
541 2040 630 2087 qu’il
648 2043 768 2079 rendit
785 2043 805 2080 à
833 2055 900 2081 son
921 2043 1034 2091 père,
1065 2046 1214 2093 lequel,
1235 2057 1282 2082 en
1310 2046 1647 2094 reconnaissance,
1667 2047 1701 2083 la

286 2118 298 2133 »
320 2102 373 2138 lui
392 2103 516 2139 donna
534 2116 580 2141 en
602 2107 777 2154 mariage.
798 2124 810 2140 »

288 2186 382 2228 131.
417 2186 516 2231 Ecce
535 2189 688 2242 Homo,
708 2191 864 2249 (encre
887 2191 938 2235 de
957 2190 1127 2250 Chine).

288 2262 384 2305 132.
420 2263 542 2307 Mater
565 2264 770 2310 dolorosa.

284 2339 383 2380 133.
420 2339 471 2383 La
491 2340 760 2398 prédication,
779 2343 1058 2402 (intérieur).

285 2414 383 2457 134.
420 2415 471 2458 La
495 2417 728 2473 procession
752 2416 852 2461 dans
875 2418 911 2462 le
929 2418 1069 2464 cloître
1089 2421 1100 2474 ,
1124 2421 1256 2465 idem.

855 2525 1135 2572 WAULTR1N.

288 2614 383 2657 135.
422 2613 507 2658 Vue
529 2614 638 2672 prise
659 2630 710 2659 au
735 2617 854 2660 vieux
878 2616 1082 2671 Château,
1107 2621 1299 2665 environs
1323 2622 1373 2666 de
1392 2623 1513 2668 Bade.

289 2690 383 2732 136.
421 2690 567 2734 Entrée
589 2690 645 2735 du
662 2693 785 2737 vieux
808 2692 987 2738 Château
1010 2694 1061 2739 de
1079 2695 1202 2741 Bade.

286 2766 385 2808 137.
424 2765 678 2813 Promenade
702 2783 752 2815 en
777 2769 938 2814 bateau.
