<?xml version="1.0" encoding="UTF-8" standalone="yes"?>
<PcGts xmlns="http://schema.primaresearch.org/PAGE/gts/pagecontent/2013-07-15" xmlns:xsi="http://www.w3.org/2001/XMLSchema-instance" xsi:schemaLocation="http://schema.primaresearch.org/PAGE/gts/pagecontent/2013-07-15 http://schema.primaresearch.org/PAGE/gts/pagecontent/2013-07-15/pagecontent.xsd">
    <Metadata>
        <Creator>Transkribus</Creator>
        <Created>2020-06-08T14:57:31.947+02:00</Created>
        <LastChange>2020-06-10T20:39:09.502+02:00</LastChange>
        <Comments>
                Measurement unit: pixel
                PrimaryLanguage: English
                Language: FrenchStandard
                Producer: Transkribus
            </Comments>
        <TranskribusMetadata docId="405192" pageId="15721926" pageNr="4" tsid="31388572" status="DONE" userId="54377" imgUrl="https://files.transkribus.eu/Get?id=DMUMCKQVGYWXKRROLPJTLEKV&amp;fileType=view" xmlUrl="https://files.transkribus.eu/Get?id=LMEYUMMUIAFZDAQCZBOWZNJC" imageId="11540370"/>
    </Metadata>
    <Page imageFilename="Cat_Lux_1867_typo_0004.jpg" imageWidth="1744" imageHeight="3121">
        <PrintSpace>
            <Coords points="0,46 1743,46 1743,3055 0,3055"/>
        </PrintSpace>
        <ReadingOrder>
            <OrderedGroup id="ro_1604242807295" caption="Regions reading order">
                <RegionRefIndexed index="0" regionRef="r_1_1"/>
                <RegionRefIndexed index="1" regionRef="r_1_2"/>
                <RegionRefIndexed index="2" regionRef="r_1_3"/>
                <RegionRefIndexed index="3" regionRef="r_2_1"/>
                <RegionRefIndexed index="4" regionRef="r_2_2"/>
                <RegionRefIndexed index="5" regionRef="r_2_3"/>
                <RegionRefIndexed index="6" regionRef="r_2_4"/>
                <RegionRefIndexed index="7" regionRef="r_2_5"/>
                <RegionRefIndexed index="8" regionRef="r_2_6"/>
                <RegionRefIndexed index="9" regionRef="r_2_7"/>
                <RegionRefIndexed index="10" regionRef="r_2_8"/>
                <RegionRefIndexed index="11" regionRef="r_2_9"/>
                <RegionRefIndexed index="12" regionRef="r_2_10"/>
                <RegionRefIndexed index="13" regionRef="r_2_11"/>
                <RegionRefIndexed index="14" regionRef="r_2_12"/>
                <RegionRefIndexed index="15" regionRef="r_2_13"/>
                <RegionRefIndexed index="16" regionRef="r_2_14"/>
                <RegionRefIndexed index="17" regionRef="r_2_15"/>
                <RegionRefIndexed index="18" regionRef="r_2_16"/>
                <RegionRefIndexed index="19" regionRef="r_2_17"/>
                <RegionRefIndexed index="20" regionRef="r_2_18"/>
                <RegionRefIndexed index="21" regionRef="r_3_1"/>
            </OrderedGroup>
        </ReadingOrder>
        <TextRegion type="paragraph" id="r_1_1" custom="readingOrder {index:0;}">
            <Coords points="383,350 1577,350 1577,403 383,403"/>
            <TextLine id="tl_1" primaryLanguage="English" custom="readingOrder {index:0;}">
                <Coords points="384,351 1576,351 1576,402 384,402"/>
                <Baseline points="384,392 411,392 717,401 954,402 1254,396 1343,395 1576,397"/>
                <Word id="w_w2aab1b1b2b1b1ab1" language="English" custom="readingOrder {index:0;}">
                    <Coords points="384,351 442,351 442,393 384,393"/>
                    <TextEquiv>
                        <Unicode>40</Unicode>
                    </TextEquiv>
                    <TextStyle fontFamily="Times New Roman" fontSize="10.0"/>
                </Word>
                <Word id="w_w2aab1b1b2b1b1b1b3" language="English" custom="readingOrder {index:1;}">
                    <Coords points="505,363 717,363 717,401 505,401"/>
                    <TextEquiv>
                        <Unicode>CARTONS,</Unicode>
                    </TextEquiv>
                    <TextStyle fontFamily="Times New Roman" fontSize="7.0" bold="true"/>
                </Word>
                <Word id="w_w2aab1b1b2b1b1b1c21" language="English" custom="readingOrder {index:2;}">
                    <Coords points="757,363 954,363 954,402 757,402"/>
                    <TextEquiv>
                        <Unicode>DESSINS,</Unicode>
                    </TextEquiv>
                    <TextStyle fontFamily="Times New Roman" fontSize="7.0" bold="true"/>
                </Word>
                <Word id="w_w2aab1b1b2b1b1b1c39" language="English" custom="readingOrder {index:3;}">
                    <Coords points="991,365 1254,365 1254,396 991,396"/>
                    <TextEquiv>
                        <Unicode>MINIATURES</Unicode>
                    </TextEquiv>
                    <TextStyle fontFamily="Times New Roman" fontSize="7.0" bold="true"/>
                </Word>
                <Word id="w_w2aab1b1b2b1b1b1c61" language="English" custom="readingOrder {index:4;}">
                    <Coords points="1291,367 1343,367 1343,395 1291,395"/>
                    <TextEquiv>
                        <Unicode>ET</Unicode>
                    </TextEquiv>
                    <TextStyle fontFamily="Times New Roman" fontSize="7.0" bold="true"/>
                </Word>
                <Word id="w_w2aab1b1b2b1b1b1c67" language="English" custom="readingOrder {index:5;}">
                    <Coords points="1377,368 1576,368 1576,398 1377,398"/>
                    <TextEquiv>
                        <Unicode>PASTELS.</Unicode>
                    </TextEquiv>
                    <TextStyle fontFamily="Times New Roman" fontSize="7.0" bold="true"/>
                </Word>
                <TextEquiv>
                    <Unicode>40 CARTONS, DESSINS, MINIATURES ET PASTELS.</Unicode>
                </TextEquiv>
            </TextLine>
            <TextEquiv>
                <Unicode>40 CARTONS, DESSINS, MINIATURES ET PASTELS.</Unicode>
            </TextEquiv>
        </TextRegion>
        <TextRegion type="paragraph" id="r_1_2" custom="readingOrder {index:1;}">
            <Coords points="385,432 1637,432 1637,478 385,478"/>
            <TextLine id="tl_2" primaryLanguage="English" custom="readingOrder {index:0;}">
                <Coords points="386,433 1636,433 1636,477 386,477"/>
                <Baseline points="386,470 466,469 546,470 703,469 765,469 831,470 1068,473 1185,472 1342,473 1404,474 1636,476"/>
                <Word id="w_w2aab1b1b2b3b1ab1" language="English" custom="readingOrder {index:0;}">
                    <Coords points="386,435 466,435 466,470 386,470"/>
                    <TextEquiv>
                        <Unicode>197.</Unicode>
                    </TextEquiv>
                    <TextStyle fontFamily="Times New Roman" fontSize="8.5" bold="true"/>
                </Word>
                <Word id="w_w2aab1b1b2b3b1ac11" language="English" custom="readingOrder {index:1;}">
                    <Coords points="501,436 546,436 546,470 501,470"/>
                    <TextEquiv>
                        <Unicode>Le</Unicode>
                    </TextEquiv>
                    <TextStyle fontFamily="Times New Roman" fontSize="8.5" bold="true"/>
                </Word>
                <Word id="w_w2aab1b1b2b3b1ac17" language="English" custom="readingOrder {index:2;}">
                    <Coords points="578,433 703,433 703,470 578,470"/>
                    <TextEquiv>
                        <Unicode>Christ</Unicode>
                    </TextEquiv>
                    <TextStyle fontFamily="Times New Roman" fontSize="8.5" bold="true"/>
                </Word>
                <Word id="w_w2aab1b1b2b3b1ac31" language="English" custom="readingOrder {index:3;}">
                    <Coords points="730,439 765,439 765,470 730,470"/>
                    <TextEquiv>
                        <Unicode>et</Unicode>
                    </TextEquiv>
                    <TextStyle fontFamily="Times New Roman" fontSize="8.5" bold="true"/>
                </Word>
                <Word id="w_w2aab1b1b2b3b1ac37" language="English" custom="readingOrder {index:4;}">
                    <Coords points="797,436 831,436 831,470 797,470"/>
                    <TextEquiv>
                        <Unicode>la</Unicode>
                    </TextEquiv>
                    <TextStyle fontFamily="Times New Roman" fontSize="8.5" bold="true"/>
                </Word>
                <Word id="w_w2aab1b1b2b3b1ac43" language="English" custom="readingOrder {index:5;}">
                    <Coords points="861,435 1068,435 1068,473 861,473"/>
                    <TextEquiv>
                        <Unicode>Madeleine</Unicode>
                    </TextEquiv>
                    <TextStyle fontFamily="Times New Roman" fontSize="8.5" bold="true"/>
                </Word>
                <Word id="w_w2aab1b1b2b3b1ac63" language="English" custom="readingOrder {index:6;}">
                    <Coords points="1098,436 1185,436 1185,473 1098,473"/>
                    <TextEquiv>
                        <Unicode>chez</Unicode>
                    </TextEquiv>
                    <TextStyle fontFamily="Times New Roman" fontSize="8.5" bold="true"/>
                </Word>
                <Word id="w_w2aab1b1b2b3b1ac73" language="English" custom="readingOrder {index:7;}">
                    <Coords points="1215,438 1342,438 1342,473 1215,473"/>
                    <TextEquiv>
                        <Unicode>Simon</Unicode>
                    </TextEquiv>
                    <TextStyle fontFamily="Times New Roman" fontSize="8.5" bold="true"/>
                </Word>
                <Word id="w_w2aab1b1b2b3b1ac85" language="English" custom="readingOrder {index:8;}">
                    <Coords points="1372,439 1404,439 1404,474 1372,474"/>
                    <TextEquiv>
                        <Unicode>le</Unicode>
                    </TextEquiv>
                    <TextStyle fontFamily="Times New Roman" fontSize="8.5" bold="true"/>
                </Word>
                <Word id="w_w2aab1b1b2b3b1ac91" language="English" custom="readingOrder {index:9;}">
                    <Coords points="1431,439 1636,439 1636,477 1431,477"/>
                    <TextEquiv>
                        <Unicode>Pharisien.</Unicode>
                    </TextEquiv>
                    <TextStyle fontFamily="Times New Roman" fontSize="8.5" bold="true"/>
                </Word>
                <TextEquiv>
                    <Unicode>197. Le Christ et la Madeleine chez Simon le Pharisien.</Unicode>
                </TextEquiv>
                <TextStyle fontFamily="Times New Roman" fontSize="8.5" bold="true"/>
            </TextLine>
            <TextEquiv>
                <Unicode>197. Le Christ et la Madeleine chez Simon le Pharisien.</Unicode>
            </TextEquiv>
        </TextRegion>
        <TextRegion type="paragraph" id="r_1_3" custom="readingOrder {index:2;}">
            <Coords points="562,505 1639,505 1639,578 562,578"/>
            <TextLine id="tl_3" primaryLanguage="English" custom="readingOrder {index:0;}">
                <Coords points="600,506 1638,506 1638,544 600,544"/>
                <Baseline points="600,532 707,533 763,533 893,534 978,534 1024,535 1078,535 1195,536 1262,535 1294,536 1392,537 1430,538 1638,538"/>
                <Word id="w_w2aab1b1b2b5b1ab1" language="English" custom="readingOrder {index:0;}">
                    <Coords points="600,506 707,506 707,533 600,533"/>
                    <TextEquiv>
                        <Unicode>Dessin</Unicode>
                    </TextEquiv>
                    <TextStyle fontFamily="Times New Roman" fontSize="7.0" bold="true"/>
                </Word>
                <Word id="w_w2aab1b1b2b5b1ac15" language="English" custom="readingOrder {index:1;}">
                    <Coords points="726,513 763,513 763,533 726,533"/>
                    <TextEquiv>
                        <Unicode>au</Unicode>
                    </TextEquiv>
                    <TextStyle fontFamily="Times New Roman" fontSize="7.0" bold="true"/>
                </Word>
                <Word id="w_w2aab1b1b2b5b1ac21" language="English" custom="readingOrder {index:2;}">
                    <Coords points="780,513 893,513 893,541 780,541"/>
                    <TextEquiv>
                        <Unicode>crayon</Unicode>
                    </TextEquiv>
                    <TextStyle fontFamily="Times New Roman" fontSize="7.0" bold="true"/>
                </Word>
                <Word id="w_w2aab1b1b2b5b1ac35" language="English" custom="readingOrder {index:3;}">
                    <Coords points="909,507 978,507 978,535 909,535"/>
                    <TextEquiv>
                        <Unicode>noir</Unicode>
                    </TextEquiv>
                    <TextStyle fontFamily="Times New Roman" fontSize="7.0" bold="true"/>
                </Word>
                <Word id="w_w2aab1b1b2b5b1ac45" language="English" custom="readingOrder {index:4;}">
                    <Coords points="994,511 1024,511 1024,536 994,536"/>
                    <TextEquiv>
                        <Unicode>et</Unicode>
                    </TextEquiv>
                    <TextStyle fontFamily="Times New Roman" fontSize="7.0" bold="true"/>
                </Word>
                <Word id="w_w2aab1b1b2b5b1ac51" language="English" custom="readingOrder {index:5;}">
                    <Coords points="1040,515 1078,515 1078,536 1040,536"/>
                    <TextEquiv>
                        <Unicode>au</Unicode>
                    </TextEquiv>
                    <TextStyle fontFamily="Times New Roman" fontSize="7.0" bold="true"/>
                </Word>
                <Word id="w_w2aab1b1b2b5b1ac57" language="English" custom="readingOrder {index:6;}">
                    <Coords points="1097,508 1195,508 1195,544 1097,544"/>
                    <TextEquiv>
                        <Unicode>pastel</Unicode>
                    </TextEquiv>
                    <TextStyle fontFamily="Times New Roman" fontSize="7.0" bold="true"/>
                </Word>
                <Word id="w_w2aab1b1b2b5b1ac71" language="English" custom="readingOrder {index:7;}">
                    <Coords points="1210,509 1262,509 1262,542 1210,542"/>
                    <TextEquiv>
                        <Unicode>qui</Unicode>
                    </TextEquiv>
                    <TextStyle fontFamily="Times New Roman" fontSize="7.0" bold="true"/>
                </Word>
                <Word id="w_w2aab1b1b2b5b1ac79" language="English" custom="readingOrder {index:8;}">
                    <Coords points="1279,516 1294,516 1294,536 1279,536"/>
                    <TextEquiv>
                        <Unicode>a</Unicode>
                    </TextEquiv>
                    <TextStyle fontFamily="Times New Roman" fontSize="7.0" bold="true"/>
                </Word>
                <Word id="w_w2aab1b1b2b5b1ac83" language="English" custom="readingOrder {index:9;}">
                    <Coords points="1312,510 1392,510 1392,537 1312,537"/>
                    <TextEquiv>
                        <Unicode>servi</Unicode>
                    </TextEquiv>
                    <TextStyle fontFamily="Times New Roman" fontSize="7.0" bold="true"/>
                </Word>
                <Word id="w_w2aab1b1b2b5b1ac95" language="English" custom="readingOrder {index:10;}">
                    <Coords points="1414,509 1430,509 1430,538 1414,538"/>
                    <TextEquiv>
                        <Unicode>à</Unicode>
                    </TextEquiv>
                    <TextStyle fontFamily="Times New Roman" fontSize="7.0" bold="true"/>
                </Word>
                <Word id="w_w2aab1b1b2b5b1ac99" language="English" custom="readingOrder {index:11;}">
                    <Coords points="1454,510 1638,510 1638,540 1454,540"/>
                    <TextEquiv>
                        <Unicode>l'exécution</Unicode>
                    </TextEquiv>
                    <TextStyle fontFamily="Times New Roman" fontSize="7.0" bold="true"/>
                </Word>
                <TextEquiv>
                    <Unicode>Dessin au crayon noir et au pastel qui a servi à l'exécution</Unicode>
                </TextEquiv>
                <TextStyle fontFamily="Times New Roman" fontSize="7.0" bold="true"/>
            </TextLine>
            <TextLine id="tl_4" primaryLanguage="English" custom="readingOrder {index:1;}">
                <Coords points="563,542 1354,542 1354,577 563,577"/>
                <Baseline points="563,569 602,569 738,569 793,570 927,571 1354,573"/>
                <Word id="w_w2aab1b1b2b5b3ab1" language="English" custom="readingOrder {index:0;}">
                    <Coords points="563,542 602,542 602,569 563,569"/>
                    <TextEquiv>
                        <Unicode>du</Unicode>
                    </TextEquiv>
                    <TextStyle fontFamily="Times New Roman" fontSize="7.0" bold="true"/>
                </Word>
                <Word id="w_w2aab1b1b2b5b3ab7" language="English" custom="readingOrder {index:1;}">
                    <Coords points="617,542 738,542 738,570 617,570"/>
                    <TextEquiv>
                        <Unicode>tableau</Unicode>
                    </TextEquiv>
                    <TextStyle fontFamily="Times New Roman" fontSize="7.0" bold="true"/>
                </Word>
                <Word id="w_w2aab1b1b2b5b3ac23" language="English" custom="readingOrder {index:2;}">
                    <Coords points="755,542 793,542 793,570 755,570"/>
                    <TextEquiv>
                        <Unicode>de</Unicode>
                    </TextEquiv>
                    <TextStyle fontFamily="Times New Roman" fontSize="7.0" bold="true"/>
                </Word>
                <Word id="w_w2aab1b1b2b5b3ac29" language="English" custom="readingOrder {index:3;}">
                    <Coords points="816,542 927,542 927,577 816,577"/>
                    <TextEquiv>
                        <Unicode>l’église</Unicode>
                    </TextEquiv>
                    <TextStyle fontFamily="Times New Roman" fontSize="7.0" bold="true"/>
                </Word>
                <Word id="w_w2aab1b1b2b5b3ac47" language="English" custom="readingOrder {index:4;}">
                    <Coords points="941,543 1354,543 1354,573 941,573"/>
                    <TextEquiv>
                        <Unicode>Notre-Dame-de-Lorette.</Unicode>
                    </TextEquiv>
                    <TextStyle fontFamily="Times New Roman" fontSize="7.0" bold="true"/>
                </Word>
                <TextEquiv>
                    <Unicode>du tableau de l’église Notre-Dame-de-Lorette.</Unicode>
                </TextEquiv>
                <TextStyle fontFamily="Times New Roman" fontSize="7.0" bold="true"/>
            </TextLine>
            <TextEquiv>
                <Unicode>Dessin au crayon noir et au pastel qui a servi à l'exécution
du tableau de l’église Notre-Dame-de-Lorette.</Unicode>
            </TextEquiv>
        </TextRegion>
        <TextRegion type="paragraph" id="r_2_1" custom="readingOrder {index:3;}">
            <Coords points="384,626 1640,626 1640,737 384,737"/>
            <TextLine id="tl_5" primaryLanguage="English" custom="readingOrder {index:0;}">
                <Coords points="385,627 1639,627 1639,684 385,684"/>
                <Baseline points="385,669 411,669 561,683 814,668 854,669 1306,670 1518,681 1639,674"/>
                <Word id="w_w2aab1b3b2b1b1ab1" language="English" custom="readingOrder {index:0;}">
                    <Coords points="385,627 523,627 523,683 385,683"/>
                    <TextEquiv>
                        <Unicode>DAVID</Unicode>
                    </TextEquiv>
                    <TextStyle fontFamily="Times New Roman" fontSize="8.5"/>
                </Word>
                <Word id="w_w2aab1b3b2b1b1b1b1" language="English" custom="readingOrder {index:1;}">
                    <Coords points="547,627 746,627 746,683 547,683"/>
                    <TextEquiv>
                        <Unicode>(maxime),</Unicode>
                    </TextEquiv>
                    <TextStyle fontFamily="Times New Roman" fontSize="8.0"/>
                </Word>
                <Word id="w_w2aab1b3b2b1b1b2b1" language="English" custom="readingOrder {index:2;}">
                    <Coords points="770,632 814,632 814,668 770,668"/>
                    <TextEquiv>
                        <Unicode>né</Unicode>
                    </TextEquiv>
                    <TextStyle fontFamily="Times New Roman" fontSize="9.0" bold="true" italic="true"/>
                </Word>
                <Word id="w_w2aab1b3b2b1b1b2b7" language="English" custom="readingOrder {index:3;}">
                    <Coords points="829,631 854,631 854,669 829,669"/>
                    <TextEquiv>
                        <Unicode>à</Unicode>
                    </TextEquiv>
                    <TextStyle fontFamily="Times New Roman" fontSize="9.0" bold="true" italic="true"/>
                </Word>
                <Word id="w_w2aab1b3b2b1b1b2c11" language="English" custom="readingOrder {index:4;}">
                    <Coords points="880,630 1306,630 1306,671 880,671"/>
                    <TextEquiv>
                        <Unicode>Châlons-sur-Marne</Unicode>
                    </TextEquiv>
                    <TextStyle fontFamily="Times New Roman" fontSize="9.0" bold="true" italic="true"/>
                </Word>
                <Word id="w_w2aab1b3b2b1b1b2c47" language="English" custom="readingOrder {index:5;}">
                    <Coords points="1328,632 1518,632 1518,684 1328,684"/>
                    <TextEquiv>
                        <Unicode>(Marne),</Unicode>
                    </TextEquiv>
                    <TextStyle fontFamily="Times New Roman" fontSize="9.0" bold="true" italic="true"/>
                </Word>
                <Word id="w_w2aab1b3b2b1b1b2c65" language="English" custom="readingOrder {index:6;}">
                    <Coords points="1541,636 1639,636 1639,674 1541,674"/>
                    <TextEquiv>
                        <Unicode>élève</Unicode>
                    </TextEquiv>
                    <TextStyle fontFamily="Times New Roman" fontSize="9.0" bold="true" italic="true"/>
                </Word>
                <TextEquiv>
                    <Unicode>DAVID (MAXIME), &lt;i&gt;né à Châlons-sur-Marne (Marne), élève&lt;/i&gt;</Unicode>
                </TextEquiv>
            </TextLine>
            <TextLine id="tl_6" primaryLanguage="English" custom="readingOrder {index:1;}">
                <Coords points="435,683 1639,683 1639,736 435,736"/>
                <Baseline points="435,723 479,723 544,723 572,706 648,724 823,722 1034,723 1097,724 1158,724 1564,727 1639,727"/>
                <Word id="w_w2aab1b3b2b1b3ab1" language="English" custom="readingOrder {index:0;}">
                    <Coords points="435,685 479,685 479,723 435,723"/>
                    <TextEquiv>
                        <Unicode>de</Unicode>
                    </TextEquiv>
                    <TextStyle fontFamily="Times New Roman" fontSize="9.0" bold="true" italic="true"/>
                </Word>
                <Word id="w_w2aab1b3b2b1b3ab7" language="English" custom="readingOrder {index:1;}">
                    <Coords points="498,683 544,683 544,723 498,723"/>
                    <TextEquiv>
                        <Unicode>M</Unicode>
                    </TextEquiv>
                    <TextStyle fontFamily="Times New Roman" fontSize="9.0" bold="true" italic="true"/>
                </Word>
                <Word id="w_w2aab1b3b2b1b3b1b1" language="English" custom="readingOrder {index:2;}">
                    <Coords points="548,692 589,692 589,707 548,707"/>
                    <TextEquiv>
                        <Unicode>me</Unicode>
                    </TextEquiv>
                    <TextStyle fontFamily="Times New Roman" fontSize="9.0" bold="true" italic="true" superscript="true"/>
                </Word>
                <Word id="w_w2aab1b3b2b1b3b2b3" language="English" custom="readingOrder {index:3;}">
                    <Coords points="606,685 648,685 648,724 606,724"/>
                    <TextEquiv>
                        <Unicode>de</Unicode>
                    </TextEquiv>
                    <TextStyle fontFamily="Times New Roman" fontSize="9.0" bold="true" italic="true"/>
                </Word>
                <Word id="w_w2aab1b3b2b1b3b2b9" language="English" custom="readingOrder {index:4;}">
                    <Coords points="666,684 823,684 823,724 666,724"/>
                    <TextEquiv>
                        <Unicode>Mirbel.</Unicode>
                    </TextEquiv>
                    <TextStyle fontFamily="Times New Roman" fontSize="9.0" bold="true" italic="true"/>
                </Word>
                <Word id="w_w2aab1b3b2b1b3b2c25" language="English" custom="readingOrder {index:5;}">
                    <Coords points="846,685 1034,685 1034,724 846,724"/>
                    <TextEquiv>
                        <Unicode>chevalier</Unicode>
                    </TextEquiv>
                    <TextStyle fontFamily="Times New Roman" fontSize="9.0" bold="true" italic="true"/>
                </Word>
                <Word id="w_w2aab1b3b2b1b3b2c45" language="English" custom="readingOrder {index:6;}">
                    <Coords points="1054,686 1097,686 1097,724 1054,724"/>
                    <TextEquiv>
                        <Unicode>de</Unicode>
                    </TextEquiv>
                    <TextStyle fontFamily="Times New Roman" fontSize="9.0" bold="true" italic="true"/>
                </Word>
                <Word id="w_w2aab1b3b2b1b3b2c51" language="English" custom="readingOrder {index:7;}">
                    <Coords points="1120,687 1158,687 1158,724 1120,724"/>
                    <TextEquiv>
                        <Unicode>la</Unicode>
                    </TextEquiv>
                    <TextStyle fontFamily="Times New Roman" fontSize="9.0" bold="true" italic="true"/>
                </Word>
                <Word id="w_w2aab1b3b2b1b3b2c57" language="English" custom="readingOrder {index:8;}">
                    <Coords points="1181,686 1564,686 1564,736 1181,736"/>
                    <TextEquiv>
                        <Unicode>Lcgion-d’Honneur</Unicode>
                    </TextEquiv>
                    <TextStyle fontFamily="Times New Roman" fontSize="9.0" bold="true" italic="true"/>
                </Word>
                <Word id="w_w2aab1b3b2b1b3b2c91" language="English" custom="readingOrder {index:9;}">
                    <Coords points="1595,702 1639,702 1639,727 1595,727"/>
                    <TextEquiv>
                        <Unicode>en</Unicode>
                    </TextEquiv>
                    <TextStyle fontFamily="Times New Roman" fontSize="9.0" bold="true" italic="true"/>
                </Word>
                <TextEquiv>
                    <Unicode>&lt;i&gt;de Mme de Mirbel, chevalier de la Légion-d’Honneur en&lt;/i&gt;</Unicode>
                </TextEquiv>
            </TextLine>
            <TextEquiv>
                <Unicode>DAVID (MAXIME), &lt;i&gt;né à Châlons-sur-Marne (Marne), élève&lt;/i&gt;
&lt;i&gt;de Mme de Mirbel, chevalier de la Légion-d’Honneur en&lt;/i&gt;</Unicode>
            </TextEquiv>
        </TextRegion>
        <TextRegion type="paragraph" id="r_2_2" custom="readingOrder {index:4;}">
            <Coords points="438,737 558,737 558,779 438,779"/>
            <TextLine id="tl_7" primaryLanguage="English" custom="readingOrder {index:0;}">
                <Coords points="439,738 557,738 557,778 439,778"/>
                <Baseline points="439,778 489,778 557,777"/>
                <Word id="w_w2aab1b3b2b3b1ab1" language="English" custom="readingOrder {index:0;}">
                    <Coords points="439,738 539,738 539,778 439,778"/>
                    <TextEquiv>
                        <Unicode>1851</Unicode>
                    </TextEquiv>
                    <TextStyle fontFamily="Times New Roman" fontSize="10.0"/>
                </Word>
                <Word id="w_w2aab1b3b2b3b1b1b1" language="English" custom="readingOrder {index:1;}">
                    <Coords points="549,770 557,770 557,777 549,777"/>
                    <TextEquiv>
                        <Unicode>.</Unicode>
                    </TextEquiv>
                    <TextStyle fontFamily="Times New Roman" fontSize="7.0" bold="true"/>
                </Word>
                <TextEquiv>
                    <Unicode>1851.</Unicode>
                </TextEquiv>
            </TextLine>
            <TextEquiv>
                <Unicode>1851.</Unicode>
            </TextEquiv>
        </TextRegion>
        <TextRegion type="paragraph" id="r_2_3" custom="readingOrder {index:5;}">
            <Coords points="383,816 1639,816 1639,869 383,869"/>
            <TextLine id="tl_8" primaryLanguage="English" custom="readingOrder {index:0;}">
                <Coords points="384,817 1638,817 1638,868 384,868"/>
                <Baseline points="384,852 464,854 598,855 799,855 1178,863 1425,858 1542,857 1638,858"/>
                <Word id="w_w2aab1b3b2b5b1ab1" language="English" custom="readingOrder {index:0;}">
                    <Coords points="384,818 464,818 464,854 384,854"/>
                    <TextEquiv>
                        <Unicode>198.</Unicode>
                    </TextEquiv>
                    <TextStyle fontFamily="Times New Roman" fontSize="8.5" bold="true"/>
                </Word>
                <Word id="w_w2aab1b3b2b5b1ac11" language="English" custom="readingOrder {index:1;}">
                    <Coords points="494,819 598,819 598,855 494,855"/>
                    <TextEquiv>
                        <Unicode>Trois</Unicode>
                    </TextEquiv>
                    <TextStyle fontFamily="Times New Roman" fontSize="8.5" bold="true"/>
                </Word>
                <Word id="w_w2aab1b3b2b5b1ac23" language="English" custom="readingOrder {index:2;}">
                    <Coords points="624,820 799,820 799,866 624,866"/>
                    <TextEquiv>
                        <Unicode>portraits</Unicode>
                    </TextEquiv>
                    <TextStyle fontFamily="Times New Roman" fontSize="8.5" bold="true"/>
                </Word>
                <Word id="w_w2aab1b3b2b5b1ac43" language="English" custom="readingOrder {index:3;}">
                    <Coords points="827,817 1178,817 1178,863 827,863"/>
                    <TextEquiv>
                        <Unicode>d’Abd-el-Kader,</Unicode>
                    </TextEquiv>
                    <TextStyle fontFamily="Times New Roman" fontSize="8.5" bold="true"/>
                </Word>
                <Word id="w_w2aab1b3b2b5b1ac75" language="English" custom="readingOrder {index:4;}">
                    <Coords points="1216,822 1425,822 1425,868 1216,868"/>
                    <TextEquiv>
                        <Unicode>représente</Unicode>
                    </TextEquiv>
                    <TextStyle fontFamily="Times New Roman" fontSize="8.5" bold="true"/>
                </Word>
                <Word id="w_w2aab1b3b2b5b1ac97" language="English" custom="readingOrder {index:5;}">
                    <Coords points="1458,833 1542,833 1542,858 1458,858"/>
                    <TextEquiv>
                        <Unicode>sous</Unicode>
                    </TextEquiv>
                    <TextStyle fontFamily="Times New Roman" fontSize="8.5" bold="true"/>
                </Word>
                <Word id="w_w2aab1b3b2b5b1ad107" language="English" custom="readingOrder {index:6;}">
                    <Coords points="1575,823 1638,823 1638,858 1575,858"/>
                    <TextEquiv>
                        <Unicode>des</Unicode>
                    </TextEquiv>
                    <TextStyle fontFamily="Times New Roman" fontSize="8.5" bold="true"/>
                </Word>
                <TextEquiv>
                    <Unicode>198. Trois portraits d’Abd-el-Kader, représenté sous des</Unicode>
                </TextEquiv>
                <TextStyle fontFamily="Times New Roman" fontSize="8.5" bold="true"/>
            </TextLine>
            <TextEquiv>
                <Unicode>198. Trois portraits d’Abd-el-Kader, représenté sous des</Unicode>
            </TextEquiv>
        </TextRegion>
        <TextRegion type="paragraph" id="r_2_4" custom="readingOrder {index:6;}">
            <Coords points="523,864 1145,864 1145,914 523,914"/>
            <TextLine id="tl_9" primaryLanguage="English" custom="readingOrder {index:0;}">
                <Coords points="524,865 1144,865 1144,913 524,913"/>
                <Baseline points="524,901 665,902 868,902 1144,902"/>
                <Word id="w_w2aab1b3b2b7b1ab1" language="English" custom="readingOrder {index:0;}">
                    <Coords points="524,872 665,872 665,913 524,913"/>
                    <TextEquiv>
                        <Unicode>aspects</Unicode>
                    </TextEquiv>
                    <TextStyle fontFamily="Times New Roman" fontSize="8.5" bold="true"/>
                </Word>
                <Word id="w_w2aab1b3b2b7b1ac17" language="English" custom="readingOrder {index:1;}">
                    <Coords points="679,866 868,866 868,903 679,903"/>
                    <TextEquiv>
                        <Unicode>différents</Unicode>
                    </TextEquiv>
                    <TextStyle fontFamily="Times New Roman" fontSize="8.5" bold="true"/>
                </Word>
                <Word id="w_w2aab1b3b2b7b1ac39" language="English" custom="readingOrder {index:2;}">
                    <Coords points="888,865 1144,865 1144,913 888,913"/>
                    <TextEquiv>
                        <Unicode>(miniatures).</Unicode>
                    </TextEquiv>
                    <TextStyle fontFamily="Times New Roman" fontSize="8.5" bold="true"/>
                </Word>
                <TextEquiv>
                    <Unicode>aspects différents (miniatures).</Unicode>
                </TextEquiv>
                <TextStyle fontFamily="Times New Roman" fontSize="8.5" bold="true"/>
            </TextLine>
            <TextEquiv>
                <Unicode>aspects différents (miniatures).</Unicode>
            </TextEquiv>
        </TextRegion>
        <TextRegion type="paragraph" id="r_2_5" custom="readingOrder {index:7;}">
            <Coords points="1316,916 1599,916 1599,958 1316,958"/>
            <TextLine id="tl_10" primaryLanguage="English" custom="readingOrder {index:0;}">
                <Coords points="1317,917 1598,917 1598,957 1317,957"/>
                <Baseline points="1317,957 1325,957 1468,946 1598,957"/>
                <Word id="w_w2aab1b3b2b9b1ab1" language="English" custom="readingOrder {index:0;}">
                    <Coords points="1317,918 1418,918 1418,957 1317,957"/>
                    <TextEquiv>
                        <Unicode>(Salon</Unicode>
                    </TextEquiv>
                    <TextStyle fontFamily="Times New Roman" fontSize="8.0"/>
                </Word>
                <Word id="w_w2aab1b3b2b9b1b1b1" language="English" custom="readingOrder {index:1;}">
                    <Coords points="1434,919 1468,919 1468,946 1434,946"/>
                    <TextEquiv>
                        <Unicode>de</Unicode>
                    </TextEquiv>
                    <TextStyle fontFamily="Times New Roman" fontSize="8.0" bold="true"/>
                </Word>
                <Word id="w_w2aab1b3b2b9b1b1b7" language="English" custom="readingOrder {index:2;}">
                    <Coords points="1483,917 1598,917 1598,957 1483,957"/>
                    <TextEquiv>
                        <Unicode>1853.)</Unicode>
                    </TextEquiv>
                    <TextStyle fontFamily="Times New Roman" fontSize="8.0" bold="true"/>
                </Word>
                <TextEquiv>
                    <Unicode>(Salon de 1853.)</Unicode>
                </TextEquiv>
            </TextLine>
            <TextEquiv>
                <Unicode>(Salon de 1853.)</Unicode>
            </TextEquiv>
        </TextRegion>
        <TextRegion type="paragraph" id="r_2_6" custom="readingOrder {index:8;}">
            <Coords points="383,979 899,979 899,1037 383,1037"/>
            <TextLine id="tl_11" primaryLanguage="English" custom="readingOrder {index:0;}">
                <Coords points="384,980 898,980 898,1036 384,1036"/>
                <Baseline points="384,1019 515,1021 658,1018 708,1019 809,1019 898,1036"/>
                <Word id="w_w2aab1b3b2c11b1ab1" language="English" custom="readingOrder {index:0;}">
                    <Coords points="384,991 515,991 515,1021 384,1021"/>
                    <TextEquiv>
                        <Unicode>HEIM.</Unicode>
                    </TextEquiv>
                    <TextStyle fontFamily="Times New Roman" fontSize="8.5"/>
                </Word>
                <Word id="w_w2aab1b3b2c11b1ac13" language="English" custom="readingOrder {index:1;}">
                    <Coords points="556,981 658,981 658,1036 556,1036"/>
                    <TextEquiv>
                        <Unicode>(Voir</Unicode>
                    </TextEquiv>
                    <TextStyle fontFamily="Times New Roman" fontSize="8.5"/>
                </Word>
                <Word id="w_w2aab1b3b2c11b1ac25" language="English" custom="readingOrder {index:2;}">
                    <Coords points="675,986 708,986 708,1019 675,1019"/>
                    <TextEquiv>
                        <Unicode>la</Unicode>
                    </TextEquiv>
                    <TextStyle fontFamily="Times New Roman" fontSize="8.5"/>
                </Word>
                <Word id="w_w2aab1b3b2c11b1ac31" language="English" custom="readingOrder {index:3;}">
                    <Coords points="726,995 809,995 809,1027 726,1027"/>
                    <TextEquiv>
                        <Unicode>page</Unicode>
                    </TextEquiv>
                    <TextStyle fontFamily="Times New Roman" fontSize="8.5"/>
                </Word>
                <Word id="w_w2aab1b3b2c11b1ac41" language="English" custom="readingOrder {index:4;}">
                    <Coords points="826,980 898,980 898,1036 826,1036"/>
                    <TextEquiv>
                        <Unicode>21.)</Unicode>
                    </TextEquiv>
                    <TextStyle fontFamily="Times New Roman" fontSize="8.5"/>
                </Word>
                <TextEquiv>
                    <Unicode>HEIM. (Voir la page 21.)</Unicode>
                </TextEquiv>
                <TextStyle fontFamily="Times New Roman" fontSize="8.5"/>
            </TextLine>
            <TextEquiv>
                <Unicode>HEIM. (Voir la page 21.)</Unicode>
            </TextEquiv>
        </TextRegion>
        <TextRegion type="paragraph" id="r_2_7" custom="readingOrder {index:9;}">
            <Coords points="384,1059 1639,1059 1639,1108 384,1108"/>
            <TextLine id="tl_12" primaryLanguage="English" custom="readingOrder {index:0;}">
                <Coords points="385,1060 1638,1060 1638,1107 385,1107"/>
                <Baseline points="385,1094 465,1096 687,1101 756,1094 911,1096 1015,1095 1206,1098 1275,1098 1417,1105 1494,1099 1638,1099"/>
                <Word id="w_w2aab1b3b2c13b1ab1" language="English" custom="readingOrder {index:0;}">
                    <Coords points="385,1061 465,1061 465,1096 385,1096"/>
                    <TextEquiv>
                        <Unicode>199.</Unicode>
                    </TextEquiv>
                    <TextStyle fontFamily="Times New Roman" fontSize="8.5" bold="true"/>
                </Word>
                <Word id="w_w2aab1b3b2c13b1ac11" language="English" custom="readingOrder {index:1;}">
                    <Coords points="495,1060 687,1060 687,1101 495,1101"/>
                    <TextEquiv>
                        <Unicode>Portraits,</Unicode>
                    </TextEquiv>
                    <TextStyle fontFamily="Times New Roman" fontSize="8.5" bold="true"/>
                </Word>
                <Word id="w_w2aab1b3b2c13b1ac33" language="English" custom="readingOrder {index:2;}">
                    <Coords points="711,1070 756,1070 756,1094 711,1094"/>
                    <TextEquiv>
                        <Unicode>au</Unicode>
                    </TextEquiv>
                    <TextStyle fontFamily="Times New Roman" fontSize="8.5" bold="true"/>
                </Word>
                <Word id="w_w2aab1b3b2c13b1ac39" language="English" custom="readingOrder {index:3;}">
                    <Coords points="778,1070 911,1070 911,1107 778,1107"/>
                    <TextEquiv>
                        <Unicode>crayon</Unicode>
                    </TextEquiv>
                    <TextStyle fontFamily="Times New Roman" fontSize="8.5" bold="true"/>
                </Word>
                <Word id="w_w2aab1b3b2c13b1ac53" language="English" custom="readingOrder {index:4;}">
                    <Coords points="933,1061 1015,1061 1015,1095 933,1095"/>
                    <TextEquiv>
                        <Unicode>noir</Unicode>
                    </TextEquiv>
                    <TextStyle fontFamily="Times New Roman" fontSize="8.5" bold="true"/>
                </Word>
                <Word id="w_w2aab1b3b2c13b1ac63" language="English" custom="readingOrder {index:5;}">
                    <Coords points="1033,1061 1206,1061 1206,1098 1033,1098"/>
                    <TextEquiv>
                        <Unicode>rehaussé</Unicode>
                    </TextEquiv>
                    <TextStyle fontFamily="Times New Roman" fontSize="8.5" bold="true"/>
                </Word>
                <Word id="w_w2aab1b3b2c13b1ac81" language="English" custom="readingOrder {index:6;}">
                    <Coords points="1232,1062 1275,1062 1275,1098 1232,1098"/>
                    <TextEquiv>
                        <Unicode>de</Unicode>
                    </TextEquiv>
                    <TextStyle fontFamily="Times New Roman" fontSize="8.5" bold="true"/>
                </Word>
                <Word id="w_w2aab1b3b2c13b1ac87" language="English" custom="readingOrder {index:7;}">
                    <Coords points="1296,1062 1417,1062 1417,1105 1296,1105"/>
                    <TextEquiv>
                        <Unicode>blanc,</Unicode>
                    </TextEquiv>
                    <TextStyle fontFamily="Times New Roman" fontSize="8.5" bold="true"/>
                </Word>
                <Word id="w_w2aab1b3b2c13b1ad101" language="English" custom="readingOrder {index:8;}">
                    <Coords points="1449,1064 1494,1064 1494,1099 1449,1099"/>
                    <TextEquiv>
                        <Unicode>de</Unicode>
                    </TextEquiv>
                    <TextStyle fontFamily="Times New Roman" fontSize="8.5" bold="true"/>
                </Word>
                <Word id="w_w2aab1b3b2c13b1ad107" language="English" custom="readingOrder {index:9;}">
                    <Coords points="1517,1065 1638,1065 1638,1099 1517,1099"/>
                    <TextEquiv>
                        <Unicode>divers</Unicode>
                    </TextEquiv>
                    <TextStyle fontFamily="Times New Roman" fontSize="8.5" bold="true"/>
                </Word>
                <TextEquiv>
                    <Unicode>199. Portraits, au crayon noir rehaussé de blanc, de divers</Unicode>
                </TextEquiv>
                <TextStyle fontFamily="Times New Roman" fontSize="8.5" bold="true"/>
            </TextLine>
            <TextEquiv>
                <Unicode>199. Portraits, au crayon noir rehaussé de blanc, de divers</Unicode>
            </TextEquiv>
        </TextRegion>
        <TextRegion type="paragraph" id="r_2_8" custom="readingOrder {index:10;}">
            <Coords points="525,1107 1203,1107 1203,1146 525,1146"/>
            <TextLine id="tl_13" primaryLanguage="English" custom="readingOrder {index:0;}">
                <Coords points="526,1108 1202,1108 1202,1145 526,1145"/>
                <Baseline points="526,1144 711,1143 775,1142 969,1144 1031,1144 1202,1145"/>
                <Word id="w_w2aab1b3b2c15b1ab1" language="English" custom="readingOrder {index:0;}">
                    <Coords points="526,1108 711,1108 711,1144 526,1144"/>
                    <TextEquiv>
                        <Unicode>membres</Unicode>
                    </TextEquiv>
                    <TextStyle fontFamily="Times New Roman" fontSize="8.5" bold="true"/>
                </Word>
                <Word id="w_w2aab1b3b2c15b1ac17" language="English" custom="readingOrder {index:1;}">
                    <Coords points="731,1108 775,1108 775,1142 731,1142"/>
                    <TextEquiv>
                        <Unicode>de</Unicode>
                    </TextEquiv>
                    <TextStyle fontFamily="Times New Roman" fontSize="8.5" bold="true"/>
                </Word>
                <Word id="w_w2aab1b3b2c15b1ac23" language="English" custom="readingOrder {index:2;}">
                    <Coords points="790,1108 969,1108 969,1145 790,1145"/>
                    <TextEquiv>
                        <Unicode>l’Institut</Unicode>
                    </TextEquiv>
                    <TextStyle fontFamily="Times New Roman" fontSize="8.5" bold="true"/>
                </Word>
                <Word id="w_w2aab1b3b2c15b1ac45" language="English" custom="readingOrder {index:3;}">
                    <Coords points="987,1109 1031,1109 1031,1144 987,1144"/>
                    <TextEquiv>
                        <Unicode>de</Unicode>
                    </TextEquiv>
                    <TextStyle fontFamily="Times New Roman" fontSize="8.5" bold="true"/>
                </Word>
                <Word id="w_w2aab1b3b2c15b1ac51" language="English" custom="readingOrder {index:4;}">
                    <Coords points="1050,1108 1202,1108 1202,1145 1050,1145"/>
                    <TextEquiv>
                        <Unicode>France.</Unicode>
                    </TextEquiv>
                    <TextStyle fontFamily="Times New Roman" fontSize="8.5" bold="true"/>
                </Word>
                <TextEquiv>
                    <Unicode>membres de l’Institut de France.</Unicode>
                </TextEquiv>
                <TextStyle fontFamily="Times New Roman" fontSize="8.5" bold="true"/>
            </TextLine>
            <TextEquiv>
                <Unicode>membres de l’Institut de France.</Unicode>
            </TextEquiv>
        </TextRegion>
        <TextRegion type="paragraph" id="r_2_9" custom="readingOrder {index:11;}">
            <Coords points="620,1179 1047,1179 1047,1229 620,1229"/>
            <TextLine id="tl_14" primaryLanguage="English" custom="readingOrder {index:0;}">
                <Coords points="621,1180 1046,1180 1046,1228 621,1228"/>
                <Baseline points="621,1216 824,1216 1019,1217 1046,1217"/>
                <Word id="w_w2aab1b3b2c17b1ab1" language="English" custom="readingOrder {index:0;}">
                    <Coords points="621,1180 824,1180 824,1216 621,1216"/>
                    <TextEquiv>
                        <Unicode>Académie</Unicode>
                    </TextEquiv>
                    <TextStyle fontFamily="Times New Roman" fontSize="8.5" bold="true"/>
                </Word>
                <Word id="w_w2aab1b3b2c17b1ac19" language="English" custom="readingOrder {index:1;}">
                    <Coords points="842,1181 1019,1181 1019,1228 842,1228"/>
                    <TextEquiv>
                        <Unicode>française</Unicode>
                    </TextEquiv>
                    <TextStyle fontFamily="Times New Roman" fontSize="8.5" bold="true"/>
                </Word>
                <Word id="w_w2aab1b3b2c17b1ac39" language="English" custom="readingOrder {index:2;}">
                    <Coords points="1036,1193 1046,1193 1046,1217 1036,1217"/>
                    <TextEquiv>
                        <Unicode>:</Unicode>
                    </TextEquiv>
                    <TextStyle fontFamily="Times New Roman" fontSize="8.5" bold="true"/>
                </Word>
                <TextEquiv>
                    <Unicode>Académie française :</Unicode>
                </TextEquiv>
                <TextStyle fontFamily="Times New Roman" fontSize="8.5" bold="true"/>
            </TextLine>
            <TextEquiv>
                <Unicode>Académie française :</Unicode>
            </TextEquiv>
        </TextRegion>
        <TextRegion type="paragraph" id="r_2_10" custom="readingOrder {index:12;}">
            <Coords points="503,1241 1637,1241 1637,1409 503,1409"/>
            <TextLine id="tl_15" primaryLanguage="English" custom="readingOrder {index:0;}">
                <Coords points="548,1242 1636,1242 1636,1285 548,1285"/>
                <Baseline points="548,1273 741,1282 922,1283 977,1275 1109,1274 1172,1275 1354,1285 1411,1275 1577,1276 1636,1276"/>
                <Word id="w_w2aab1b3b2c19b1ab1" language="English" custom="readingOrder {index:0;}">
                    <Coords points="548,1242 741,1242 741,1282 548,1282"/>
                    <TextEquiv>
                        <Unicode>Andrieux,</Unicode>
                    </TextEquiv>
                    <TextStyle fontFamily="Times New Roman" fontSize="8.5"/>
                </Word>
                <Word id="w_w2aab1b3b2c19b1ac21" language="English" custom="readingOrder {index:1;}">
                    <Coords points="766,1242 922,1242 922,1283 766,1283"/>
                    <TextEquiv>
                        <Unicode>Arnaud,</Unicode>
                    </TextEquiv>
                    <TextStyle fontFamily="Times New Roman" fontSize="8.5"/>
                </Word>
                <Word id="w_w2aab1b3b2c19b1ac37" language="English" custom="readingOrder {index:2;}">
                    <Coords points="947,1244 977,1244 977,1275 947,1275"/>
                    <TextEquiv>
                        <Unicode>le</Unicode>
                    </TextEquiv>
                    <TextStyle fontFamily="Times New Roman" fontSize="8.5"/>
                </Word>
                <Word id="w_w2aab1b3b2c19b1ac43" language="English" custom="readingOrder {index:3;}">
                    <Coords points="1006,1243 1109,1243 1109,1274 1006,1274"/>
                    <TextEquiv>
                        <Unicode>baron</Unicode>
                    </TextEquiv>
                    <TextStyle fontFamily="Times New Roman" fontSize="8.5"/>
                </Word>
                <Word id="w_w2aab1b3b2c19b1ac55" language="English" custom="readingOrder {index:4;}">
                    <Coords points="1131,1244 1172,1244 1172,1275 1131,1275"/>
                    <TextEquiv>
                        <Unicode>de</Unicode>
                    </TextEquiv>
                    <TextStyle fontFamily="Times New Roman" fontSize="8.5"/>
                </Word>
                <Word id="w_w2aab1b3b2c19b1ac61" language="English" custom="readingOrder {index:5;}">
                    <Coords points="1195,1245 1354,1245 1354,1285 1195,1285"/>
                    <TextEquiv>
                        <Unicode>Barante,</Unicode>
                    </TextEquiv>
                    <TextStyle fontFamily="Times New Roman" fontSize="8.5"/>
                </Word>
                <Word id="w_w2aab1b3b2c19b1ac79" language="English" custom="readingOrder {index:6;}">
                    <Coords points="1382,1246 1411,1246 1411,1277 1382,1277"/>
                    <TextEquiv>
                        <Unicode>le</Unicode>
                    </TextEquiv>
                    <TextStyle fontFamily="Times New Roman" fontSize="8.5"/>
                </Word>
                <Word id="w_w2aab1b3b2c19b1ac85" language="English" custom="readingOrder {index:7;}">
                    <Coords points="1433,1246 1577,1246 1577,1276 1433,1276"/>
                    <TextEquiv>
                        <Unicode>vicomte</Unicode>
                    </TextEquiv>
                    <TextStyle fontFamily="Times New Roman" fontSize="8.5"/>
                </Word>
                <Word id="w_w2aab1b3b2c19b1ad101" language="English" custom="readingOrder {index:8;}">
                    <Coords points="1597,1246 1636,1246 1636,1276 1597,1276"/>
                    <TextEquiv>
                        <Unicode>de</Unicode>
                    </TextEquiv>
                    <TextStyle fontFamily="Times New Roman" fontSize="8.5"/>
                </Word>
                <TextEquiv>
                    <Unicode>Andrieux, Arnaud, le baron de Barante, le vicomte de</Unicode>
                </TextEquiv>
                <TextStyle fontFamily="Times New Roman" fontSize="8.5"/>
            </TextLine>
            <TextLine id="tl_16" primaryLanguage="English" custom="readingOrder {index:1;}">
                <Coords points="507,1283 1632,1283 1632,1327 507,1327"/>
                <Baseline points="507,1314 654,1323 899,1323 967,1316 1101,1316 1241,1325 1372,1327 1632,1323"/>
                <Word id="w_w2aab1b3b2c19b3ab1" language="English" custom="readingOrder {index:0;}">
                    <Coords points="507,1284 654,1284 654,1323 507,1323"/>
                    <TextEquiv>
                        <Unicode>Ronald,</Unicode>
                    </TextEquiv>
                    <TextStyle fontFamily="Times New Roman" fontSize="8.5"/>
                </Word>
                <Word id="w_w2aab1b3b2c19b3ac17" language="English" custom="readingOrder {index:1;}">
                    <Coords points="679,1283 899,1283 899,1323 679,1323"/>
                    <TextEquiv>
                        <Unicode>Campenon,</Unicode>
                    </TextEquiv>
                    <TextStyle fontFamily="Times New Roman" fontSize="8.5"/>
                </Word>
                <Word id="w_w2aab1b3b2c19b3ac37" language="English" custom="readingOrder {index:2;}">
                    <Coords points="938,1285 967,1285 967,1316 938,1316"/>
                    <TextEquiv>
                        <Unicode>le</Unicode>
                    </TextEquiv>
                    <TextStyle fontFamily="Times New Roman" fontSize="8.5"/>
                </Word>
                <Word id="w_w2aab1b3b2c19b3ac43" language="English" custom="readingOrder {index:3;}">
                    <Coords points="990,1290 1101,1290 1101,1316 990,1316"/>
                    <TextEquiv>
                        <Unicode>comte</Unicode>
                    </TextEquiv>
                    <TextStyle fontFamily="Times New Roman" fontSize="8.5"/>
                </Word>
                <Word id="w_w2aab1b3b2c19b3ac55" language="English" custom="readingOrder {index:4;}">
                    <Coords points="1132,1286 1241,1286 1241,1325 1132,1325"/>
                    <TextEquiv>
                        <Unicode>Paru,</Unicode>
                    </TextEquiv>
                    <TextStyle fontFamily="Times New Roman" fontSize="8.5"/>
                </Word>
                <Word id="w_w2aab1b3b2c19b3ac67" language="English" custom="readingOrder {index:5;}">
                    <Coords points="1268,1286 1372,1286 1372,1327 1268,1327"/>
                    <TextEquiv>
                        <Unicode>Droz,</Unicode>
                    </TextEquiv>
                    <TextStyle fontFamily="Times New Roman" fontSize="8.5"/>
                </Word>
                <Word id="w_w2aab1b3b2c19b3ac79" language="English" custom="readingOrder {index:6;}">
                    <Coords points="1400,1287 1632,1287 1632,1326 1400,1326"/>
                    <TextEquiv>
                        <Unicode>Frayssinous,</Unicode>
                    </TextEquiv>
                    <TextStyle fontFamily="Times New Roman" fontSize="8.5"/>
                </Word>
                <TextEquiv>
                    <Unicode>Bonald, Campenon, le comte Daru, Droz, Frayssinous,</Unicode>
                </TextEquiv>
                <TextStyle fontFamily="Times New Roman" fontSize="8.5"/>
            </TextLine>
            <TextLine id="tl_17" primaryLanguage="English" custom="readingOrder {index:2;}">
                <Coords points="504,1326 1631,1326 1631,1366 504,1366"/>
                <Baseline points="504,1355 635,1357 925,1362 1121,1365 1585,1365 1631,1358"/>
                <Word id="w_w2aab1b3b2c19b5ab1" language="English" custom="readingOrder {index:0;}">
                    <Coords points="504,1327 635,1327 635,1366 504,1366"/>
                    <TextEquiv>
                        <Unicode>évêque</Unicode>
                    </TextEquiv>
                    <TextStyle fontFamily="Times New Roman" fontSize="8.5"/>
                </Word>
                <Word id="w_w2aab1b3b2c19b5ac15" language="English" custom="readingOrder {index:1;}">
                    <Coords points="649,1326 925,1326 925,1365 649,1365"/>
                    <TextEquiv>
                        <Unicode>d’flermopoiis,</Unicode>
                    </TextEquiv>
                    <TextStyle fontFamily="Times New Roman" fontSize="8.5"/>
                </Word>
                <Word id="w_w2aab1b3b2c19b5ac45" language="English" custom="readingOrder {index:2;}">
                    <Coords points="946,1326 1121,1326 1121,1365 946,1365"/>
                    <TextEquiv>
                        <Unicode>Micbaud,</Unicode>
                    </TextEquiv>
                    <TextStyle fontFamily="Times New Roman" fontSize="8.5"/>
                </Word>
                <Word id="w_w2aab1b3b2c19b5ac63" language="English" custom="readingOrder {index:3;}">
                    <Coords points="1139,1327 1585,1327 1585,1365 1139,1365"/>
                    <TextEquiv>
                        <Unicode>Parceval-Grandmaison,</Unicode>
                    </TextEquiv>
                    <TextStyle fontFamily="Times New Roman" fontSize="8.5"/>
                </Word>
                <Word id="w_w2aab1b3b2c19b5ad107" language="English" custom="readingOrder {index:4;}">
                    <Coords points="1601,1327 1631,1327 1631,1358 1601,1358"/>
                    <TextEquiv>
                        <Unicode>le</Unicode>
                    </TextEquiv>
                    <TextStyle fontFamily="Times New Roman" fontSize="8.5"/>
                </Word>
                <TextEquiv>
                    <Unicode>évêque d’Hermopolis, Michaud, Parceval-Grandmaison, le</Unicode>
                </TextEquiv>
                <TextStyle fontFamily="Times New Roman" fontSize="8.5"/>
            </TextLine>
            <TextLine id="tl_18" primaryLanguage="English" custom="readingOrder {index:3;}">
                <Coords points="506,1367 1111,1367 1111,1408 506,1408"/>
                <Baseline points="506,1398 661,1399 718,1399 898,1408 1111,1401"/>
                <Word id="w_w2aab1b3b2c19b7ab1" language="English" custom="readingOrder {index:0;}">
                    <Coords points="506,1367 661,1367 661,1408 506,1408"/>
                    <TextEquiv>
                        <Unicode>marquis</Unicode>
                    </TextEquiv>
                    <TextStyle fontFamily="Times New Roman" fontSize="8.5"/>
                </Word>
                <Word id="w_w2aab1b3b2c19b7ac17" language="English" custom="readingOrder {index:1;}">
                    <Coords points="677,1368 718,1368 718,1399 677,1399"/>
                    <TextEquiv>
                        <Unicode>de</Unicode>
                    </TextEquiv>
                    <TextStyle fontFamily="Times New Roman" fontSize="8.5"/>
                </Word>
                <Word id="w_w2aab1b3b2c19b7ac23" language="English" custom="readingOrder {index:2;}">
                    <Coords points="736,1367 898,1367 898,1408 736,1408"/>
                    <TextEquiv>
                        <Unicode>Pastoret,</Unicode>
                    </TextEquiv>
                    <TextStyle fontFamily="Times New Roman" fontSize="8.5"/>
                </Word>
                <Word id="w_w2aab1b3b2c19b7ac43" language="English" custom="readingOrder {index:3;}">
                    <Coords points="914,1368 1111,1368 1111,1401 914,1401"/>
                    <TextEquiv>
                        <Unicode>Villemain.</Unicode>
                    </TextEquiv>
                    <TextStyle fontFamily="Times New Roman" fontSize="8.5"/>
                </Word>
                <TextEquiv>
                    <Unicode>marquis de Pastoret, Villemain.</Unicode>
                </TextEquiv>
                <TextStyle fontFamily="Times New Roman" fontSize="8.5"/>
            </TextLine>
            <TextEquiv>
                <Unicode>Andrieux, Arnaud, le baron de Barante, le vicomte de
Bonald, Campenon, le comte Daru, Droz, Frayssinous,
évêque d’Hermopolis, Michaud, Parceval-Grandmaison, le
marquis de Pastoret, Villemain.</Unicode>
            </TextEquiv>
        </TextRegion>
        <TextRegion type="paragraph" id="r_2_11" custom="readingOrder {index:13;}">
            <Coords points="616,1434 1502,1434 1502,1484 616,1484"/>
            <TextLine id="tl_19" primaryLanguage="English" custom="readingOrder {index:0;}">
                <Coords points="617,1435 1501,1435 1501,1483 617,1483"/>
                <Baseline points="617,1471 819,1471 901,1472 1157,1472 1207,1472 1474,1473 1501,1472"/>
                <Word id="w_w2aab1b3b2c21b1ab1" language="English" custom="readingOrder {index:0;}">
                    <Coords points="617,1435 819,1435 819,1472 617,1472"/>
                    <TextEquiv>
                        <Unicode>Académie</Unicode>
                    </TextEquiv>
                    <TextStyle fontFamily="Times New Roman" fontSize="8.5" bold="true"/>
                </Word>
                <Word id="w_w2aab1b3b2c21b1ac19" language="English" custom="readingOrder {index:1;}">
                    <Coords points="838,1436 901,1436 901,1472 838,1472"/>
                    <TextEquiv>
                        <Unicode>des</Unicode>
                    </TextEquiv>
                    <TextStyle fontFamily="Times New Roman" fontSize="8.5" bold="true"/>
                </Word>
                <Word id="w_w2aab1b3b2c21b1ac27" language="English" custom="readingOrder {index:2;}">
                    <Coords points="920,1436 1157,1436 1157,1483 920,1483"/>
                    <TextEquiv>
                        <Unicode>inscriptions</Unicode>
                    </TextEquiv>
                    <TextStyle fontFamily="Times New Roman" fontSize="8.5" bold="true"/>
                </Word>
                <Word id="w_w2aab1b3b2c21b1ac53" language="English" custom="readingOrder {index:3;}">
                    <Coords points="1172,1441 1207,1441 1207,1472 1172,1472"/>
                    <TextEquiv>
                        <Unicode>et</Unicode>
                    </TextEquiv>
                    <TextStyle fontFamily="Times New Roman" fontSize="8.5" bold="true"/>
                </Word>
                <Word id="w_w2aab1b3b2c21b1ac59" language="English" custom="readingOrder {index:4;}">
                    <Coords points="1222,1437 1474,1437 1474,1474 1222,1474"/>
                    <TextEquiv>
                        <Unicode>belles-lctlres</Unicode>
                    </TextEquiv>
                    <TextStyle fontFamily="Times New Roman" fontSize="8.5" bold="true"/>
                </Word>
                <Word id="w_w2aab1b3b2c21b1ac89" language="English" custom="readingOrder {index:5;}">
                    <Coords points="1493,1450 1501,1450 1501,1472 1493,1472"/>
                    <TextEquiv>
                        <Unicode>:</Unicode>
                    </TextEquiv>
                    <TextStyle fontFamily="Times New Roman" fontSize="8.5" bold="true"/>
                </Word>
                <TextEquiv>
                    <Unicode>Académie des inscriptions et belles-lettres :</Unicode>
                </TextEquiv>
                <TextStyle fontFamily="Times New Roman" fontSize="8.5" bold="true"/>
            </TextLine>
            <TextEquiv>
                <Unicode>Académie des inscriptions et belles-lettres :</Unicode>
            </TextEquiv>
        </TextRegion>
        <TextRegion type="paragraph" id="r_2_12" custom="readingOrder {index:14;}">
            <Coords points="501,1495 1631,1495 1631,1581 501,1581"/>
            <TextLine id="tl_20" primaryLanguage="English" custom="readingOrder {index:0;}">
                <Coords points="546,1496 1630,1496 1630,1539 546,1539"/>
                <Baseline points="546,1527 592,1527 726,1527 846,1527 903,1529 1089,1534 1420,1538 1547,1530 1630,1521"/>
                <Word id="w_w2aab1b3b2c23b1ab1" language="English" custom="readingOrder {index:0;}">
                    <Coords points="546,1496 592,1496 592,1527 546,1527"/>
                    <TextEquiv>
                        <Unicode>Le</Unicode>
                    </TextEquiv>
                    <TextStyle fontFamily="Times New Roman" fontSize="8.5"/>
                </Word>
                <Word id="w_w2aab1b3b2c23b1ab7" language="English" custom="readingOrder {index:1;}">
                    <Coords points="615,1501 726,1501 726,1527 615,1527"/>
                    <TextEquiv>
                        <Unicode>comte</Unicode>
                    </TextEquiv>
                    <TextStyle fontFamily="Times New Roman" fontSize="8.5"/>
                </Word>
                <Word id="w_w2aab1b3b2c23b1ac19" language="English" custom="readingOrder {index:2;}">
                    <Coords points="748,1497 846,1497 846,1528 748,1528"/>
                    <TextEquiv>
                        <Unicode>Alex,</Unicode>
                    </TextEquiv>
                    <TextStyle fontFamily="Times New Roman" fontSize="8.5"/>
                </Word>
                <Word id="w_w2aab1b3b2c23b1ac31" language="English" custom="readingOrder {index:3;}">
                    <Coords points="863,1497 903,1497 903,1529 863,1529"/>
                    <TextEquiv>
                        <Unicode>de</Unicode>
                    </TextEquiv>
                    <TextStyle fontFamily="Times New Roman" fontSize="8.5"/>
                </Word>
                <Word id="w_w2aab1b3b2c23b1ac37" language="English" custom="readingOrder {index:4;}">
                    <Coords points="924,1498 1089,1498 1089,1534 924,1534"/>
                    <TextEquiv>
                        <Unicode>Laborde,</Unicode>
                    </TextEquiv>
                    <TextStyle fontFamily="Times New Roman" fontSize="8.5"/>
                </Word>
                <Word id="w_w2aab1b3b2c23b1ac55" language="English" custom="readingOrder {index:5;}">
                    <Coords points="1106,1497 1420,1497 1420,1538 1106,1538"/>
                    <TextEquiv>
                        <Unicode>Piaoul-Rochette,</Unicode>
                    </TextEquiv>
                    <TextStyle fontFamily="Times New Roman" fontSize="8.5"/>
                </Word>
                <Word id="w_w2aab1b3b2c23b1ac89" language="English" custom="readingOrder {index:6;}">
                    <Coords points="1442,1499 1547,1499 1547,1531 1442,1531"/>
                    <TextEquiv>
                        <Unicode>baron</Unicode>
                    </TextEquiv>
                    <TextStyle fontFamily="Times New Roman" fontSize="8.5"/>
                </Word>
                <Word id="w_w2aab1b3b2c23b1ad101" language="English" custom="readingOrder {index:7;}">
                    <Coords points="1559,1498 1630,1498 1630,1539 1559,1539"/>
                    <TextEquiv>
                        <Unicode>Syl¬</Unicode>
                    </TextEquiv>
                    <TextStyle fontFamily="Times New Roman" fontSize="8.5"/>
                </Word>
                <TextEquiv>
                    <Unicode>Le comte Alex. de Laborde, Raoul-Rochette, baron Syl¬</Unicode>
                </TextEquiv>
                <TextStyle fontFamily="Times New Roman" fontSize="8.5"/>
            </TextLine>
            <TextLine id="tl_21" primaryLanguage="English" custom="readingOrder {index:1;}">
                <Coords points="502,1538 1252,1538 1252,1580 502,1580"/>
                <Baseline points="502,1570 610,1569 669,1570 791,1578 1034,1571 1093,1572 1252,1571"/>
                <Word id="w_w2aab1b3b2c23b3ab1" language="English" custom="readingOrder {index:0;}">
                    <Coords points="502,1542 610,1542 610,1570 502,1570"/>
                    <TextEquiv>
                        <Unicode>vestre</Unicode>
                    </TextEquiv>
                    <TextStyle fontFamily="Times New Roman" fontSize="8.5"/>
                </Word>
                <Word id="w_w2aab1b3b2c23b3ac15" language="English" custom="readingOrder {index:1;}">
                    <Coords points="626,1538 669,1538 669,1570 626,1570"/>
                    <TextEquiv>
                        <Unicode>de</Unicode>
                    </TextEquiv>
                    <TextStyle fontFamily="Times New Roman" fontSize="8.5"/>
                </Word>
                <Word id="w_w2aab1b3b2c23b3ac21" language="English" custom="readingOrder {index:2;}">
                    <Coords points="692,1538 791,1538 791,1578 692,1578"/>
                    <TextEquiv>
                        <Unicode>Sacy,</Unicode>
                    </TextEquiv>
                    <TextStyle fontFamily="Times New Roman" fontSize="8.5"/>
                </Word>
                <Word id="w_w2aab1b3b2c23b3ac33" language="English" custom="readingOrder {index:3;}">
                    <Coords points="809,1539 1034,1539 1034,1579 809,1579"/>
                    <TextEquiv>
                        <Unicode>Qualremcre</Unicode>
                    </TextEquiv>
                    <TextStyle fontFamily="Times New Roman" fontSize="8.5"/>
                </Word>
                <Word id="w_w2aab1b3b2c23b3ac55" language="English" custom="readingOrder {index:4;}">
                    <Coords points="1052,1541 1093,1541 1093,1572 1052,1572"/>
                    <TextEquiv>
                        <Unicode>de</Unicode>
                    </TextEquiv>
                    <TextStyle fontFamily="Times New Roman" fontSize="8.5"/>
                </Word>
                <Word id="w_w2aab1b3b2c23b3ac61" language="English" custom="readingOrder {index:5;}">
                    <Coords points="1107,1539 1252,1539 1252,1580 1107,1580"/>
                    <TextEquiv>
                        <Unicode>Quincy.</Unicode>
                    </TextEquiv>
                    <TextStyle fontFamily="Times New Roman" fontSize="8.5"/>
                </Word>
                <TextEquiv>
                    <Unicode>vestre de Sacy, Quatremère de Quincy.</Unicode>
                </TextEquiv>
                <TextStyle fontFamily="Times New Roman" fontSize="8.5"/>
            </TextLine>
            <TextEquiv>
                <Unicode>Le comte Alex. de Laborde, Raoul-Rochette, baron Syl¬
vestre de Sacy, Quatremère de Quincy.</Unicode>
            </TextEquiv>
        </TextRegion>
        <TextRegion type="paragraph" id="r_2_13" custom="readingOrder {index:15;}">
            <Coords points="614,1606 1107,1606 1107,1644 614,1644"/>
            <TextLine id="tl_22" primaryLanguage="English" custom="readingOrder {index:0;}">
                <Coords points="615,1607 1106,1607 1106,1643 615,1643"/>
                <Baseline points="615,1642 815,1643 899,1643 1079,1643 1106,1643"/>
                <Word id="w_w2aab1b3b2c25b1ab1" language="English" custom="readingOrder {index:0;}">
                    <Coords points="615,1608 815,1608 815,1643 615,1643"/>
                    <TextEquiv>
                        <Unicode>Académie</Unicode>
                    </TextEquiv>
                    <TextStyle fontFamily="Times New Roman" fontSize="8.5" bold="true"/>
                </Word>
                <Word id="w_w2aab1b3b2c25b1ac19" language="English" custom="readingOrder {index:1;}">
                    <Coords points="836,1607 899,1607 899,1643 836,1643"/>
                    <TextEquiv>
                        <Unicode>des</Unicode>
                    </TextEquiv>
                    <TextStyle fontFamily="Times New Roman" fontSize="8.5" bold="true"/>
                </Word>
                <Word id="w_w2aab1b3b2c25b1ac27" language="English" custom="readingOrder {index:2;}">
                    <Coords points="920,1607 1079,1607 1079,1643 920,1643"/>
                    <TextEquiv>
                        <Unicode>sciences</Unicode>
                    </TextEquiv>
                    <TextStyle fontFamily="Times New Roman" fontSize="8.5" bold="true"/>
                </Word>
                <Word id="w_w2aab1b3b2c25b1ac45" language="English" custom="readingOrder {index:3;}">
                    <Coords points="1097,1620 1106,1620 1106,1643 1097,1643"/>
                    <TextEquiv>
                        <Unicode>:</Unicode>
                    </TextEquiv>
                    <TextStyle fontFamily="Times New Roman" fontSize="8.5" bold="true"/>
                </Word>
                <TextEquiv>
                    <Unicode>Académie des sciences :</Unicode>
                </TextEquiv>
                <TextStyle fontFamily="Times New Roman" fontSize="8.5" bold="true"/>
            </TextLine>
            <TextEquiv>
                <Unicode>Académie des sciences :</Unicode>
            </TextEquiv>
        </TextRegion>
        <TextRegion type="paragraph" id="r_2_14" custom="readingOrder {index:16;}">
            <Coords points="501,1666 1626,1666 1626,1743 501,1743"/>
            <TextLine id="tl_23" primaryLanguage="English" custom="readingOrder {index:0;}">
                <Coords points="548,1667 1625,1667 1625,1709 548,1709"/>
                <Baseline points="548,1699 656,1699 809,1707 959,1707 1411,1708 1470,1701 1625,1709"/>
                <Word id="w_w2aab1b3b2c27b1ab1" language="English" custom="readingOrder {index:0;}">
                    <Coords points="548,1669 656,1669 656,1700 548,1700"/>
                    <TextEquiv>
                        <Unicode>Baron</Unicode>
                    </TextEquiv>
                    <TextStyle fontFamily="Times New Roman" fontSize="8.5"/>
                </Word>
                <Word id="w_w2aab1b3b2c27b1ac13" language="English" custom="readingOrder {index:1;}">
                    <Coords points="673,1667 809,1667 809,1707 673,1707"/>
                    <TextEquiv>
                        <Unicode>Cuvier,</Unicode>
                    </TextEquiv>
                    <TextStyle fontFamily="Times New Roman" fontSize="8.5"/>
                </Word>
                <Word id="w_w2aab1b3b2c27b1ac29" language="English" custom="readingOrder {index:2;}">
                    <Coords points="826,1669 959,1669 959,1707 826,1707"/>
                    <TextEquiv>
                        <Unicode>Parcel,</Unicode>
                    </TextEquiv>
                    <TextStyle fontFamily="Times New Roman" fontSize="8.5"/>
                </Word>
                <Word id="w_w2aab1b3b2c27b1ac45" language="English" custom="readingOrder {index:3;}">
                    <Coords points="977,1667 1411,1667 1411,1709 977,1709"/>
                    <TextEquiv>
                        <Unicode>GeotTroy-Saint-Hilaire,</Unicode>
                    </TextEquiv>
                    <TextStyle fontFamily="Times New Roman" fontSize="8.5"/>
                </Word>
                <Word id="w_w2aab1b3b2c27b1ac93" language="English" custom="readingOrder {index:4;}">
                    <Coords points="1429,1670 1470,1670 1470,1701 1429,1701"/>
                    <TextEquiv>
                        <Unicode>de</Unicode>
                    </TextEquiv>
                    <TextStyle fontFamily="Times New Roman" fontSize="8.5"/>
                </Word>
                <Word id="w_w2aab1b3b2c27b1ac99" language="English" custom="readingOrder {index:5;}">
                    <Coords points="1485,1667 1625,1667 1625,1709 1485,1709"/>
                    <TextEquiv>
                        <Unicode>Mirbel,</Unicode>
                    </TextEquiv>
                    <TextStyle fontFamily="Times New Roman" fontSize="8.5"/>
                </Word>
                <TextEquiv>
                    <Unicode>Baron Cuvier, Darcet, Geoffroy-Saint-Hilaire, de Mirbel,</Unicode>
                </TextEquiv>
                <TextStyle fontFamily="Times New Roman" fontSize="8.5"/>
            </TextLine>
            <TextLine id="tl_24" primaryLanguage="English" custom="readingOrder {index:1;}">
                <Coords points="502,1710 630,1710 630,1742 502,1742"/>
                <Baseline points="502,1742 630,1741"/>
                <Word id="w_w2aab1b3b2c27b3ab1" language="English" custom="readingOrder {index:0;}">
                    <Coords points="502,1710 630,1710 630,1742 502,1742"/>
                    <TextEquiv>
                        <Unicode>Serres.</Unicode>
                    </TextEquiv>
                    <TextStyle fontFamily="Times New Roman" fontSize="8.5"/>
                </Word>
                <TextEquiv>
                    <Unicode>Serres.</Unicode>
                </TextEquiv>
                <TextStyle fontFamily="Times New Roman" fontSize="8.5"/>
            </TextLine>
            <TextEquiv>
                <Unicode>Baron Cuvier, Darcet, Geoffroy-Saint-Hilaire, de Mirbel,
Serres.</Unicode>
            </TextEquiv>
        </TextRegion>
        <TextRegion type="paragraph" id="r_2_15" custom="readingOrder {index:17;}">
            <Coords points="617,1777 1161,1777 1161,1817 617,1817"/>
            <TextLine id="tl_25" primaryLanguage="English" custom="readingOrder {index:0;}">
                <Coords points="618,1778 1160,1778 1160,1816 618,1816"/>
                <Baseline points="618,1814 818,1814 901,1814 1135,1815 1160,1816"/>
                <Word id="w_w2aab1b3b2c29b1ab1" language="English" custom="readingOrder {index:0;}">
                    <Coords points="618,1778 818,1778 818,1814 618,1814"/>
                    <TextEquiv>
                        <Unicode>Académie</Unicode>
                    </TextEquiv>
                    <TextStyle fontFamily="Times New Roman" fontSize="8.5" bold="true"/>
                </Word>
                <Word id="w_w2aab1b3b2c29b1ac19" language="English" custom="readingOrder {index:1;}">
                    <Coords points="836,1779 901,1779 901,1814 836,1814"/>
                    <TextEquiv>
                        <Unicode>des</Unicode>
                    </TextEquiv>
                    <TextStyle fontFamily="Times New Roman" fontSize="8.5" bold="true"/>
                </Word>
                <Word id="w_w2aab1b3b2c29b1ac27" language="English" custom="readingOrder {index:2;}">
                    <Coords points="917,1779 1135,1779 1135,1815 917,1815"/>
                    <TextEquiv>
                        <Unicode>beaux-arts</Unicode>
                    </TextEquiv>
                    <TextStyle fontFamily="Times New Roman" fontSize="8.5" bold="true"/>
                </Word>
                <Word id="w_w2aab1b3b2c29b1ac49" language="English" custom="readingOrder {index:3;}">
                    <Coords points="1151,1793 1160,1793 1160,1816 1151,1816"/>
                    <TextEquiv>
                        <Unicode>:</Unicode>
                    </TextEquiv>
                    <TextStyle fontFamily="Times New Roman" fontSize="8.5" bold="true"/>
                </Word>
                <TextEquiv>
                    <Unicode>Académie des beaux-arts :</Unicode>
                </TextEquiv>
                <TextStyle fontFamily="Times New Roman" fontSize="8.5" bold="true"/>
            </TextLine>
            <TextEquiv>
                <Unicode>Académie des beaux-arts :</Unicode>
            </TextEquiv>
        </TextRegion>
        <TextRegion type="paragraph" id="r_2_16" custom="readingOrder {index:18;}">
            <Coords points="493,1839 1626,1839 1626,2253 493,2253"/>
            <TextLine id="tl_26" primaryLanguage="English" custom="readingOrder {index:0;}">
                <Coords points="544,1840 1621,1840 1621,1881 544,1881"/>
                <Baseline points="544,1872 676,1880 836,1879 992,1872 1076,1878 1248,1881 1451,1880 1492,1872 1621,1871"/>
                <Word id="w_w2aab1b3b2c31b1ab1" language="English" custom="readingOrder {index:0;}">
                    <Coords points="544,1841 676,1841 676,1880 544,1880"/>
                    <TextEquiv>
                        <Unicode>Auber,</Unicode>
                    </TextEquiv>
                    <TextStyle fontFamily="Times New Roman" fontSize="8.5"/>
                </Word>
                <Word id="w_w2aab1b3b2c31b1ac15" language="English" custom="readingOrder {index:1;}">
                    <Coords points="699,1841 836,1841 836,1879 699,1879"/>
                    <TextEquiv>
                        <Unicode>Berton,</Unicode>
                    </TextEquiv>
                    <TextStyle fontFamily="Times New Roman" fontSize="8.5"/>
                </Word>
                <Word id="w_w2aab1b3b2c31b1ac31" language="English" custom="readingOrder {index:2;}">
                    <Coords points="850,1840 992,1840 992,1872 850,1872"/>
                    <TextEquiv>
                        <Unicode>Bidault</Unicode>
                    </TextEquiv>
                    <TextStyle fontFamily="Times New Roman" fontSize="8.5"/>
                </Word>
                <Word id="w_w2aab1b3b2c31b1ac47" language="English" custom="readingOrder {index:3;}">
                    <Coords points="1015,1840 1076,1840 1076,1881 1015,1881"/>
                    <TextEquiv>
                        <Unicode>(1),</Unicode>
                    </TextEquiv>
                    <TextStyle fontFamily="Times New Roman" fontSize="8.5"/>
                </Word>
                <Word id="w_w2aab1b3b2c31b1ac57" language="English" custom="readingOrder {index:4;}">
                    <Coords points="1094,1841 1248,1841 1248,1881 1094,1881"/>
                    <TextEquiv>
                        <Unicode>Blondel,</Unicode>
                    </TextEquiv>
                    <TextStyle fontFamily="Times New Roman" fontSize="8.5"/>
                </Word>
                <Word id="w_w2aab1b3b2c31b1ac75" language="English" custom="readingOrder {index:5;}">
                    <Coords points="1262,1841 1451,1841 1451,1880 1262,1880"/>
                    <TextEquiv>
                        <Unicode>Boieldieu,</Unicode>
                    </TextEquiv>
                    <TextStyle fontFamily="Times New Roman" fontSize="8.5"/>
                </Word>
                <Word id="w_w2aab1b3b2c31b1ac97" language="English" custom="readingOrder {index:6;}">
                    <Coords points="1463,1841 1492,1841 1492,1872 1463,1872"/>
                    <TextEquiv>
                        <Unicode>le</Unicode>
                    </TextEquiv>
                    <TextStyle fontFamily="Times New Roman" fontSize="8.5"/>
                </Word>
                <Word id="w_w2aab1b3b2c31b1ad103" language="English" custom="readingOrder {index:7;}">
                    <Coords points="1512,1841 1621,1841 1621,1872 1512,1872"/>
                    <TextEquiv>
                        <Unicode>baron</Unicode>
                    </TextEquiv>
                    <TextStyle fontFamily="Times New Roman" fontSize="8.5"/>
                </Word>
                <TextEquiv>
                    <Unicode>Auber, Berton, Bidault (1), Blondel, Boïeldieu, le baron</Unicode>
                </TextEquiv>
                <TextStyle fontFamily="Times New Roman" fontSize="8.5"/>
            </TextLine>
            <TextLine id="tl_27" primaryLanguage="English" custom="readingOrder {index:1;}">
                <Coords points="500,1882 1625,1882 1625,1921 500,1921"/>
                <Baseline points="500,1913 613,1920 734,1921 785,1913 909,1913 961,1913 1269,1920 1473,1919 1625,1905"/>
                <Word id="w_w2aab1b3b2c31b3ab1" language="English" custom="readingOrder {index:0;}">
                    <Coords points="500,1884 613,1884 613,1920 500,1920"/>
                    <TextEquiv>
                        <Unicode>Bosio,</Unicode>
                    </TextEquiv>
                    <TextStyle fontFamily="Times New Roman" fontSize="8.5"/>
                </Word>
                <Word id="w_w2aab1b3b2c31b3ac15" language="English" custom="readingOrder {index:1;}">
                    <Coords points="629,1882 734,1882 734,1921 629,1921"/>
                    <TextEquiv>
                        <Unicode>Catel,</Unicode>
                    </TextEquiv>
                    <TextStyle fontFamily="Times New Roman" fontSize="8.5"/>
                </Word>
                <Word id="w_w2aab1b3b2c31b3ac29" language="English" custom="readingOrder {index:2;}">
                    <Coords points="756,1883 785,1883 785,1913 756,1913"/>
                    <TextEquiv>
                        <Unicode>le</Unicode>
                    </TextEquiv>
                    <TextStyle fontFamily="Times New Roman" fontSize="8.5"/>
                </Word>
                <Word id="w_w2aab1b3b2c31b3ac35" language="English" custom="readingOrder {index:3;}">
                    <Coords points="799,1887 909,1887 909,1913 799,1913"/>
                    <TextEquiv>
                        <Unicode>comte</Unicode>
                    </TextEquiv>
                    <TextStyle fontFamily="Times New Roman" fontSize="8.5"/>
                </Word>
                <Word id="w_w2aab1b3b2c31b3ac47" language="English" custom="readingOrder {index:4;}">
                    <Coords points="922,1882 961,1882 961,1913 922,1913"/>
                    <TextEquiv>
                        <Unicode>de</Unicode>
                    </TextEquiv>
                    <TextStyle fontFamily="Times New Roman" fontSize="8.5"/>
                </Word>
                <Word id="w_w2aab1b3b2c31b3ac53" language="English" custom="readingOrder {index:5;}">
                    <Coords points="973,1882 1269,1882 1269,1920 973,1920"/>
                    <TextEquiv>
                        <Unicode>Chabrol-Volvic,</Unicode>
                    </TextEquiv>
                    <TextStyle fontFamily="Times New Roman" fontSize="8.5"/>
                </Word>
                <Word id="w_w2aab1b3b2c31b3ac85" language="English" custom="readingOrder {index:6;}">
                    <Coords points="1282,1882 1473,1882 1473,1919 1282,1919"/>
                    <TextEquiv>
                        <Unicode>Cartellier,</Unicode>
                    </TextEquiv>
                    <TextStyle fontFamily="Times New Roman" fontSize="8.5"/>
                </Word>
                <Word id="w_w2aab1b3b2c31b3ad109" language="English" custom="readingOrder {index:7;}">
                    <Coords points="1492,1882 1625,1882 1625,1913 1492,1913"/>
                    <TextEquiv>
                        <Unicode>Chéru¬</Unicode>
                    </TextEquiv>
                    <TextStyle fontFamily="Times New Roman" fontSize="8.5"/>
                </Word>
                <TextEquiv>
                    <Unicode>Bosio, Catel, le comte de Chabrol-Volvic, Cartellier, Chéru¬</Unicode>
                </TextEquiv>
                <TextStyle fontFamily="Times New Roman" fontSize="8.5"/>
            </TextLine>
            <TextLine id="tl_28" primaryLanguage="English" custom="readingOrder {index:2;}">
                <Coords points="500,1923 1624,1923 1624,1964 500,1964"/>
                <Baseline points="500,1955 585,1962 717,1955 926,1962 983,1955 1116,1954 1337,1955 1421,1962 1624,1963"/>
                <Word id="w_w2aab1b3b2c31b5ab1" language="English" custom="readingOrder {index:0;}">
                    <Coords points="500,1925 585,1925 585,1962 500,1962"/>
                    <TextEquiv>
                        <Unicode>bin!,</Unicode>
                    </TextEquiv>
                    <TextStyle fontFamily="Times New Roman" fontSize="8.5"/>
                </Word>
                <Word id="w_w2aab1b3b2c31b5ac13" language="English" custom="readingOrder {index:1;}">
                    <Coords points="608,1924 717,1924 717,1957 608,1957"/>
                    <TextEquiv>
                        <Unicode>David</Unicode>
                    </TextEquiv>
                    <TextStyle fontFamily="Times New Roman" fontSize="8.5"/>
                </Word>
                <Word id="w_w2aab1b3b2c31b5ac25" language="English" custom="readingOrder {index:2;}">
                    <Coords points="744,1924 926,1924 926,1964 744,1964"/>
                    <TextEquiv>
                        <Unicode>d'Angers,</Unicode>
                    </TextEquiv>
                    <TextStyle fontFamily="Times New Roman" fontSize="8.5"/>
                </Word>
                <Word id="w_w2aab1b3b2c31b5ac45" language="English" custom="readingOrder {index:3;}">
                    <Coords points="952,1924 983,1924 983,1955 952,1955"/>
                    <TextEquiv>
                        <Unicode>le</Unicode>
                    </TextEquiv>
                    <TextStyle fontFamily="Times New Roman" fontSize="8.5"/>
                </Word>
                <Word id="w_w2aab1b3b2c31b5ac51" language="English" custom="readingOrder {index:4;}">
                    <Coords points="1015,1924 1116,1924 1116,1955 1015,1955"/>
                    <TextEquiv>
                        <Unicode>baron</Unicode>
                    </TextEquiv>
                    <TextStyle fontFamily="Times New Roman" fontSize="8.5"/>
                </Word>
                <Word id="w_w2aab1b3b2c31b5ac63" language="English" custom="readingOrder {index:5;}">
                    <Coords points="1151,1924 1337,1924 1337,1963 1151,1963"/>
                    <TextEquiv>
                        <Unicode>Desnoyers</Unicode>
                    </TextEquiv>
                    <TextStyle fontFamily="Times New Roman" fontSize="8.5"/>
                </Word>
                <Word id="w_w2aab1b3b2c31b5ac83" language="English" custom="readingOrder {index:6;}">
                    <Coords points="1360,1923 1421,1923 1421,1964 1360,1964"/>
                    <TextEquiv>
                        <Unicode>(1),</Unicode>
                    </TextEquiv>
                    <TextStyle fontFamily="Times New Roman" fontSize="8.5"/>
                </Word>
                <Word id="w_w2aab1b3b2c31b5ac93" language="English" custom="readingOrder {index:7;}">
                    <Coords points="1456,1923 1624,1923 1624,1964 1456,1964"/>
                    <TextEquiv>
                        <Unicode>Drolling,</Unicode>
                    </TextEquiv>
                    <TextStyle fontFamily="Times New Roman" fontSize="8.5"/>
                </Word>
                <TextEquiv>
                    <Unicode>bini, David d'Angers, le baron Desnoyers (1), Drolling,</Unicode>
                </TextEquiv>
                <TextStyle fontFamily="Times New Roman" fontSize="8.5"/>
            </TextLine>
            <TextLine id="tl_29" primaryLanguage="English" custom="readingOrder {index:3;}">
                <Coords points="498,1964 1623,1964 1623,2006 498,2006"/>
                <Baseline points="498,1997 645,2005 848,2004 899,1996 1026,1997 1088,1997 1247,2003 1366,1997 1445,2004 1623,2003"/>
                <Word id="w_w2aab1b3b2c31b7ab1" language="English" custom="readingOrder {index:0;}">
                    <Coords points="498,1967 645,1967 645,2005 498,2005"/>
                    <TextEquiv>
                        <Unicode>Dupaty,</Unicode>
                    </TextEquiv>
                    <TextStyle fontFamily="Times New Roman" fontSize="8.5"/>
                </Word>
                <Word id="w_w2aab1b3b2c31b7ac17" language="English" custom="readingOrder {index:1;}">
                    <Coords points="668,1966 848,1966 848,2004 668,2004"/>
                    <TextEquiv>
                        <Unicode>Fontaine,</Unicode>
                    </TextEquiv>
                    <TextStyle fontFamily="Times New Roman" fontSize="8.5"/>
                </Word>
                <Word id="w_w2aab1b3b2c31b7ac37" language="English" custom="readingOrder {index:2;}">
                    <Coords points="869,1966 899,1966 899,1996 869,1996"/>
                    <TextEquiv>
                        <Unicode>le</Unicode>
                    </TextEquiv>
                    <TextStyle fontFamily="Times New Roman" fontSize="8.5"/>
                </Word>
                <Word id="w_w2aab1b3b2c31b7ac43" language="English" custom="readingOrder {index:3;}">
                    <Coords points="919,1970 1026,1970 1026,1997 919,1997"/>
                    <TextEquiv>
                        <Unicode>comte</Unicode>
                    </TextEquiv>
                    <TextStyle fontFamily="Times New Roman" fontSize="8.5"/>
                </Word>
                <Word id="w_w2aab1b3b2c31b7ac55" language="English" custom="readingOrder {index:4;}">
                    <Coords points="1047,1966 1088,1966 1088,1997 1047,1997"/>
                    <TextEquiv>
                        <Unicode>de</Unicode>
                    </TextEquiv>
                    <TextStyle fontFamily="Times New Roman" fontSize="8.5"/>
                </Word>
                <Word id="w_w2aab1b3b2c31b7ac61" language="English" custom="readingOrder {index:5;}">
                    <Coords points="1105,1965 1247,1965 1247,2003 1105,2003"/>
                    <TextEquiv>
                        <Unicode>Forbin,</Unicode>
                    </TextEquiv>
                    <TextStyle fontFamily="Times New Roman" fontSize="8.5"/>
                </Word>
                <Word id="w_w2aab1b3b2c31b7ac77" language="English" custom="readingOrder {index:6;}">
                    <Coords points="1266,1965 1366,1965 1366,1998 1266,1998"/>
                    <TextEquiv>
                        <Unicode>Galle</Unicode>
                    </TextEquiv>
                    <TextStyle fontFamily="Times New Roman" fontSize="8.5"/>
                </Word>
                <Word id="w_w2aab1b3b2c31b7ac89" language="English" custom="readingOrder {index:7;}">
                    <Coords points="1383,1964 1445,1964 1445,2006 1383,2006"/>
                    <TextEquiv>
                        <Unicode>(1),</Unicode>
                    </TextEquiv>
                    <TextStyle fontFamily="Times New Roman" fontSize="8.5"/>
                </Word>
                <Word id="w_w2aab1b3b2c31b7ac99" language="English" custom="readingOrder {index:8;}">
                    <Coords points="1466,1965 1623,1965 1623,2003 1466,2003"/>
                    <TextEquiv>
                        <Unicode>Garnier,</Unicode>
                    </TextEquiv>
                    <TextStyle fontFamily="Times New Roman" fontSize="8.5"/>
                </Word>
                <TextEquiv>
                    <Unicode>Dupaty, Fontaine, le comte de Forbin, Galle (1), Garnier,</Unicode>
                </TextEquiv>
                <TextStyle fontFamily="Times New Roman" fontSize="8.5"/>
            </TextLine>
            <TextLine id="tl_30" primaryLanguage="English" custom="readingOrder {index:4;}">
                <Coords points="498,2007 1619,2007 1619,2046 498,2046"/>
                <Baseline points="498,2039 676,2042 818,2038 990,2046 1120,2038 1256,2046 1435,2046 1619,2045"/>
                <Word id="w_w2aab1b3b2c31b9ab1" language="English" custom="readingOrder {index:0;}">
                    <Coords points="498,2007 676,2007 676,2042 498,2042"/>
                    <TextEquiv>
                        <Unicode>Gatteaux,</Unicode>
                    </TextEquiv>
                    <TextStyle fontFamily="Times New Roman" fontSize="8.5"/>
                </Word>
                <Word id="w_w2aab1b3b2c31b9ac21" language="English" custom="readingOrder {index:1;}">
                    <Coords points="711,2008 818,2008 818,2038 711,2038"/>
                    <TextEquiv>
                        <Unicode>baron</Unicode>
                    </TextEquiv>
                    <TextStyle fontFamily="Times New Roman" fontSize="8.5"/>
                </Word>
                <Word id="w_w2aab1b3b2c31b9ac33" language="English" custom="readingOrder {index:2;}">
                    <Coords points="848,2007 990,2007 990,2046 848,2046"/>
                    <TextEquiv>
                        <Unicode>Gérard,</Unicode>
                    </TextEquiv>
                    <TextStyle fontFamily="Times New Roman" fontSize="8.5"/>
                </Word>
                <Word id="w_w2aab1b3b2c31b9ac49" language="English" custom="readingOrder {index:3;}">
                    <Coords points="1014,2008 1120,2008 1120,2038 1014,2038"/>
                    <TextEquiv>
                        <Unicode>baron</Unicode>
                    </TextEquiv>
                    <TextStyle fontFamily="Times New Roman" fontSize="8.5"/>
                </Word>
                <Word id="w_w2aab1b3b2c31b9ac61" language="English" custom="readingOrder {index:4;}">
                    <Coords points="1148,2007 1256,2007 1256,2046 1148,2046"/>
                    <TextEquiv>
                        <Unicode>Gros,</Unicode>
                    </TextEquiv>
                    <TextStyle fontFamily="Times New Roman" fontSize="8.5"/>
                </Word>
                <Word id="w_w2aab1b3b2c31b9ac73" language="English" custom="readingOrder {index:5;}">
                    <Coords points="1289,2007 1435,2007 1435,2046 1289,2046"/>
                    <TextEquiv>
                        <Unicode>Guérin,</Unicode>
                    </TextEquiv>
                    <TextStyle fontFamily="Times New Roman" fontSize="8.5"/>
                </Word>
                <Word id="w_w2aab1b3b2c31b9ac89" language="English" custom="readingOrder {index:6;}">
                    <Coords points="1464,2007 1619,2007 1619,2045 1464,2045"/>
                    <TextEquiv>
                        <Unicode>Hersent,</Unicode>
                    </TextEquiv>
                    <TextStyle fontFamily="Times New Roman" fontSize="8.5"/>
                </Word>
                <TextEquiv>
                    <Unicode>Gatteaux, baron Gérard, baron Gros, Guérin, Hersent,</Unicode>
                </TextEquiv>
                <TextStyle fontFamily="Times New Roman" fontSize="8.5"/>
            </TextLine>
            <TextLine id="tl_31" primaryLanguage="English" custom="readingOrder {index:5;}">
                <Coords points="496,2048 1623,2048 1623,2089 496,2089"/>
                <Baseline points="496,2080 633,2088 831,2086 990,2089 1047,2080 1172,2081 1339,2088 1527,2084 1623,2070"/>
                <Word id="w_w2aab1b3b2c31c11ab1" language="English" custom="readingOrder {index:0;}">
                    <Coords points="496,2050 633,2050 633,2089 496,2089"/>
                    <TextEquiv>
                        <Unicode>Ingres,</Unicode>
                    </TextEquiv>
                    <TextStyle fontFamily="Times New Roman" fontSize="8.5"/>
                </Word>
                <Word id="w_w2aab1b3b2c31c11ac17" language="English" custom="readingOrder {index:1;}">
                    <Coords points="664,2048 831,2048 831,2086 664,2086"/>
                    <TextEquiv>
                        <Unicode>Labarre,</Unicode>
                    </TextEquiv>
                    <TextStyle fontFamily="Times New Roman" fontSize="8.5"/>
                </Word>
                <Word id="w_w2aab1b3b2c31c11ac35" language="English" custom="readingOrder {index:2;}">
                    <Coords points="868,2049 990,2049 990,2089 868,2089"/>
                    <TextEquiv>
                        <Unicode>Lebas,</Unicode>
                    </TextEquiv>
                    <TextStyle fontFamily="Times New Roman" fontSize="8.5"/>
                </Word>
                <Word id="w_w2aab1b3b2c31c11ac49" language="English" custom="readingOrder {index:3;}">
                    <Coords points="1016,2049 1047,2049 1047,2080 1016,2080"/>
                    <TextEquiv>
                        <Unicode>le</Unicode>
                    </TextEquiv>
                    <TextStyle fontFamily="Times New Roman" fontSize="8.5"/>
                </Word>
                <Word id="w_w2aab1b3b2c31c11ac55" language="English" custom="readingOrder {index:4;}">
                    <Coords points="1068,2049 1172,2049 1172,2081 1068,2081"/>
                    <TextEquiv>
                        <Unicode>baron</Unicode>
                    </TextEquiv>
                    <TextStyle fontFamily="Times New Roman" fontSize="8.5"/>
                </Word>
                <Word id="w_w2aab1b3b2c31c11ac67" language="English" custom="readingOrder {index:5;}">
                    <Coords points="1198,2049 1339,2049 1339,2088 1198,2088"/>
                    <TextEquiv>
                        <Unicode>Lcmot,</Unicode>
                    </TextEquiv>
                    <TextStyle fontFamily="Times New Roman" fontSize="8.5"/>
                </Word>
                <Word id="w_w2aab1b3b2c31c11ac81" language="English" custom="readingOrder {index:6;}">
                    <Coords points="1365,2048 1527,2048 1527,2084 1365,2084"/>
                    <TextEquiv>
                        <Unicode>Lcsueur,</Unicode>
                    </TextEquiv>
                    <TextStyle fontFamily="Times New Roman" fontSize="8.5"/>
                </Word>
                <Word id="w_w2aab1b3b2c31c11ac99" language="English" custom="readingOrder {index:7;}">
                    <Coords points="1558,2048 1623,2048 1623,2079 1558,2079"/>
                    <TextEquiv>
                        <Unicode>I.e-</Unicode>
                    </TextEquiv>
                    <TextStyle fontFamily="Times New Roman" fontSize="8.5"/>
                </Word>
                <TextEquiv>
                    <Unicode>Ingres, Labarre, Lebas, le baron Lemot, Lesueur, Le¬</Unicode>
                </TextEquiv>
                <TextStyle fontFamily="Times New Roman" fontSize="8.5"/>
            </TextLine>
            <TextLine id="tl_32" primaryLanguage="English" custom="readingOrder {index:6;}">
                <Coords points="496,2089 1619,2089 1619,2130 496,2130"/>
                <Baseline points="496,2122 612,2129 808,2130 972,2126 1148,2129 1286,2126 1400,2121 1472,2120 1619,2126"/>
                <Word id="w_w2aab1b3b2c31c13ab1" language="English" custom="readingOrder {index:0;}">
                    <Coords points="496,2091 612,2091 612,2129 496,2129"/>
                    <TextEquiv>
                        <Unicode>thiers,</Unicode>
                    </TextEquiv>
                    <TextStyle fontFamily="Times New Roman" fontSize="8.5"/>
                </Word>
                <Word id="w_w2aab1b3b2c31c13ac17" language="English" custom="readingOrder {index:1;}">
                    <Coords points="643,2090 808,2090 808,2130 643,2130"/>
                    <TextEquiv>
                        <Unicode>Meynier,</Unicode>
                    </TextEquiv>
                    <TextStyle fontFamily="Times New Roman" fontSize="8.5"/>
                </Word>
                <Word id="w_w2aab1b3b2c31c13ac35" language="English" custom="readingOrder {index:2;}">
                    <Coords points="839,2090 972,2090 972,2126 839,2126"/>
                    <TextEquiv>
                        <Unicode>Petitot,</Unicode>
                    </TextEquiv>
                    <TextStyle fontFamily="Times New Roman" fontSize="8.5"/>
                </Word>
                <Word id="w_w2aab1b3b2c31c13ac53" language="English" custom="readingOrder {index:3;}">
                    <Coords points="1001,2090 1148,2090 1148,2129 1001,2129"/>
                    <TextEquiv>
                        <Unicode>Percier,</Unicode>
                    </TextEquiv>
                    <TextStyle fontFamily="Times New Roman" fontSize="8.5"/>
                </Word>
                <Word id="w_w2aab1b3b2c31c13ac71" language="English" custom="readingOrder {index:4;}">
                    <Coords points="1180,2090 1286,2090 1286,2126 1180,2126"/>
                    <TextEquiv>
                        <Unicode>Picot,</Unicode>
                    </TextEquiv>
                    <TextStyle fontFamily="Times New Roman" fontSize="8.5"/>
                </Word>
                <Word id="w_w2aab1b3b2c31c13ac85" language="English" custom="readingOrder {index:5;}">
                    <Coords points="1312,2090 1400,2090 1400,2127 1312,2127"/>
                    <TextEquiv>
                        <Unicode>Abel</Unicode>
                    </TextEquiv>
                    <TextStyle fontFamily="Times New Roman" fontSize="8.5"/>
                </Word>
                <Word id="w_w2aab1b3b2c31c13ac95" language="English" custom="readingOrder {index:6;}">
                    <Coords points="1432,2090 1472,2090 1472,2120 1432,2120"/>
                    <TextEquiv>
                        <Unicode>de</Unicode>
                    </TextEquiv>
                    <TextStyle fontFamily="Times New Roman" fontSize="8.5"/>
                </Word>
                <Word id="w_w2aab1b3b2c31c13ad101" language="English" custom="readingOrder {index:7;}">
                    <Coords points="1509,2089 1619,2089 1619,2128 1509,2128"/>
                    <TextEquiv>
                        <Unicode>Pujol,</Unicode>
                    </TextEquiv>
                    <TextStyle fontFamily="Times New Roman" fontSize="8.5"/>
                </Word>
                <TextEquiv>
                    <Unicode>thiers, Meynier, Petitot, Percier, Picot, Abel de Pujol,</Unicode>
                </TextEquiv>
                <TextStyle fontFamily="Times New Roman" fontSize="8.5"/>
            </TextLine>
            <TextLine id="tl_33" primaryLanguage="English" custom="readingOrder {index:7;}">
                <Coords points="497,2130 1620,2130 1620,2171 497,2171"/>
                <Baseline points="497,2163 622,2171 719,2163 795,2170 940,2171 1022,2169 1222,2170 1451,2167 1500,2162 1620,2161"/>
                <Word id="w_w2aab1b3b2c31c15ab1" language="English" custom="readingOrder {index:0;}">
                    <Coords points="497,2133 622,2133 622,2171 497,2171"/>
                    <TextEquiv>
                        <Unicode>Ramey</Unicode>
                    </TextEquiv>
                    <TextStyle fontFamily="Times New Roman" fontSize="8.5"/>
                </Word>
                <Word id="w_w2aab1b3b2c31c15ac13" language="English" custom="readingOrder {index:1;}">
                    <Coords points="640,2131 719,2131 719,2170 640,2170"/>
                    <TextEquiv>
                        <Unicode>père</Unicode>
                    </TextEquiv>
                    <TextStyle fontFamily="Times New Roman" fontSize="8.5"/>
                </Word>
                <Word id="w_w2aab1b3b2c31c15ac23" language="English" custom="readingOrder {index:2;}">
                    <Coords points="736,2131 795,2131 795,2171 736,2171"/>
                    <TextEquiv>
                        <Unicode>(1),</Unicode>
                    </TextEquiv>
                    <TextStyle fontFamily="Times New Roman" fontSize="8.5"/>
                </Word>
                <Word id="w_w2aab1b3b2c31c15ac33" language="English" custom="readingOrder {index:3;}">
                    <Coords points="812,2132 940,2132 940,2171 812,2171"/>
                    <TextEquiv>
                        <Unicode>Ramey</Unicode>
                    </TextEquiv>
                    <TextStyle fontFamily="Times New Roman" fontSize="8.5"/>
                </Word>
                <Word id="w_w2aab1b3b2c31c15ac45" language="English" custom="readingOrder {index:4;}">
                    <Coords points="955,2132 1022,2132 1022,2169 955,2169"/>
                    <TextEquiv>
                        <Unicode>fils,</Unicode>
                    </TextEquiv>
                    <TextStyle fontFamily="Times New Roman" fontSize="8.5"/>
                </Word>
                <Word id="w_w2aab1b3b2c31c15ac57" language="English" custom="readingOrder {index:5;}">
                    <Coords points="1042,2130 1222,2130 1222,2171 1042,2171"/>
                    <TextEquiv>
                        <Unicode>Régnault,</Unicode>
                    </TextEquiv>
                    <TextStyle fontFamily="Times New Roman" fontSize="8.5"/>
                </Word>
                <Word id="w_w2aab1b3b2c31c15ac77" language="English" custom="readingOrder {index:6;}">
                    <Coords points="1242,2132 1451,2132 1451,2167 1242,2167"/>
                    <TextEquiv>
                        <Unicode>Richomme,</Unicode>
                    </TextEquiv>
                    <TextStyle fontFamily="Times New Roman" fontSize="8.5"/>
                </Word>
                <Word id="w_w2aab1b3b2c31c15ac97" language="English" custom="readingOrder {index:7;}">
                    <Coords points="1470,2130 1500,2130 1500,2162 1470,2162"/>
                    <TextEquiv>
                        <Unicode>le</Unicode>
                    </TextEquiv>
                    <TextStyle fontFamily="Times New Roman" fontSize="8.5"/>
                </Word>
                <Word id="w_w2aab1b3b2c31c15ad103" language="English" custom="readingOrder {index:8;}">
                    <Coords points="1514,2135 1620,2135 1620,2162 1514,2162"/>
                    <TextEquiv>
                        <Unicode>comte</Unicode>
                    </TextEquiv>
                    <TextStyle fontFamily="Times New Roman" fontSize="8.5"/>
                </Word>
                <TextEquiv>
                    <Unicode>Ramey père (1), Ramey fils, Régnault, Richomme, le comte</Unicode>
                </TextEquiv>
                <TextStyle fontFamily="Times New Roman" fontSize="8.5"/>
            </TextLine>
            <TextLine id="tl_34" primaryLanguage="English" custom="readingOrder {index:8;}">
                <Coords points="494,2171 1617,2171 1617,2212 494,2212"/>
                <Baseline points="494,2205 649,2210 826,2209 949,2204 1101,2210 1302,2212 1347,2204 1472,2203 1617,2202"/>
                <Word id="w_w2aab1b3b2c31c17ab1" language="English" custom="readingOrder {index:0;}">
                    <Coords points="494,2174 649,2174 649,2210 494,2210"/>
                    <TextEquiv>
                        <Unicode>Simeon,</Unicode>
                    </TextEquiv>
                    <TextStyle fontFamily="Times New Roman" fontSize="8.5"/>
                </Word>
                <Word id="w_w2aab1b3b2c31c17ac17" language="English" custom="readingOrder {index:1;}">
                    <Coords points="661,2173 826,2173 826,2209 661,2209"/>
                    <TextEquiv>
                        <Unicode>Tardieu,</Unicode>
                    </TextEquiv>
                    <TextStyle fontFamily="Times New Roman" fontSize="8.5"/>
                </Word>
                <Word id="w_w2aab1b3b2c31c17ac35" language="English" custom="readingOrder {index:2;}">
                    <Coords points="844,2174 949,2174 949,2204 844,2204"/>
                    <TextEquiv>
                        <Unicode>baron</Unicode>
                    </TextEquiv>
                    <TextStyle fontFamily="Times New Roman" fontSize="8.5"/>
                </Word>
                <Word id="w_w2aab1b3b2c31c17ac47" language="English" custom="readingOrder {index:3;}">
                    <Coords points="969,2173 1101,2173 1101,2212 969,2212"/>
                    <TextEquiv>
                        <Unicode>Taylor,</Unicode>
                    </TextEquiv>
                    <TextStyle fontFamily="Times New Roman" fontSize="8.5"/>
                </Word>
                <Word id="w_w2aab1b3b2c31c17ac63" language="English" custom="readingOrder {index:4;}">
                    <Coords points="1114,2173 1302,2173 1302,2212 1114,2212"/>
                    <TextEquiv>
                        <Unicode>Thevenin,</Unicode>
                    </TextEquiv>
                    <TextStyle fontFamily="Times New Roman" fontSize="8.5"/>
                </Word>
                <Word id="w_w2aab1b3b2c31c17ac83" language="English" custom="readingOrder {index:5;}">
                    <Coords points="1317,2173 1347,2173 1347,2204 1317,2204"/>
                    <TextEquiv>
                        <Unicode>le</Unicode>
                    </TextEquiv>
                    <TextStyle fontFamily="Times New Roman" fontSize="8.5"/>
                </Word>
                <Word id="w_w2aab1b3b2c31c17ac89" language="English" custom="readingOrder {index:6;}">
                    <Coords points="1365,2176 1472,2176 1472,2204 1365,2204"/>
                    <TextEquiv>
                        <Unicode>comte</Unicode>
                    </TextEquiv>
                    <TextStyle fontFamily="Times New Roman" fontSize="8.5"/>
                </Word>
                <Word id="w_w2aab1b3b2c31c17ad101" language="English" custom="readingOrder {index:7;}">
                    <Coords points="1485,2171 1617,2171 1617,2211 1485,2211"/>
                    <TextEquiv>
                        <Unicode>Turpin</Unicode>
                    </TextEquiv>
                    <TextStyle fontFamily="Times New Roman" fontSize="8.5"/>
                </Word>
                <TextEquiv>
                    <Unicode>Siméon, Tardieu, baron Taylor, Thevenin, le comte Turpin</Unicode>
                </TextEquiv>
                <TextStyle fontFamily="Times New Roman" fontSize="8.5"/>
            </TextLine>
            <TextLine id="tl_35" primaryLanguage="English" custom="readingOrder {index:9;}">
                <Coords points="494,2213 1266,2213 1266,2252 494,2252"/>
                <Baseline points="494,2245 534,2247 677,2252 797,2245 953,2245 1107,2245 1266,2246"/>
                <Word id="w_w2aab1b3b2c31c19ab1" language="English" custom="readingOrder {index:0;}">
                    <Coords points="494,2216 534,2216 534,2247 494,2247"/>
                    <TextEquiv>
                        <Unicode>de</Unicode>
                    </TextEquiv>
                    <TextStyle fontFamily="Times New Roman" fontSize="8.5"/>
                </Word>
                <Word id="w_w2aab1b3b2c31c19ab7" language="English" custom="readingOrder {index:1;}">
                    <Coords points="554,2214 677,2214 677,2252 554,2252"/>
                    <TextEquiv>
                        <Unicode>Crissé,</Unicode>
                    </TextEquiv>
                    <TextStyle fontFamily="Times New Roman" fontSize="8.5"/>
                </Word>
                <Word id="w_w2aab1b3b2c31c19ac23" language="English" custom="readingOrder {index:2;}">
                    <Coords points="698,2215 797,2215 797,2247 698,2247"/>
                    <TextEquiv>
                        <Unicode>Carie</Unicode>
                    </TextEquiv>
                    <TextStyle fontFamily="Times New Roman" fontSize="8.5"/>
                </Word>
                <Word id="w_w2aab1b3b2c31c19ac35" language="English" custom="readingOrder {index:3;}">
                    <Coords points="816,2214 953,2214 953,2246 816,2246"/>
                    <TextEquiv>
                        <Unicode>Verne'..</Unicode>
                    </TextEquiv>
                    <TextStyle fontFamily="Times New Roman" fontSize="8.5"/>
                </Word>
                <Word id="w_w2aab1b3b2c31c19ac53" language="English" custom="readingOrder {index:4;}">
                    <Coords points="972,2213 1107,2213 1107,2245 972,2245"/>
                    <TextEquiv>
                        <Unicode>Horace</Unicode>
                    </TextEquiv>
                    <TextStyle fontFamily="Times New Roman" fontSize="8.5"/>
                </Word>
                <Word id="w_w2aab1b3b2c31c19ac67" language="English" custom="readingOrder {index:5;}">
                    <Coords points="1124,2213 1266,2213 1266,2246 1124,2246"/>
                    <TextEquiv>
                        <Unicode>Ycrnet.</Unicode>
                    </TextEquiv>
                    <TextStyle fontFamily="Times New Roman" fontSize="8.5"/>
                </Word>
                <TextEquiv>
                    <Unicode>de Crissé, Carie Vernet, Horace Vernet.</Unicode>
                </TextEquiv>
                <TextStyle fontFamily="Times New Roman" fontSize="8.5"/>
            </TextLine>
            <TextEquiv>
                <Unicode>Auber, Berton, Bidault (1), Blondel, Boïeldieu, le baron
Bosio, Catel, le comte de Chabrol-Volvic, Cartellier, Chéru¬
bini, David d'Angers, le baron Desnoyers (1), Drolling,
Dupaty, Fontaine, le comte de Forbin, Galle (1), Garnier,
Gatteaux, baron Gérard, baron Gros, Guérin, Hersent,
Ingres, Labarre, Lebas, le baron Lemot, Lesueur, Le¬
thiers, Meynier, Petitot, Percier, Picot, Abel de Pujol,
Ramey père (1), Ramey fils, Régnault, Richomme, le comte
Siméon, Tardieu, baron Taylor, Thevenin, le comte Turpin
de Crissé, Carie Vernet, Horace Vernet.</Unicode>
            </TextEquiv>
        </TextRegion>
        <TextRegion type="paragraph" id="r_2_17" custom="readingOrder {index:19;}">
            <Coords points="609,2283 896,2283 896,2320 609,2320"/>
            <TextLine id="tl_36" primaryLanguage="English" custom="readingOrder {index:0;}">
                <Coords points="610,2284 895,2284 895,2319 610,2319"/>
                <Baseline points="610,2319 738,2319 895,2318"/>
                <Word id="w_w2aab1b3b2c33b1ab1" language="English" custom="readingOrder {index:0;}">
                    <Coords points="610,2284 738,2284 738,2319 610,2319"/>
                    <TextEquiv>
                        <Unicode>Divers</Unicode>
                    </TextEquiv>
                    <TextStyle fontFamily="Times New Roman" fontSize="8.5" bold="true"/>
                </Word>
                <Word id="w_w2aab1b3b2c33b1ac15" language="English" custom="readingOrder {index:1;}">
                    <Coords points="752,2285 895,2285 895,2319 752,2319"/>
                    <TextEquiv>
                        <Unicode>artiste»</Unicode>
                    </TextEquiv>
                    <TextStyle fontFamily="Times New Roman" fontSize="8.5" bold="true"/>
                </Word>
                <TextEquiv>
                    <Unicode>Divers artistes</Unicode>
                </TextEquiv>
                <TextStyle fontFamily="Times New Roman" fontSize="8.5" bold="true"/>
            </TextLine>
            <TextEquiv>
                <Unicode>Divers artistes</Unicode>
            </TextEquiv>
        </TextRegion>
        <TextRegion type="paragraph" id="r_2_18" custom="readingOrder {index:20;}">
            <Coords points="493,2342 1616,2342 1616,2427 493,2427"/>
            <TextLine id="tl_37" primaryLanguage="English" custom="readingOrder {index:0;}">
                <Coords points="536,2343 1615,2343 1615,2382 536,2382"/>
                <Baseline points="536,2376 573,2376 599,2367 796,2380 975,2382 1129,2381 1225,2382 1417,2379 1615,2379"/>
                <Word id="w_w2aab1b3b2c35b1ab1" language="English" custom="readingOrder {index:0;}">
                    <Coords points="536,2345 573,2345 573,2376 536,2376"/>
                    <TextEquiv>
                        <Unicode>M</Unicode>
                    </TextEquiv>
                    <TextStyle fontFamily="Times New Roman" fontSize="8.5"/>
                </Word>
                <Word id="w_w2aab1b3b2c35b1b1b1" language="English" custom="readingOrder {index:1;}">
                    <Coords points="578,2351 616,2351 616,2367 578,2367"/>
                    <TextEquiv>
                        <Unicode>me</Unicode>
                    </TextEquiv>
                    <TextStyle fontFamily="Times New Roman" fontSize="8.5" superscript="true"/>
                </Word>
                <Word id="w_w2aab1b3b2c35b1b2b3" language="English" custom="readingOrder {index:2;}">
                    <Coords points="630,2344 796,2344 796,2380 630,2380"/>
                    <TextEquiv>
                        <Unicode>Ancelot;</Unicode>
                    </TextEquiv>
                    <TextStyle fontFamily="Times New Roman" fontSize="8.5"/>
                </Word>
                <Word id="w_w2aab1b3b2c35b1b2c21" language="English" custom="readingOrder {index:3;}">
                    <Coords points="809,2344 975,2344 975,2382 809,2382"/>
                    <TextEquiv>
                        <Unicode>Ansiaux,</Unicode>
                    </TextEquiv>
                    <TextStyle fontFamily="Times New Roman" fontSize="8.5"/>
                </Word>
                <Word id="w_w2aab1b3b2c35b1b2c39" language="English" custom="readingOrder {index:4;}">
                    <Coords points="990,2344 1129,2344 1129,2382 990,2382"/>
                    <TextEquiv>
                        <Unicode>peintre;</Unicode>
                    </TextEquiv>
                    <TextStyle fontFamily="Times New Roman" fontSize="8.5"/>
                </Word>
                <Word id="w_w2aab1b3b2c35b1b2c57" language="English" custom="readingOrder {index:5;}">
                    <Coords points="1148,2345 1225,2345 1225,2382 1148,2382"/>
                    <TextEquiv>
                        <Unicode>Bra,</Unicode>
                    </TextEquiv>
                    <TextStyle fontFamily="Times New Roman" fontSize="8.5"/>
                </Word>
                <Word id="w_w2aab1b3b2c35b1b2c67" language="English" custom="readingOrder {index:6;}">
                    <Coords points="1240,2344 1417,2344 1417,2379 1240,2379"/>
                    <TextEquiv>
                        <Unicode>statuaire;</Unicode>
                    </TextEquiv>
                    <TextStyle fontFamily="Times New Roman" fontSize="8.5"/>
                </Word>
                <Word id="w_w2aab1b3b2c35b1b2c89" language="English" custom="readingOrder {index:7;}">
                    <Coords points="1434,2343 1615,2343 1615,2382 1434,2382"/>
                    <TextEquiv>
                        <Unicode>Dagucrre,</Unicode>
                    </TextEquiv>
                    <TextStyle fontFamily="Times New Roman" fontSize="8.5"/>
                </Word>
                <TextEquiv>
                    <Unicode>Mme Ancelot; Ansiaux, peintre; Bra, statuaire; Daguerre,</Unicode>
                </TextEquiv>
            </TextLine>
            <TextLine id="tl_38" primaryLanguage="English" custom="readingOrder {index:1;}">
                <Coords points="494,2384 1615,2384 1615,2426 494,2426"/>
                <Baseline points="494,2426 646,2425 789,2425 908,2424 1124,2423 1183,2418 1208,2407 1424,2423 1615,2420"/>
                <Word id="w_w2aab1b3b2c35b3ab1" language="English" custom="readingOrder {index:0;}">
                    <Coords points="494,2387 646,2387 646,2426 494,2426"/>
                    <TextEquiv>
                        <Unicode>peintre;</Unicode>
                    </TextEquiv>
                    <TextStyle fontFamily="Times New Roman" fontSize="8.5"/>
                </Word>
                <Word id="w_w2aab1b3b2c35b3ac19" language="English" custom="readingOrder {index:1;}">
                    <Coords points="672,2386 789,2386 789,2425 672,2425"/>
                    <TextEquiv>
                        <Unicode>Debay</Unicode>
                    </TextEquiv>
                    <TextStyle fontFamily="Times New Roman" fontSize="8.5"/>
                </Word>
                <Word id="w_w2aab1b3b2c35b3ac31" language="English" custom="readingOrder {index:2;}">
                    <Coords points="819,2386 908,2386 908,2425 819,2425"/>
                    <TextEquiv>
                        <Unicode>père,</Unicode>
                    </TextEquiv>
                    <TextStyle fontFamily="Times New Roman" fontSize="8.5"/>
                </Word>
                <Word id="w_w2aab1b3b2c35b3ac43" language="English" custom="readingOrder {index:3;}">
                    <Coords points="942,2387 1124,2387 1124,2423 942,2423"/>
                    <TextEquiv>
                        <Unicode>statuaire;</Unicode>
                    </TextEquiv>
                    <TextStyle fontFamily="Times New Roman" fontSize="8.5"/>
                </Word>
                <Word id="w_w2aab1b3b2c35b3ac65" language="English" custom="readingOrder {index:4;}">
                    <Coords points="1148,2386 1183,2386 1183,2418 1148,2418"/>
                    <TextEquiv>
                        <Unicode>M</Unicode>
                    </TextEquiv>
                    <TextStyle fontFamily="Times New Roman" fontSize="8.5"/>
                </Word>
                <Word id="w_w2aab1b3b2c35b3b1b1" language="English" custom="readingOrder {index:5;}">
                    <Coords points="1187,2391 1226,2391 1226,2408 1187,2408"/>
                    <TextEquiv>
                        <Unicode>mc</Unicode>
                    </TextEquiv>
                    <TextStyle fontFamily="Times New Roman" fontSize="8.5" superscript="true"/>
                </Word>
                <Word id="w_w2aab1b3b2c35b3b2b3" language="English" custom="readingOrder {index:6;}">
                    <Coords points="1266,2385 1424,2385 1424,2423 1266,2423"/>
                    <TextEquiv>
                        <Unicode>Hersent,</Unicode>
                    </TextEquiv>
                    <TextStyle fontFamily="Times New Roman" fontSize="8.5"/>
                </Word>
                <Word id="w_w2aab1b3b2c35b3b2c21" language="English" custom="readingOrder {index:7;}">
                    <Coords points="1459,2384 1615,2384 1615,2423 1459,2423"/>
                    <TextEquiv>
                        <Unicode>peintre;</Unicode>
                    </TextEquiv>
                    <TextStyle fontFamily="Times New Roman" fontSize="8.5"/>
                </Word>
                <TextEquiv>
                    <Unicode>peintre; Debay père, statuaire; Mme Hersent, peintre;</Unicode>
                </TextEquiv>
            </TextLine>
            <TextEquiv>
                <Unicode>Mme Ancelot; Ansiaux, peintre; Bra, statuaire; Daguerre,
peintre; Debay père, statuaire; Mme Hersent, peintre;</Unicode>
            </TextEquiv>
        </TextRegion>
        <TextRegion type="paragraph" id="r_3_1" custom="readingOrder {index:21;}">
            <Coords points="405,2494 725,2494 725,2531 405,2531"/>
            <TextLine id="tl_39" primaryLanguage="English" custom="readingOrder {index:0;}">
                <Coords points="406,2495 724,2495 724,2530 406,2530"/>
                <Baseline points="406,2528 440,2530 552,2524 724,2523"/>
                <Word id="w_w2aab1b5b2b1b1ab1" language="English" custom="readingOrder {index:0;}">
                    <Coords points="406,2497 440,2497 440,2530 406,2530"/>
                    <TextEquiv>
                        <Unicode>(1)</Unicode>
                    </TextEquiv>
                    <TextStyle fontFamily="Times New Roman" fontSize="7.0" bold="true"/>
                </Word>
                <Word id="w_w2aab1b5b2b1b1ab9" language="English" custom="readingOrder {index:1;}">
                    <Coords points="468,2495 552,2495 552,2524 468,2524"/>
                    <TextEquiv>
                        <Unicode>Deux</Unicode>
                    </TextEquiv>
                    <TextStyle fontFamily="Times New Roman" fontSize="7.0" bold="true"/>
                </Word>
                <Word id="w_w2aab1b5b2b1b1ac19" language="English" custom="readingOrder {index:2;}">
                    <Coords points="567,2496 724,2496 724,2530 567,2530"/>
                    <TextEquiv>
                        <Unicode>portraits.</Unicode>
                    </TextEquiv>
                    <TextStyle fontFamily="Times New Roman" fontSize="7.0" bold="true"/>
                </Word>
                <TextEquiv>
                    <Unicode>(1) Deux portraits.</Unicode>
                </TextEquiv>
                <TextStyle fontFamily="Times New Roman" fontSize="7.0" bold="true"/>
            </TextLine>
            <TextEquiv>
                <Unicode>(1) Deux portraits.</Unicode>
            </TextEquiv>
        </TextRegion>
        <SeparatorRegion id="r_5" custom="readingOrder {index:22;}">
            <Coords points="370,2452 1617,2452 1617,2463 370,2463"/>
        </SeparatorRegion>
    </Page>
</PcGts>
