1563 2700
799 185 815 247 (
853 185 911 231 26
949 187 967 247 )

361 279 392 316 6
399 291 419 316 e
431 278 620 328 tableau,
638 281 755 331 peint
772 293 822 318 en
844 280 965 333 1784,
985 290 1042 318 est
1063 279 1098 317 la
1111 280 1332 332 répétition
1348 279 1444 317 d’un

303 346 397 399 plus
416 347 560 400 grand.
583 349 638 385 Le
660 350 821 400 peintre
843 363 865 386 a
885 347 959 387 fait
982 348 1085 387 dans
1110 348 1279 387 celui-ci
1303 347 1444 386 d'heu¬

302 430 401 454 reux
420 416 727 470 changements.

395 639 658 677 DEMARNE
677 640 989 690 (Jean-Louis),
1013 640 1064 677 né
1082 640 1102 677 à
1123 639 1346 678 Bruxelles.

302 719 359 765 23
369 757 376 764 .
422 721 484 765 De
515 719 692 784 départ
724 737 855 784 pour
884 737 980 766 une
1009 737 1135 766 noce
1160 719 1220 765 de
1245 719 1437 783 village.

462 833 544 870 Des
570 831 778 880 hommes,
807 832 877 870 des
892 831 1086 880 femmes,
1113 841 1152 870 et
1171 831 1242 870 des
1258 831 1440 881 enfants,

406 904 569 939 montés
596 915 665 939 sur
692 915 775 939 une
802 902 962 939 voiture
994 901 1015 938 à
1045 910 1192 953 quatre
1227 900 1438 949 chevaux,

406 980 572 1021 partent
586 984 694 1022 pour
713 970 750 1007 la
766 983 872 1008 noce
884 985 892 993 •
911 984 966 1007 un
984 969 1208 1008 ménétrier
1224 968 1293 1007 fait
1307 971 1439 1021 partie

406 1038 457 1076 de
476 1052 523 1077 ce
536 1040 688 1091 joyeux
707 1040 924 1091 équipage.
944 1040 1034 1077 Une
1052 1037 1205 1076 femme
1223 1039 1294 1091 qui
1311 1037 1438 1090 garde

405 1121 467 1145 ses
488 1106 675 1146 bestiaux
697 1106 868 1160 indique
889 1108 910 1145 à
929 1120 995 1145 ces
1016 1120 1242 1159 voyageurs
1259 1108 1298 1144 la
1319 1117 1438 1145 route

409 1175 527 1226 qu'ils
546 1175 712 1213 doivent
731 1176 879 1215 suivie.

462 1245 577 1282 Cette
595 1244 717 1281 scène
731 1257 773 1282 se
790 1258 906 1296 passe
924 1258 973 1281 au
992 1244 1106 1282 soleil
1123 1244 1280 1292 levant,
1299 1258 1367 1282 sur
1381 1259 1438 1282 un

406 1312 574 1352 chemin
591 1327 643 1350 au
657 1312 763 1351 hord
778 1312 901 1350 d’une
920 1312 1036 1361 haie,
1056 1313 1158 1350 dans
1173 1326 1256 1351 une
1270 1327 1440 1365 campa¬

404 1395 484 1433 gne
502 1383 757 1433 pittoresque
775 1381 826 1418 de
846 1380 1227 1426 Franche-Comté,
1256 1380 1441 1419 enrichie

409 1450 594 1488 d’arbres
614 1460 653 1487 et
673 1449 723 1487 de
749 1460 1017 1501 montagnes,
1044 1449 1144 1488 dont
1173 1450 1377 1502 plusieurs
1399 1463 1441 1488 se

410 1518 629 1557 détachent
648 1533 717 1556 sur
737 1518 955 1556 l’horizon.

300 1790 599 1838 DROLLIiSG,
623 1789 673 1825 né
704 1789 724 1825 à
750 1788 887 1836 Paris,
909 1789 1057 1825 ancien
1076 1789 1368 1840 pensionnaire
1388 1788 1439 1826 de

693 1857 855 1897 France
876 1857 897 1893 à
920 1857 1058 1895 Rome.

305 1973 378 2032 24.
419 1971 621 2037 Orphée
647 1971 865 2035 perdant
903 1970 1166 2035 Eurydice.

300 2096 454 2137 Presque
471 2104 538 2123 aux
553 2099 675 2136 portes
694 2087 741 2123 du
755 2093 860 2136 jour,
876 2089 1037 2132 trouble,
1054 2089 1140 2124 hors
1156 2090 1199 2123 de
1214 2091 1411 2135 lui-même,

298 2156 326 2188 Il
343 2154 503 2195 s’arrête,
518 2152 541 2184 il
557 2165 593 2185 se
608 2161 757 2194 tourne,
771 2152 794 2183 il
811 2152 922 2184 revoit
938 2164 976 2184 ce
993 2151 1075 2197 qu’il
1092 2154 1192 2185 aime.

298 2219 381 2253 C’en
396 2226 448 2251 est
463 2216 546 2259 fait,
560 2228 607 2248 un
624 2214 834 2260 ooup-d’œil
850 2227 868 2247 a
885 2213 1016 2247 détruit
1032 2228 1095 2248 son
1112 2215 1287 2249 bonheur.
