1939 3117
965 549 1011 556 —
1044 530 1094 567 14

943 647 1179 705 DANIEL,

968 748 1154 806 Statuaire,

689 844 863 885 Membre
886 847 931 887 de
957 848 999 888 la
1019 848 1171 901 Légion
1194 849 1428 899 d’honneur,

829 933 875 964 47,
895 944 942 961 rue
957 936 1001 962 des
1017 936 1185 970 Tournelles,
1204 939 1286 966 Paris.

547 1017 610 1055 90.
642 1015 761 1057 Buste
783 1029 831 1058 en
850 1019 1001 1061 marbre
1019 1020 1067 1061 de
1085 1019 1139 1062 M.
1162 1021 1337 1069 Mollien,
1364 1029 1491 1065 comte
1510 1025 1559 1066 de

706 1087 904 1143 l’Empire,
936 1090 1217 1133 Grand’-Croix
1253 1093 1302 1134 de
1339 1093 1378 1134 la
1414 1094 1561 1149 Légion

705 1158 937 1211 d’honneur,
961 1162 1242 1205 Grand’-Croix
1279 1164 1327 1205 de
1347 1165 1490 1207 l’ordre
1513 1167 1563 1208 de

707 1228 941 1281 l’Eléphant,
968 1231 1016 1273 de
1032 1233 1316 1281 Dannemarck,
1344 1241 1422 1275 etc.

629 1317 873 1359 Commandé
909 1333 991 1372 par
1036 1321 1078 1360 la
1119 1322 1214 1362 ville
1254 1323 1298 1363 de
1333 1324 1482 1366 Rouen.

575 1423 815 1456 Nicolas-François
836 1426 953 1457 Mollien,
970 1428 1002 1452 né
1017 1428 1032 1453 à
1045 1428 1145 1460 Rouen,
1161 1430 1184 1455 le
1196 1431 1231 1457 28
1259 1430 1355 1456 février
1384 1431 1463 1462 1738,
1494 1434 1557 1459 était

540 1473 580 1499 fils
595 1475 612 1499 d
624 1484 659 1501 un
670 1477 815 1504 honorable
824 1479 953 1505 fabricant
961 1480 992 1506 de
1008 1485 1073 1506 cette
1088 1481 1161 1508 ville.
1176 1483 1198 1509 Il
1215 1483 1243 1508 fit
1258 1485 1272 1508 à
1285 1484 1358 1509 Paris
1373 1484 1404 1509 de
1417 1484 1556 1511 brillantes

541 1533 639 1563 études,
670 1538 695 1559 et
720 1537 791 1559 entra
807 1535 949 1569 très-jeune
969 1536 1032 1561 dans
1057 1537 1287 1564 l’administration
1302 1539 1346 1564 des
1362 1537 1484 1566 finances.
1503 1542 1551 1567 Des

536 1588 645 1611 travaux
659 1586 813 1620 importants
830 1588 867 1613 lui
882 1588 969 1613 furent
987 1594 1180 1622 promptement
1195 1591 1300 1623 confiés,
1328 1597 1363 1622 et,
1378 1593 1423 1618 dès
1439 1592 1507 1626 l’àge
1519 1595 1550 1619 de

534 1638 714 1673 vingt-quatre
741 1649 797 1671 ans,
822 1642 857 1668 ils
884 1642 922 1668 lui
954 1644 1058 1669 avaient
1086 1643 1156 1675 valu,
1183 1645 1217 1670 du
1246 1645 1285 1671 roi
1311 1646 1392 1671 Louis
1408 1645 1477 1677 XVI,
1498 1655 1549 1673 une

533 1692 643 1723 pension
658 1693 689 1719 de
704 1694 777 1720 mille
791 1696 864 1722 écus.

568 1762 605 1787 La
619 1764 762 1789 révolution
780 1764 883 1791 l’écarta
897 1766 939 1791 des
955 1765 1066 1795 affaires,
1083 1767 1250 1800 emprisonné
1265 1768 1280 1792 à
1295 1768 1369 1793 Paris
1386 1769 1501 1801 pendant
1519 1770 1545 1794 la

532 1820 640 1847 terreur,
657 1816 676 1842 il
692 1824 724 1842 ne
739 1815 778 1842 fut
793 1819 871 1844 sauvé
886 1827 937 1852 que
952 1827 998 1852 par
1015 1819 1039 1845 le
1054 1818 1072 1844 9
1087 1819 1245 1847 thermidor.

563 1888 660 1913 Rentré
672 1888 737 1913 dans
753 1887 982 1914 l’administration
998 1897 1029 1915 en
1046 1888 1125 1920 1800,
1145 1890 1164 1915 il
1180 1891 1220 1916 fut
1238 1892 1351 1921 nommé,
1380 1899 1427 1923 par
1443 1892 1467 1917 le
1481 1893 1542 1918 Pre¬

534 1941 601 1966 mier
615 1940 725 1969 Consul,
743 1941 871 1967 directeur
886 1942 918 1967 de
943 1942 968 1967 la
993 1941 1072 1967 «aisse
1091 1943 1325 1969 d’amortissement
1333 1953 1340 1974 ;
1360 1952 1399 1969 ses
1419 1944 1543 1970 relations

529 1994 679 2027 fréquentes
695 2002 755 2019 avec
781 1994 806 2019 le
833 1995 893 2020 chef
918 1995 949 2020 de
977 1995 1071 2024 l’Etat,
1100 1995 1140 2021 lui
1163 1997 1313 2022 méritèrent
1330 1997 1362 2022 de
1375 2005 1402 2022 sa
1419 2004 1478 2030 part
1491 2006 1542 2024 une

523 2047 655 2072 confiance
683 2051 708 2072 et
734 2055 786 2072 une
813 2048 905 2073 estime
920 2049 985 2073 dont
1014 2048 1033 2075 il
1049 2049 1180 2075 recueillit
1209 2049 1308 2075 bientôt
1326 2050 1370 2075 des
1386 2058 1504 2082 preuves,
1521 2051 1540 2075 il

524 2105 594 2132 reçut
609 2100 633 2126 le
649 2101 708 2125 titre
727 2099 759 2125 de
771 2104 853 2128 comte
872 2106 896 2127 et
908 2101 996 2127 devint
1012 2102 1149 2129 conseiller
1166 2104 1263 2130 d'Etat.

558 2173 597 2198 En
609 2172 712 2206 janvier
720 2170 799 2202 1806,
817 2171 981 2205 l’Empereur
997 2172 1021 2197 le
1034 2180 1137 2199 nomma
1153 2173 1269 2199 ministre
1284 2175 1318 2199 du
1335 2176 1418 2200 trésor
1435 2176 1535 2208 public;

521 2223 540 2249 il
557 2232 653 2257 occupa
668 2232 708 2250 ces
724 2224 815 2253 hautes
831 2225 958 2250 fonctions
966 2221 1093 2258 jusqu’en
1111 2225 1189 2256 1814,
1206 2230 1230 2252 et
1243 2226 1279 2252 les
1293 2227 1378 2260 reprit
1389 2229 1403 2252 è
1414 2228 1535 2262 l’époque

521 2277 565 2301 des
580 2279 639 2300 cent
651 2275 733 2308 jours.
761 2275 881 2300 Pendant
894 2283 939 2300 son
955 2276 1179 2306 administration,
1205 2277 1223 2302 il
1239 2279 1296 2303 créa
1313 2283 1370 2303 tout
1389 2279 1412 2304 le
1426 2282 1535 2311 système

518 2331 550 2356 de
565 2329 742 2363 comptabilisé
758 2329 803 2363 qui
830 2330 897 2363 régit
915 2338 1007 2355 encore
1017 2338 1063 2356 nos
1072 2330 1193 2361 finances,
1220 2335 1244 2357 et
1260 2333 1306 2364 qui
1324 2340 1390 2358 nous
1407 2339 1445 2358 est
1457 2336 1533 2361 envié

515 2384 546 2409 de
558 2388 629 2409 toute
642 2382 775 2417 l’Eurdpe.
791 2383 909 2410 Ministre
926 2384 1023 2414 habile,
1042 2384 1060 2409 il
1074 2385 1176 2419 dirigea
1186 2386 1210 2410 la
1229 2386 1332 2412 fortune
1348 2387 1380 2412 de
1394 2388 1418 2412 la
1433 2388 1532 2416 France

517 2445 577 2464 avec
604 2437 628 2461 la
653 2436 713 2469 plus
730 2436 808 2463 haute
828 2437 966 2470 intégrité.
