1749 2481
776 391 807 396 —
823 383 857 407 40
872 389 904 395 —

562 465 612 500 La
627 465 785 500 Liseuse.

589 549 670 583 Signé
686 549 701 574 à
712 547 800 574 droite
813 556 820 573 :
839 547 869 572 G.
887 545 1013 572 Courbet.

590 591 659 616 Sans
674 589 746 615 date.

866 641 898 669 T.
913 655 942 661 —
956 641 989 667 II.
1008 638 1084 666 o.Go.
1102 638 1134 665 L.
1150 647 1227 672 0.70.

589 720 754 755 Appartient
769 719 784 745 à
801 719 835 744 M.
848 719 896 744 Ad.
916 717 1074 751 Reitlingcr.

563 876 711 909 Femme
729 871 923 908 endormie.

590 962 658 987 Sans
672 960 815 993 signature
830 958 855 983 ni
872 958 939 984 date.
956 978 960 981 .

872 1039 904 1064 T.
917 1053 947 1058 —
959 1038 990 1064 H.
1009 1036 1085 1070 o.64.
1104 1036 1135 1062 L.
1153 1045 1181 1062 o.

563 1187 710 1221 Femme
732 1196 800 1219 nue
820 1181 1010 1218 endormie.

590 1267 673 1302 Signé
685 1275 702 1293 :>
716 1266 835 1300 gauche:
853 1284 874 1291 ..
881 1264 914 1291 58
919 1283 925 1290 .
939 1265 1059 1290 Gustave
1073 1261 1201 1288 Courbet.

870 1322 903 1348 T.
918 1336 947 1341 —
960 1321 992 1347 H.
1010 1327 1037 1347 o.
1045 1319 1057 1345 5
1061 1327 1085 1346 o.
1103 1318 1133 1345 L.
1153 1323 1228 1344 0.(0.

590 1392 752 1426 Appartient
766 1391 781 1416 à
795 1391 829 1417 M.
845 1388 1060 1416 Bischoffshcim.

563 1557 614 1591 La
649 1555 825 1598 Sorcière,
865 1553 963 1599 copie
996 1551 1135 1597 d’après
1180 1549 1291 1586 Franz

615 1615 717 1650 Hais.

592 1700 674 1735 Signé
691 1700 706 1725 à
721 1699 847 1733 gauche:
870 1697 939 1732 ..Gij.
955 1698 987 1723 G.
1005 1696 1134 1723 Courbet.

589 1742 613 1767 A
635 1741 734 1771 droite,
759 1740 792 1765 de
814 1740 837 1765 la
864 1739 937 1764 main
959 1738 994 1763 du
1022 1736 1138 1770 peintre,
1159 1735 1184 1761 le
1197 1741 1292 1759 mono¬

561 1789 684 1815 gramme
699 1782 733 1806 de
746 1780 833 1807 Franz
846 1779 919 1809 Hais,
935 1785 996 1804 avec
1003 1778 1028 1804 la
1043 1777 1105 1802 date
1119 1775 1198 1808 1643,
1206 1780 1232 1801 et
1243 1781 1291 1800 au-

576 1824 691 1849 dessous
711 1830 718 1847 :
735 1820 977 1855 Aix-la-Chapelle.

592 1879 668 1904 Cette
683 1877 762 1911 copie
780 1884 794 1901 a
810 1876 850 1903 été
867 1875 930 1901 faite
946 1874 1053 1907 d’après
1070 1873 1095 1898 le
1111 1872 1222 1898 tableau
1236 1870 1291 1896 ori¬

561 1919 634 1952 ginal
648 1918 696 1952 qui
715 1917 805 1943 faisait
822 1916 907 1950 partie
916 1916 948 1941 de
957 1916 982 1941 la
997 1913 1098 1948 galerie
1107 1911 1286 1938 Suermondt.

865 1984 897 2009 T.
912 1997 942 2003 —
960 1983 993 2009 H.
1012 1990 1038 2008 o.
1045 1981 1077 2008 85
1081 2000 1087 2007 .
1106 1980 1133 2007 L.
1151 1978 1228 2015 o.Gy.
