1981 3117
763 525 807 534 -
842 506 892 544 15
922 525 967 532 -

393 631 501 656 Nammé
517 630 573 663 pair
589 637 620 655 en
643 627 720 658 1819,
748 627 767 653 il
787 631 895 661 apporta
915 626 979 651 dans
1004 625 1041 651 les
1071 629 1180 651 travaux
1197 625 1337 658 législatifs
1352 627 1376 651 le

357 691 461 709 secours
477 683 499 708 si
512 682 630 716 apprécié
642 682 674 707 de
687 689 726 706 ses
741 680 866 705 lumières
879 683 904 704 et
918 679 949 704 de
963 687 991 704 sa
1008 679 1106 711 longue
1120 679 1283 711 expérience.

393 753 416 779 Il
431 758 538 779 mourut
552 754 566 778 à
579 752 664 781 Paris,
692 751 756 777 dans
774 758 800 776 sa
822 750 933 781 maison,
951 749 975 775 le
990 750 1025 776 20
1041 748 1108 774 avril
1128 748 1207 780 1880,
1225 751 1239 774 à
1255 750 1326 783 l’âge
1345 751 1376 776 de

361 804 639 840 quatre-vingt-douze
655 811 711 834 ans,
728 803 792 828 dans
807 803 842 828 les
859 803 919 827 bras
936 802 967 828 de
983 809 1011 827 sa
1026 801 1123 829 femme
1142 806 1166 827 et
1183 804 1291 828 entouré
1303 804 1334 828 de
1349 811 1377 827 sa

360 859 474 885 famille.

832 898 894 950 —
583 992 766 1056 DAVID
798 991 1138 1056 (JeâphLouis),

666 1091 692 1123 2,
714 1090 798 1117 Petite
816 1098 862 1117 rue
877 1090 966 1120 Verte,
985 1089 1073 1117 Paris.

357 1165 424 1205 91.
457 1162 520 1203 Un
542 1161 633 1203 coin
656 1161 705 1202 de
728 1160 832 1201 Salle
853 1163 875 1201 à
892 1171 1054 1212 manger
1075 1158 1332 1213 (aquarelle).

356 1237 428 1274 92.
464 1233 517 1274 Le
538 1232 666 1286 Repos
688 1230 758 1272 des
777 1229 896 1285 petits
917 1229 1035 1271 Chats
1057 1229 1312 1283 (aquarelle).

835 1292 901 1344 —
580 1383 910 1433 DEGALASSE
941 1382 1001 1448 (M
1005 1383 1041 1409 1Ie
1060 1381 1156 1445 A.),

705 1485 746 1516 17,
765 1493 812 1510 rue
827 1484 933 1517 Meslay,
949 1484 1039 1509 Paris.

352 1579 425 1617 95.
460 1573 513 1614 Le
534 1573 680 1613 Retour
702 1569 756 1611 du
779 1567 948 1611 Marché.

356 1649 428 1689 94.
460 1646 515 1686 La
535 1643 738 1685 Punition.

833 1686 894 1736 —
754 1810 986 1865 DENIZE,

793 1911 808 1934 à
832 1909 934 1935 Rouen.

349 1987 417 2025 95.
451 1983 547 2024 Tête
568 1980 618 2022 de
635 1981 755 2034 jeune
777 1978 876 2019 Fille
900 1976 1056 2031 (dessin
1073 1977 1096 2030 ).

350 2057 419 2095 96.
454 2053 551 2095 Tête
572 2052 622 2093 de
643 2049 850 2092 Vieillard.

839 2112 899 2162 —
522 2206 825 2271 DESGOFFE
851 2205 1196 2271 (Alexandre),

564 2308 687 2335 Pavillon
706 2308 738 2333 de
759 2306 867 2339 l’Ouest,
883 2307 900 2332 à
913 2306 1047 2338 l’Institut,
1066 2307 1148 2333 Paris.

352 2403 419 2440 97.
451 2398 538 2440 Une
561 2396 671 2438 Allée
684 2396 733 2437 de
760 2394 868 2436 Parc.
