5866 9133
4184 7467 42 97 1

2064 3454 1827 179 PREMIÈRE VACATION.

1550 3730 2838 170 Mercredi 14 mai 1845. -Via 94.

1116 3936 2077 221 1 ACADÉMIE FRANÇAISE.

1457 4124 3446 190 Arrêté de Messieurs de l’Académie française, mis entre les mains

1330 4245 3570 199 de Monseigneur le chancelier Protecteur, en date du 15 avril 1659,

1335 4363 3566 205 pour lui témoigner le grand désir qu'ils ont de voir finir les divi¬

1335 4487 3561 201 sions qui la troublent.... « A cet effet a été adressé le présent acte,

1342 4611 3558 201 « signé des vingt-trois membres présents. » Suivent les signatures

1331 4731 3560 203 de « l’abbé Tallemant, Hardoin de Péréfixe, Bautru , Chapelain,

1332 4857 3560 191 « Desmarest, Olivier Patru, Charpentier, Lachambre, Pellisson-

1332 4971 3558 201 « Fontanier, La Meinadière, De La Mothe, Doujat, Chaumont,

1325 5099 3560 205 « Giry, Gombault, César d’Eslrées, Priézac, Ch. Cotin, Mézeray,

1089 5368 3785 260 2. ACADÉMIE FRANÇAISE (Membres de I’), 4 lettres.

1438 5554 3448 204 BISSY (Claude Thiard de). Aut. sig. à M. Desmarest. 18 août

1317 5662 1387 129 1773. 1 page in-4 ; cachet.

1441 5802 3442 202 LANGURT DE GERGY, archev. de Sens. Aut. sig. à M. Mar¬

1320 5925 1390 144 ville. 1 page in-4 ; cachet.

1424 6020 3436 258 CAYLUS (de), évêque d’Auxerre. Aut. sig. à M. Grosset. 10 juin

1424 6270 2888 207 LA TRÉMOILLE (Le duc de). Aut. sig. 15 mai 1732.

1066 6400 3786 297 3. ACADÉMIE FRANÇAISE (Membres de l’), 4 lettres.

1426 6628 3444 196 DE MESMES (J.-Ant., comte d’Avaux). Aut. sig. à M. l’abbé

1299 6747 2033 160 Pucelle. 23 février 1712. 1 page in-4.

1416 6849 3444 229 HARCOURT (Franç -Henri, duc d’). Aut. sig. au marquis de

1287 6971 2042 167 Castries. 18 février 1783. 1 page in-4.

1409 7116 3456 200 GUIBERT (Jacq.-Ant.-Hippol , comte de). Copie d’une lettre

1286 7237 3564 197 de M. de Choiseuil à M. Guibert, et donnée par M. Guibert à

2834 1460 332 114 D'UNE

2942 2145 109 59 DE

1888 1022 2197 258 CATALOGUE

2178 1778 1615 164 BELLE COLLECTION

1064 2388 3845 335 LETTRES AUTOGRAPHES.

1317 5205 937 160 « De Metz, etc. »

1317 6167 958 136 1742. 2 page in-4.
