5866 8962
2720 627 523 224 — 5  —

1089 911 3772 166 27. BÉRULLE (Pierre, cardinal de). N. 1575. M. 1629

1515 1091 3390 114 L. aut. sig. à M. l’évêque de Luçon. Paris, 12 avril 1622. Relative

1377 1191 3166 136 aux affaires de l’État, curieuse par les détails. 1 page in-fol.

1081 1375 3662 158 28. BERZÉLIUS (Jacques), physic. et chimiste suédois.

1505 1537 3394 116 L. aut. sig. à M. Durotayde Blainville. Stockholm, 31 mai 1833.

1395 1659 934 114 1 belle page in 4.

1487 1773 3432 100 Il lui recommande avec intérêt M. Friès, intendant du cabinet de zoologie

1381 1873 3532 102 de l’Académie de Stockholm, que l’Académie a envoyé dans l’étranger pour

1381 1971 2388 104 prendre connaissance des musées zoologiques, etc.

1085 2105 3828 174 29. BÉTHUNE (Philippe de), frère puîné de Sully, ambas¬

1539 2289 3358 126 sadeur à Rome, sous Louis XIII. N. 1561. M. 1649.

1507 2415 3414 138 L. aut. sig. à Son Éminence. Deselles, 21 juillet 1648. 1 page

1387 2561 1062 104 in-fol. ; avec cachet.

1475 2653 3442 124 La grâce que Son Éminence veut bien accordera son fils, le comte de

1385 2771 3530 114 Béthune, de lui donner une charge dans la maison du duc d’Anjou, est pour

1381 2867 3536 108 lui une grande consolation dans ses vieux jours, et servira à lui faire passer

1379 2965 3234 108 le reste de son existence avec plus de douceur et de tranquillité, etc.

1089 3121 3812 158 30. BITAUBÉ (Paul-Jérémie), littérat. N. 1732. M. 1808.

1509 3289 3400 118 L. aut. sig. au citoyen Président.... Paris, 17 vendémiaire an VI

1387 3415 1644 114 de la République. 1 page in-4.

1491 3527 3418 104 Il lui adresse ses remerciments pour les divers ouvrages dont il a bien

1385 3625 3518 110 voulu le gratifier, et le prie d’agréer, non comme retour, mais comme un

1385 3723 3324 106 léger témoignage de sa reconnaissance, ses Bataves et son Joseph, etc.

1087 3867 3834 154 31. BOILEAU-DESPRÉAUX. N. 1636. M. 1711.

1509 4051 1388 116 L. aut. sig. à Jean Racine.

1475 4163 3438 112 Cette lettre, de cinq pages, en prose et en vers, est sans contredit une des

1377 4259 3532 118 plus importantes qui aient été écrites par le grand satirique. Elle traite

1379 4355 3534 112 d'une entrevue qu’il vient d’avoir avec le révérend père jésuite de La Chaise,

1379 4457 3538 108 auquel il a lu sa célèbre épître sur l’Amour de Dieu. Cette épître, qui cou¬

1383 4555 3522 116 rait en manuscrit, avait soulevé la société des jésuites, qui la proclamait

1385 4655 3524 106 écrite contre elle. On se disputait avec acharnement, à ce propos, sur

1387 4751 3514 100 l’Amour affectif et l’Amour effectif, sur l’Attrition et la Contrition; le feu

1381 4851 3530 100 était allumé entre la société et Messieurs de Port-Royal. Boileau a lu avec

1379 4949 3526 110 adresse au jésuite l'épître coupable ; il s’est concilié le père de La Chaise :

1387 5057 868 98 I'épître est sauvée.

1087 5203 2548 164 32. BOILEAU-DESPRÉAUX, idem.

1523 5373 3382 124 Pièce de vers, (aut. sig.) à mettre au bas du portrait de made¬

1395 5493 2136 122 moiselle de Lamoignon, huit vers, in-4.

1741 5625 2042 100 Aux sublimes vertus nourrie en sa famille,

1933 5727 1378 84 Cette admirable et sainte fille

1723 5827 1956 104 En tous lieux signala son humble piété....

1089 6003 3802 142 33. BONAPARTE (Napoléon). N. 1769. M. 1821.

1515 6155 3386 116 1° Sa sig. BUONAPARTE, comme général en chef de l’armée d’Italie,

1393 6275 2734 112 sur une lettre datée d’Oneille, le 25 pluviôse an III ;

1515 6397 3386 118 2° Sa sig. BONAPARTE, comme Premier Consul, sur une lettre au

1395 6519 3148 114 ministre de la guerre datée de Paris, le 1er pluviôse an VIII ;

1519 6639 3384 120 3° Sa sig. NAP. sur une lettre au général Pajol, datée de Troyes,

1395 6757 3152 110 le 3 février 1814. Lettre très-curieuse. Ordre de bataille;

1513 6881 3394 114 4° Apostille de deux lignes autog. et sig. sur un rapport du

1387 7001 3012 108 ministre Berthier, daté de Smolensk, 11 novembre 1812;

1521 7121 3390 116 5° Apostille de deux lignes aut. sur un rapport autog. du duc de

1403 7241 2476 110 Feltre, datée de Saint Cloud, le 10 avril 1813.
