5866 9100
2698 587 575 118 — 4  —

1356 789 3543 145 lui avoir accordé son pardon;.... Protestations de fidélité et de dévouement

1353 899 1021 116 pour son service, etc.

1061 1040 3834 206 19. BELLIÈVRE (Pomponne de), chancelier de France.

3708 1245 1187 123 N. 1529. M. 1607.

1501 1369 3401 151 L. aut. sig. à M. de Villeroy Paris, 11 mai 1604. 1 page in fol.

1442 1490 3015 132 Relative à une procédure contre les huguenots. Détails curieux.

1046 1628 3253 179 20. BELZUNCE (Henri de), évêque de Marseille.

3677 1805 1221 125 N. 1671. M. 1755.

1468 1934 3429 150 L. aut. sig. au cardinal de Fleury. Ce 15 août 1739. 3 pages in-4.

1443 2050 3463 140 Il supplie Son Eminence d’écouter favorablement la justification des deux

1338 2149 3565 135 chanoines d’Arras qui viennent d’être exilés, étant très-innocents d’une

1339 2249 3569 141 faute que l'esprit de parti leur a imputée ; leur punition, faisant triompher

1342 2347 2625 132 les ennemis de l'Eglise, fait grand tort à la religion, etc.

1036 2458 3186 204 21. BÉRANGER, notre poëte national. N. 1780.

1473 2640 3427 150 L. aut. sig. au rédacteur du journal le Pilote. Du 14 février

1352 2763 1447 128 1823. 2 grandes pages in-4.

1443 2878 3459 140 Relative à sa mise en jugement en police correctionnelle, pour la saisie

1336 2977 3565 137 d'une nouvelle contrefaçon de ses chansons, dont on le rend responsable....

1335 3077 3565 143 « C’est-à-dire que moi, propriétaire lésé, je vais comparaître comme pré¬

1338 3179 3563 141 « venu avec ceux que je serais en droit de poursuivre, si ce droit ne m’eût

1341 3277 1937 114 « été interdit, etc. » Détails très curieux.

1043 3434 3856 174 22. BERNIER (L’abbé), l’un des chefs des armées ven¬

1502 3593 3383 173 déennes, depuis évêque d’Orléans. N. 1764. M. 1806.

1477 3742 3425 148 L. pastorale aut. sig. au clergé et aux fidèles de son diocèse.

1352 3863 3555 149 Datée d’Orléans, du palais épiscopal. Le 5 février 1806. 2 pages

1351 3985 247 91 in-4.

1039 4134 3399 174 23. BERNOUILLI (Daniel), savant mathématicien.

3674 4317 1211 127 N. 1700. M. 1782.

1482 4445 3417 143 L. aut. sig. à M. de La Condamine. Bâle, 18 mars 1754. Belle

1357 4563 3543 155 lettre toute littéraire et scientifique. 3 grandes pages in-4 ; avec

1350 4689 361 92 cachet.

1056 4835 3840 177 24. BERRY (Ch.-Ford., duc de). N. 1778. Assass. en 1820.

1487 4995 3421 147 L. aut. au comte de Damas. De Hartwell, 2 mai 1810. Détails

1362 5115 1619 129 confidentiels. Demi-page in-4.

1066 5269 3844 181 25. BERTHIER (Alexandre), prince de Neufchâlel et de

1521 5429 3379 169 Wagram, maréchal de France. N. 1759. M. 1815.

1496 5583 3411 153 L. aut. sig. au maréchal.... Munich , 13 février 1806.1 page in-4.

1463 5698 3445 142 Comme c'est toujours le plus tard possible qu’il fait usage des choses qui

1370 5794 3547 149 peuvent affliger ses camarades, il le prie de considérer tout ce qu’il lui a dit

1369 5894 2433 120 concernant le général G... comme nul et non avenu.

1075 6033 3831 193 26. BERTON (Jean-Baptiste), général de la République et

1538 6191 3369 179 de l’Empire; entraîné dans la conspiration de Saumur,

1542 6347 3374 174 par des agents provocateurs, il fut arrêté, livré à une

1549 6501 3361 168 commission militaire, condamné à mort et exécuté à

1538 6651 1051 126 Poitiers en 1822.

1514 6803 3395 156 L. aut. sig. au duc de Feltre, ministre de la guerre. De la maison

1391 6922 3401 155 d’arrêt de l’Abbaye, 8 mai 1816. 1 grande page et demie in-fol.

1502 7039 3409 150 Il demande qu'on mette un terme à sa détention, qui dure depuis cinq

1382 7138 848 90 mois. Belle lettre.
