5866 9033
2748 609 505 181 — 2 —

1400 884 3531 141 M. de Belzunce. Aut. sig. de M. Guibert, en date du 30 juillet

1411 1018 991 124 1795. 2 pages in-4.

1510 1105 3415 163 QUÉLEN (Hyacinthe de), archev. de Paris. Aut. sig. à M. Auger.

1393 1256 1668 131 2 juillet 1827. 1 page petit in-4.

1159 1370 3208 233 4. ACADÉMIE FRANÇAISE, 7 pièces signées.

1523 1580 2558 140 BARO (Ballhazar) Pièce sig. 15 décembre 1648

1521 1704 2497 136 HABERT (Philippe). Pièce sig. 6 octobre 1626.

1522 1822 2917 140 HAY (Paul), sieur de Châtelet. Pièce sig. 3 juin 1625.

1529 1936 2495 142 PAVILLON (Étienne). Pièce sig. 11 avril 1692.

1524 2058 3404 142 ARGENSON (Le marquis d'). L. sig. et 7 lig. aut. 30 janv. 1716.

1517 2188 2482 134 LA FORCE (Le duc de). L. sig. 28 mars 1718.

1519 2303 2967 143 NICOLAY (M. de). L. sig. 20 avril 1779. 4 page in-fol.

1174 2490 3755 160 5. ADANSON (Michel), botaniste. N. 1727. M. 1806.

1515 2640 3425 134 L. aut. sig. à M. datée du Sénégal, 1er août 1750. Belle et

1398 2760 3543 137 intéressante lettre toute scientifique, sur l’histoire naturelle du

1399 2901 1145 120 Sénégal. 2 pages in-4.

1172 3066 3773 170 6. ALBE ( Fern. Alvarez de Tolède, duc d'), général et

1561 3219 3379 167 minisire d’État sous Charles-Quint, et Philippe II.

3726 3374 1211 120 N. 1508. M. 1582.

1527 3518 3415 144 2 lignes aut. et sa signature au bas d’une lettre (en italien) au

1414 3644 3526 142 grand duc de Florence, datée de Bruxelles, le 28 février 1558.

1422 3778 975 124 1 belle page in-fol.

1182 3869 3750 233 7. ALBITTE (Ant.-Louis), convention. N. 1760. M. 1812.

1539 4108 3404 134 L. aut. sig. au ministre. Paris, 18 octobre 1792, l'an I de la

1417 4242 1717 124 répub. 2 pages in-4. Belle lettre.

1508 4342 3441 126 Il demande justice et récompense pour l’adjudant général Cartaux. La

1413 4440 3534 129 conduite qu’a tenue cet officier, dans la journée du 10 août, lui donne lieu

1413 4540 3541 131 de penser qu’il doit obtenir de la Convention nationale le prix de l’impor¬

1424 4645 2426 121 tant service qu’il a rendu à la chose publique, etc.

1182 4764 2409 196 8. AMIRAUX ANGLAIS, 2 lettres.

1540 4958 3173 140 COCHRANE ( Lord ). L. aut. sig. (en anglais). 1 page in-4.

1543 5058 3396 181 SMITH (SirWill. Sidney ). L. aut. à M. de Montmorency. 15

1425 5216 1385 122 janvier 1822. 4 page in-4.

1204 5364 3749 164 9. ANDRIEUX (Franç.-Guill.-Jean-Stan. ), littérateur,

1599 5518 3357 157 membre de l'Académie française. N. 1759. M. 1829.

1574 5668 3383 138 L. aut. sig. à mad. de St-Pierre. Paris, 8 juillet 1814. 1 p. in-4.

1535 5782 3431 128 Il la rassure sur la crainte qu’éprouve M. Bernardin de Saint-Pierre pour

1442 5900 1282 114 le paiement de sa pension.

1149 6014 3818 186 10. ANGOULÊME (Charles de Valois, duc d'), fils de

1594 6192 3362 137 Charles IX et de Marie Touchet. N. 1573. M. 1650.

1581 6342 3386 139 L. aut. sig. à M. de Chavigny, du 16 octobre 1636. Détails mili¬

1449 6481 1457 125 taires. 1 grande page in-fol.

1159 6541 3795 263 11. ANQUETIL (L. Pierre), historien. N. 1723. M. 1808.

1569 6768 3075 144 L. aut sig. au ministre de l’intérieur Paris, 7 août 1806.

1528 6865 3441 135 Sa Majesté l’Empereur l’ayant gratifié d’une pension de six mille livres,

1438 6970 3539 135 et l'ayant appelé, en présence de l’Institut, l'historien de France, il de¬

1438 7060 3531 294 mande à porter, par un décret de Sa Majesté, le titre d'historiographe de

1448 7206 1266 108 France. Détails à ce sujet.
