1565 3161
678 95 196 39 - 4-

48 171 1449 55 9. BAUDOT (Marc-Ant.), député de Saône-et-Loire à la Con¬

258 279 1239 44 L. aut. sig. aux éditeurs de la nouvelle Biographie des hommes

216 320 759 44 vivants. Liège, 2 juillet 1820. 3 p. in-4.

243 361 1257 41 Belle lettre dans laquelle il relève les erreurs commises, par l’auteur de sa

207 397 769 39 biographie, et indique les changements à faire.

49 443 1452 54 10. BEAUVILLIER (Paul duc de), gouverneur du duc de Bour¬

207 499 441 48 gogne, ministre, etc.

255 551 874 43 L. aut. sig. à l’évêque d’Alet. 1699. 3 p. in-4.

47 591 1302 65 11. BÉRANGER (P. J. de), poëte et chansonnier célèbre.

256 657 1140 43 L. aut. sig. à Amault. Paris, 25 vendémiaire. 2 p. 1/2 in-4.

239 698 1265 44 Belle et intéressante lettre dans laquelle il lui fait part qu’il a recherché la

203 734 1300 37 protection de M. Lucien Bonaparte.Il connut differents essais de ma faible

204 772 1295 35 muse, entre autres un poème du Déluge et un du Rétablissement du Culte .

203 806 1301 41 Il m’engagea à beaucoup travailler, et comme je n’ai personne pour diriger

201 842 1303 41 ma jeunesse, me promit des conseils que dès-lors ses voyages l'empêchèrent

202 878 1303 41 de me donner. A son retour à Paris, il y a sis mois, je lui remis un poème de

202 913 1302 41 la Mort de Néron , dont je lui devais le sujet, il me donna des marques de son

202 951 1304 40 contentement, m’engagea de nouveau à lui faire parvenir mes ouvrages, et par

201 985 1304 39 malheur s’éloigna encore.J’ai besoin d'avoir un guide éclairé avant de me

200 1021 1301 41 lancer dans la carrière des lettres, vous êtes intimement lié avec 51. Lucien,

201 1057 1303 41 j’ose vous prier de m’en servir, à cet effet je joins à la présente le petit poème

200 1085 1301 47 de Néron, et une ode que j’ai envoyée il y a quelques mois, à celui pour qui

200 1129 1304 39 j’ai conçu la plus vive reconnaissance.Il ajoute qu’il a dédaigné la voie de

202 1165 1302 39 l’adulation pour réussir auprès de M. Lucien, et qu’il veut en agir de même

202 1201 1303 39 avec lui.De quoi me serviraient d’ailleurs les éloges que je pourrais donner

201 1236 1305 43 à l’auteur de Marius? Lorsque la voix du public s’est fait entendre en pareil

200 1273 1304 37 cas, celle des particuliers ne peut que paraître bien faible et même bien

203 1316 213 29 ennuyeuse...

44 1345 393 50 12. LE MÊME.

251 1406 502 42 L. aut. sig. 3/4 de p. in-8.

44 1448 963 54 13. BERGASSE (N ), avocat et publiciste.

251 1502 1249 44 L. aut. sig. aux auteurs de la Biographie des contemporains.

207 1544 489 41 Paris, 1823, 1 p. 1/2 in-8.

237 1585 1265 38 Belle lettre dans laquelle il défend énergiquement Claude Lucet, homme de

203 1622 1299 38 lettres, né à Pont-de-Vesle , contre les attaques dirigées contre lui dans la Bio¬

202 1658 128 35 graphie.

43 1694 1458 53 1BERRY (Charles-Ferdinand, duc de), fils de France, assas¬

200 1748 532 50 siné par Louvel en 1820.

248 1802 1105 41 L. aut. sig. Hanau, Il mars 1793. 1 p. in-4. Belle lettre.

240 1842 1261 37 ... Je n’ai pu plus tôt répondre à la lettre que vous m’avez écrite sur la mort

201 1878 1304 38 de notre infortuné monarque, vous me disiez qu’il ne fallait plus être un prince

199 1914 1301 39 médiocre, non cela ne nous est plus permis et j’en sais trop la vérité pour ne

199 1949 1177 39 pas tâcher à m’acquérir toutes les vertus qui font un grand prince.

43 1984 1176 62 15. BERTEZÈNE, député du Gard à la Convention.

248 2048 1250 44 Réfutation aut. sig. de l’article qui le concerne dans la Biogra¬

209 2090 1290 43 phie des contemporains, portant principalement sur son vote dans

209 2132 705 43 le procès de Louis XVI. 1 p. pl. in-4.

43 2174 1041 52 16. BIBLIOGRAPHES. Huit lettres aut. sig.

245 2215 1248 50 Barbier. 1 p. in-8. — Beuchot, 1826. 2 p. in-4. — Camus. 1 p.

208 2260 1285 52 in-8. — Debure, l’aîné, 1795.1 p. in-4. — Des Aulnay, 1787.1 p.

206 2312 1290 43 1/2 in-4 .—Gaudin (l’abbé). Lyon. 1779. 4 p. in-4 .—Tersan

208 2353 1286 44 ( l’abbé de). 1 p. in-12.— Morelli (l’abbé). En Italien. Venise,

209 2397 285 39 1808. 2 p. in-4.

42 2437 982 55 17. BONAPARTE (Joseph), roi d’Espagne.

254 2492 1240 42 L. aut. sig. au baron de Meneval. Pointe-Bruge, 16 décembre

211 2535 287 40 1830. 1 p. in-4.

44 2571 1097 56 18. BONAPARTE (Jérôme), roù-de-AVestphalie.

251 2630 986 42 L. aut. sig. Stutgart, 28 novembre 1835. 1 p. in-8.

46 2675 1066 56 19. BONAPARTE (Caroline), reine de Naples.

252 2713 1236 76 L. aut. sig. au baron de Meneval. 4 janvier 1838. 1 p. pl. in-8' Jo¬

211 2771 177 37 lie lettre.

45 2815 1341 53 20. BOULAY de la Meurthe (le comte), député et littérateur.

252 2866 1177 44 Sa biographie aut. avec ratures et corrections. 12 p. pl. in-4.

50 227 166 40 vention.
