1544 3051
676 111 204 53 -5-

55 200 1435 53 21. BOURBOTTE (N.), député de la Meurthe à la Convention,

212 256 369 51 décapité en 1796.

260 305 1232 43 Sa défense devant la commission militaire. Belle pièce aut. sig.

215 347 1239 43 avec ratures et corrections. 32 p. 1/2 in-f. Document important.

54 399 1315 53 22. BRUCE (Jacques), célèbre voyageur aux sources du Nil.

256 437 1239 61 L. aut sig. en français. Edimbourg, 1790. 1 p. pl. in- 4. Cachet.

54 495 1444 57 23. BRUSLÉ et MALLET, commissaires nommés pour établir

209 557 427 41 le culte de la Raison.

257 607 1241 43 Lettre à A. Dumont, écrite par Bruslé et signée des deux. Mon-

214 649 928 44 tagne-sur-Somme, 4 pluviôse an u. 3 p. pl. in-f.

244 698 1183 38 Document extrêmement curieux comme échantillon de style démagogique.

242 734 1258 40 Ils accusent réception de l’arrêté pris par A. Dumont pour la conversion du

208 771 1293 39 ci-devant temple de l’imposture de Montagne-sur-Somme (Saint-Valery-sur-

210 806 1291 39 Somme), en halle au bleds_Nous avions fait commencer le déménagement

208 842 1293 39 du ci-devant temple ; déjà le vieux saint Pierre, le gros saint Christophe, saint

208 878 1292 40 Georges le bien monté, le bien coiffé saint Roeh, le bien accompagné saint Antoine,

205 914 1295 37 la bien amoureuse sainte Thérèse, le gros cœur du sieur Jésus, ci-devant Christ,

210 949 1293 45 les vierges et leurs enfants, etc., avaient été envoyés au bûcher, après avoir

209 986 1293 40 reçu maintes croquignoles, maintes orions qui les rendaient un peu méconnais¬

211 1017 1291 43 sables , à l'égard des autres messieurs et dames peints sur toile, sur bois, sur

209 1057 1293 40 papier; moulés, sculptés, etc., ainsi que des os pourris, cariés, révérés sous le

210 1093 1292 39 nom de reliques, il en a été fait un vilain autodafé_ Les os que contenait

210 1129 1292 38 l’une des chasses étaient enveloppés dans une chemise de femme et parmi ces os

209 1165 1293 37 était une mâchoire d’âne dont le citoyen Baillet, chirurgien et juge de paix de

207 1201 1296 39 cette ville, est porteur, pour la montrer à tout le monde comme un échantillon de

208 1237 1295 38 la vénération que méritaient de pareilles reliques.... Ils annoncent ensuite que

210 1273 1027 38 les bancs de 1 église ont été portes dans le Temple de la Raison.

50 1296 1249 76 2ü. BUONAPARTE (Charles de), père de Napoléon I er .

256 1371 1245 42 L. aut. sig. Charles de Buonaparte h M. de Boucheporn, intendant

217 1413 808 41 de l’ile de Corse. S. d. 1 p. in-4. Très-rare.

50 1446 1450 71 25. BUSSY RA BUTIN (le comte Roger de), de T Acad, fr., au¬

212 1516 887 43 teur de Y Histoire amoureuse des Gaules.

265 1570 1238 42 L. aut. au père Bouhours. Bussy, 23 novembre. 1 p. 1/2 in-4. Il

217 1612 1133 42 est question du père de La Chaise, de Mlle de Scudéry, etc.

54 1655 387 53 26. LE MÊME.

259 1718 992 40 L. aut. au même. Chaseu, 29 octobre 1675. 4 p. in-8.

248 1759 813 36 Très-jolie lettre de félicitations sur ses Remarques.

54 1798 392 50 27. LE MÊME.

257 1858 1243 41 L. aut. sig. (au père La Chaise). Chaseu, 23 mars 1691. 1 p. pl.

216 1901 82 32 in-4.

245 1940 797 37 Envoi d’un discours qu’il le prie remettre au roi.

53 1986 1294 51 28. CAVAIGIVAC (J. B.), député du Lot à la Convention.

262 2039 1197 41 L. aut. sig. au ministre Carnot. Paris, 27 mai 1815. 1 p. in-4.

246 2079 1255 37 Il le prie de vouloir bien le présenter à l’Empereur pour une préfecture, en

211 2116 1289 37 marge ae la main de Carnot : Recommandé pour une préfecture de second ordre ,

209 2153 616 35 il est question de l’ancien représentant.

53 2198 1444 52 29. CHAROLAIS (Charles de Bourbon-Condé, comte de), connu

214 2252 640 51 par son caractère dur et cruel.

260 2304 1241 43 L. aut. sig. au maréchal de Saxe. Paris, 25 août 1745.1 p. 3/4

215 2346 539 34 in-4. Cachet bien conservé.

56 2398 1440 49 30. CHATEAUBRIAND (le vicomte dej, membre de l’Aca¬

212 2452 191 39 démie fr.

261 2503 1174 42 L. aut. sig. Rome, 31 janvier 1829. 1 p. 3/4 in-8. Jolie lettre.

251 2544 1247 37 .La Bretagne n’a rien à envier aux autres provinces de France, on a

212 2580 1287 43 beau calomnier ses bruyères, la terre qui a porté Duguesclin, Glisson, Jacques

214 2616 1286 37 Cartier, Du Guay-Trouin, La Motte-Piquet, Du Couédic, Georges Cadoudal et

215 2652 441 37 Moreau n’est pas stérile....

56 2696 389 41 31. LE MEME.

264 2712 1229 82 1° 2 lettres aut. sig. de Ch. à M. Beuchot. 1809. 2 p. 1/2 in 4.

222 2792 710 41 Demande de divers voyages en Grèce.

260 2809 1235 64 2° Not. aut. Demande de divers ouvrages sur Jérusalem. 3/4 de

224 2874 135 43 p. in-f.
