1523 3029
666 87 190 50 — 8  —

33 177 1448 54 57. FLEURY (A. H., cardinal de), précepteur de Louis XV, de

191 231 211 40 l’Acad. fr.

237 294 1241 43 Tableau de l’Histoire ancienne. Manuscrit aut. de 80 p. pet. in-8.

197 328 1012 50 pl. rel. maroq. roug. tr. dor. aux armes du Dauphin.

33 387 1163 54 58. FOUQUET (Nicolas), surintendant des finances.

239 436 836 53 1° Jolie l. aut. à Mlle .... 1661. 2 p. in-12.

234 482 864 55 2° Reconnaissance aut. sig. 1661.1/2 p. in-4.

32 543 1452 52 59. FOUQUIER-TINVILLE (A. Q.), accusateur public au tri¬

189 597 901 51 bunal révolutionnaire, décapité en l’an III.

237 659 1246 42 L. aut. sig. FOUQUIER DE TINVILLE à son frère. Paris, le 8 oc¬

199 701 563 43 tobre 1777. 1 p. in-4. Cachet.

32 752 1354 54 60. GALLONDE (Ph. Ch.), habile calligraphe, né à la Fère.

235 813 1252 43 Prière aut. sig. sur vél., présentée à Madame Louise, avec dessins

193 857 695 41 à la plume. 1765. Jolie petite pièce.

33 899 870 62 61. GÉNÉRAUX. Dix lettres aut. sig.

234 949 1251 63 BERTRAND (maréchal). 1 p. in-4. — DUVIVIER. 1841. 1 p. in-4. —

194 1004 1265 58 HAXO. 1 p. in-8. — HUGO. 1 p. in-4. — ROBIN. 2 p. 1/2 in-f., etc.

30 1052 997 66 62. GRESSET (J. B.), poëte, de l’Acad. fr.

234 1118 1248 45 Projet de l. aut. au roi de Prusse, sur un petit carré de papier.

196 1164 112 41 10 lig.

228 1211 1260 40 ..... Les lumières, les conseils dont V. M. a bien voulu m’honorer dans sa

189 1246 1298 40 lettre sur ma comédie du Méchant, m’ont guidé dans le choix et dans l’exécution

190 1284 1299 39 de ce nouvel ouvrage, je l’ai entièrement consacré à faire rire, si on sait rire

190 1330 187 22 encore.....

33 1368 385 49 63. LE MÊME.

239 1429 809 33 Huit vers aut. avec ratures et corrections.

30 1461 1111 81 6A. GRIGNAN (Mme de), fille de Mme de Sévigné.

240 1540 823 42 Brouillon de comptes aut., 1693, 4 p. in-4.

31 1596 1457 54 65. GUFFROY (A. B. J.), journaliste et député du Pas-de-Calais

189 1652 334 39 à la Convention.

237 1710 1182 43 L. aut. sig. à A. Dumont, 3 octobre 1793,1 p. in-4. Tête impr.

227 1759 1261 39 ... Voici une pièce de gibier pour ton patriotisme, peut-être est-elle inglobée

188 1796 1261 37 dans ton large filet, si elle ne l’est pas, capture, Guerre à mort aux scélérats...

31 1842 717 46 66. HENRI III, roi de France.

234 1880 1243 58 1° L. sig. au maréchal de Matignon, 18 octobre 1581, 2 p. 1/2 in-

193 1936 1170 42 fol., contre-sig. de Neufville, avec 16 lig. aut. de ce dernier.

222 1983 1163 38 Lettre relative aux différents négociés et à régler avec le roi de Navarre.

232 2016 1126 61 2° L. sig. au maréchal Matignon, Blois, 1577, 1/2 p. in-fol.

29 2080 1225 52 67. HUET (Daniel), évêque d’Avranches, de l’Acad. fr.

236 2134 1095 42 L. aut. sig. à Aunay, le 28 septembre 1684, 1 p. 3/4. in-8.

30 2175 1239 61 68. ISORÉ (Jacques), député de l’Oise à la Convention.

236 2238 1194 42 L. aut. sig. à A. Dumont, Arras, 5 frimaire an II, 1 p. 1/2 in-4.

221 2288 1267 39 Il le prie de prendre en considération ce que fera le citoyen Matherel, maire de

186 2324 1303 43 Cassel... C’est celui qui met à la raison les environs d’Hazebrouk et qui a déjà

185 2361 1303 37 fait marcher la guillotine sur plusieurs contre-révolutionnaires... Je suis comme

189 2396 1298 40 toi vis-à-vis des anti-révolutionnaires : je ne veux pas qu’il en échappe un...

188 2433 1300 37 Bientôt Douai vaudra les villes d’Arras et de Lille, quand quelques-uns de ceux

187 2468 1300 38 qui désiraient Cobourg auront joué à main chaude, les inconnus rentreront dans

186 2505 1301 38 leurs terriers jusqu’à ce que leur tour arrive, et la ville marchera au pas comme

185 2540 513 37 l’a promis le sans-culotisme....

30 2576 392 50 69. LE MÊME.

235 2639 1250 42 Notes aut. pour sa Biographie, 4 p. pl. in-fol. avec notes en

197 2689 130 33 marge.

221 2730 983 37 Document curieux en le rapprochant de la lettre qui précède.

32 2767 1446 60 70. JOSÉPHINE BEAUHARNAIS, impératrice des Français.

238 2828 1243 44 L aut. sig. au baron de Meneval, Plombières, 28 juin, 3/4 de p.

198 2871 653 44 in-4. Papier à entourages gaufrés.
