1873 2851
837.0 373.0 161.0 45.0 — 5 —

451.0 440.0 1000.0 50.0 L. s. au président de la section du Roi de Sicile; Paris,

418.0 477.0 1034.0 50.0 14 août 1792, 3/4 de p. in-4, tète de lettre de la Commune,

415.0 525.0 122.0 30.0 cachet.

470.0 546.0 984.0 52.0 Pièce historique. — II l’invite à faire procéder dans le jour à l'élection

438.0 592.0 1020.0 44.0 des membres que doit fournir cette section à la cour martiale, décrétée par

438.0 624.0 1020.0 41.0 l’Assemblée nationale. » l.e peuple, dit-il, attend cette institution: il lu veut

438.0 655.0 1020.0 44.0 prompte. » Le conseil de la Commune a pris envois le peuple rengagement

437.0 686.0 1021.0 44.0 que ce tribunal serait établi avant minuit. (Ce tribunal ne fut constitué que

437.0 718.0 1020.0 44.0 le 17; la lenteur de ses opérations est une des principales causes assignées

437.0 755.0 507.0 38.0 aux terribles journées de septembre.)

377.0 790.0 1077.0 59.0 15. LE MÊME. Pièce sig., sig. aussi de Collot-d’Herbois,

414.0 838.0 1041.0 49.0 Prieur, Thuriot, R. Lindet, etc.; Paris, 22 tlierm. an 2, 2 p. in-f.,

413.0 879.0 591.0 46.0 tète imp. du Com. de sal. public.

468.0 922.0 990.0 43.0 Arrêté du Comité de salut public donnant au représentant Frécine les

437.0 956.0 1022.0 42.0 pouvoirs les plus étendus pour recueillir en Belgique les subsistances, che¬

437.0 987.0 1022.0 43.0 vaux, métaux, matières manufacturées et tous les objets susceptibles d’être

439.0 1022.0 722.0 39.0 importés en France pour le service de la République.

373.0 1065.0 830.0 50.0 16. BIXIO (A.), agronome, ministre en 1848.

452.0 1119.0 403.0 42.0 L. a. s., 1857, 1 p. in-8.

373.0 1161.0 1083.0 52.0 17. BOILEAU-DESPRÉAUX (Nicolas), le grand sa¬

418.0 1214.0 119.0 43.0 tirique.

449.0 1248.0 1010.0 48.0 L. a. s. à Brossette; Paris, 25 mars 1699, 3 p. in-8. Belle

412.0 1298.0 85.0 36.0 pièce.

471.0 1328.0 989.0 43.0 Il a tardé de lui répondre il cause de la maladie de Racine, qui est en fort

438.0 1360.0 1021.0 44.0 grand danger. (Racine mourut un mois après.) — Détails sur un livre contre

438.0 1394.0 1021.0 42.0 Boileau que vient de publier Bonnecorse (un poète victime de la verve du

438.0 1426.0 1019.0 42.0 satirique). 11 le trouve bien hardi d’envoyer un si mauvais ouvrage à Lyon,

438.0 1456.0 1020.0 44.0 où l’on obligeait autrefois les méchants écrivains à effacer eux-mêmes leurs

439.0 1483.0 1019.0 50.0 écrits avec la langue. — Il refait ainsi la légende que Brossette veut mettre

439.0 1522.0 1019.0 44.0 au bas de son portrait, et nous montre, par ces vers, que sa haine de Cha¬

439.0 1560.0 539.0 38.0 pelain était sa principale préoccupation :

645.0 1600.0 353.0 31.0 Ne cherchez comment s’appelle

645.0 1628.0 387.0 30.0 L’escrivain peint dans ce tableau :

566.0 1655.0 507.0 32.0 A l’air dont il regarde et montre la Pucelle,

645.0 1683.0 305.0 31.0 Qui ne reconnoitroit V

374.0 1711.0 1084.0 60.0 18. LE MÊME. L. a. s. au même; Paris, 10 nov. 1699,

416.0 1768.0 421.0 44.0 2 p. pet. in-f. Belle pièce.

472.0 1801.0 986.0 42.0 La mort de Racine lui a laissé un prodigieux accablement d’affaires. Il

440.0 1834.0 1023.0 42.0 remercie Brossette de l'envoi du Télémaque, qu'il vient de lire avec beau¬

441.0 1867.0 1019.0 46.0 coup d’avidité. 11 souhaiterait que M. de Cambrai eut rendu son Mentor un

442.0 1900.0 1018.0 45.0 peu moins prédicateur. Homère, qui est tout action, est plus instructif. Si

441.0 1932.0 1020.0 45.0 l’on compare cet ouvrage aux Maximes, M. de Cambrai paraît beaucoup

442.0 1965.0 1019.0 45.0 meilleur poète que théologien. — Celte, lettre contenant plusieurs corrections,

442.0 1997.0 1017.0 42.0 Boileau s’en excuse, en déclarant qu’il serait fort embarrassé de la récrire.

378.0 2034.0 1082.0 58.0 19. LE MÊME. L. a. s. au même; Paris, 8 août 1701,

418.0 2090.0 422.0 42.0 2 p. pet. in-4. Jolie pièce.

473.0 2122.0 989.0 47.0 Relative à la publication de ses OEuvres par le libraire Robustel. Il y a

443.0 2153.0 1021.0 44.0 une édition en grand et une édition eu petit. On a d’abord débité la pre¬

442.0 2185.0 1021.0 45.0 mière, qui est au moins la quarantième, cl qui deviendra fort rare. — Il ne

441.0 2217.0 1022.0 45.0 sait si les trois pistoles que Brossette a mises pour lui à la loterie ne sont pas

441.0 2262.0 207.0 30.0 trois louis d'or.

378.0 2289.0 1085.0 60.0 20. LE MÊME. L. a. s. au même; Paris, 9 janv. 1705,

417.0 2345.0 460.0 48.0 2 p. in-8, trace de cachet.

475.0 2370.0 991.0 54.0 Relative b son polirait gravé (par brevet), que désire Brossette. Il en

443.0 2412.0 1021.0 45.0 donne la légende, où on lui faire dire ces choses qu'il n'a jamais pensées :
