1818 2838
855 364 160 38 — 6  —

609 430 520 32 Sans peine, à la Raison asservissent la Rime,

607 458 464 30 Et mesme en imitant toujours original.

606 485 592 30 J’ay sceû, dans mes escrits, docte, enjoué, sublime,

605 514 525 27 Rassembler eu moi Perse, Horace et Juvenal.

389 546 1086 55 21. LE MÊME. L. a. s. au morne; Paris, 11 déc. 1710,

430 597 331 40 2 p. in-8. Jolie pièce.

483 641 987 38 Tableau fort triste, de sou étal de santé : il ne marche plus qu'appuyé aux

450 671 1024 39 bras de ses valets, et aller d'un bout à l’autre de sa chambre est pour lui

451 703 1023 41 un voyage très long. Son esprit n'est point diminué : il travaille à une nou¬

450 735 1026 38 velle édition de ses œuvres, qui sera considérablement augmentée. Peut-être

449 767 1026 39 le vin de Condrieu (vin blanc estimé dans le Lyonnais) lui réjouira-t-il le

448 800 910 38 cœur, qui est ce qu’il a de plus malade. (Il mourut six mois après.)

386 837 1088 57 22. LE MÊME. Lettre de Boileau à Racine, écrite (pour

425 886 1046 45 Brossette) de la main de J .-B. Racine, avec des corrections

425 921 1044 48 et un post-scriptum de dix lignes aut. de Boileau; Auteuil,

429 960 355 40 19 mai, 2 p. 1/2 in-4.

480 1007 994 39 Epître curieuse, dans laquelle il parle de la maladie de Furetière, qui,

447 1036 1019 42 croyant mourir, voulait envoyer quérir tous les membres de l'Académie pour

449 1071 1020 36 leur faire amende honorable de son Factum. Le post-scriptum se termine

448 1102 1021 39 par une épigramme contre les eaux de Bourbonne, auxquelles il avait eu

446 1134 643 35 vainement recours pour mie maladie du larynx.

382 1168 1029 61 23. LE MÊME. Epitaphe de Racine, pièce aut., 1 p. in-4.

480 1230 990 37 Hommage touchant rendu à la mémoire d'un ami par un ami. A cette

446 1262 1021 38 pièce est jointe la première rédaction de Boileau, écrite par l'abbé, son fère,

447 1294 789 36 mais corrigée par lui : elles offrent des variantes sensibles.

380 1329 1087 59 24. LE MÊME. Les Héros de roman, manuscrit autog.,

422 1379 174 39 23 p. in-4.

478 1426 989 37 Intéressant manuscrit, avec lotîtes les corrections de Boileau, mais mal¬

445 1459 686 37 heureusement incomplet de quelques pages à la fin.

381 1495 804 58 25. LE MÊME. Pièce aut., 3/4 de p. in-4.

477 1556 990 39 Fragment de la préface pour l'édition de scs OEuvres, de 1713. Il repousse

444 1586 1022 41 la paternité de plusieurs satires qu'on lui attribue; mais il avoue que lui et

444 1618 1021 42 Racine sont pour quelque chose dans la Parodie du Cid, publiée par Fu¬

445 1650 92 27 retière.

380 1686 1084 58 26. LE MÊME. Deux pièces de vers aut., avec ratures

421 1737 429 41 et corrections, 1 p. in-1.

474 1780 990 40 Quatrain de Charpentier et dixain de Boileau sur ce mot de l'Antologie :

444 1812 1019 40 «Ego quidem cantabam, scribebat vero divus Homerus. » Le dixain de Boi¬

443 1847 301 34 leau finit par ce vers :

701 1889 350 28 Je chantois, Homère escrivoit.

377 1916 1086 61 27. LE MÊME. Deux pièces de vers aut., avec ratures

417 1970 429 40 et corrections, 1 p. in-4.

472 2012 990 38 Enigme (sur la puce) et vers pour mettre au bas du portrait de

439 2042 874 36 M. Racine. Ces derniers vers se terminent par le fameux II sut

647 2084 486 30 Surpasser Euripide et balancer Corneille.

371 2114 1091 61 28. LE MÊME. Deux pièces de vers autog., avec ra¬

414 2164 540 42 tures et corrections, 1 p. in-4.

468 2207 992 41 Relative à la légende mise par M. Le Verrier au bas du portrait de Boi¬

433 2240 1027 39 leau gravé par Drevet. Boileau rapporte le texte de cette légende où on lui

434 2272 878 38 fait faire sou éloge lui-même, et y ajoute sa réponse en huit vers.

369 2310 1089 54 29. LE MÊME. Pièce de vers de Boileau, avec une note

408 2356 386 41 aut., 1 p. in-8 oblong.

464 2398 992 43 Epigramme de M. de * (Gourville). Boileau a raturé le nom, mais il a
