<?xml version="1.0" encoding="UTF-8"?>
<alto xmlns:xsi="http://www.w3.org/2001/XMLSchema-instance"
        xmlns="http://www.loc.gov/standards/alto/ns-v4#"
        xsi:schemaLocation="http://www.loc.gov/standards/alto/ns-v4# https://gitlab.inria.fr/scripta/escriptorium/-/raw/develop/app/escriptorium/static/alto-4-1-baselines.xsd">
        <Description>
                <MeasurementUnit>pixel</MeasurementUnit>
                <sourceImageInformation>
                        <fileName>1866_04_23_GAB_0005.jpg</fileName>
                </sourceImageInformation>
        </Description>

        <Tags>
                <OtherTag ID="BT230" LABEL="Figure" DESCRIPTION="block type Figure"/>
                <OtherTag ID="BT231" LABEL="Main" DESCRIPTION="block type Main"/>
                <OtherTag ID="BT232" LABEL="Numbering" DESCRIPTION="block type Numbering"/>
                <OtherTag ID="BT233" LABEL="Running Title" DESCRIPTION="block type Running Title"/>
                <OtherTag ID="BT234" LABEL="Stamp" DESCRIPTION="block type Stamp"/>
                <OtherTag ID="BT235" LABEL="Title" DESCRIPTION="block type Title"/>
                <OtherTag ID="LT96" LABEL="Default" DESCRIPTION="line type Default"/>
        </Tags>

        <Layout>
                <Page WIDTH="1861" HEIGHT="2850" PHYSICAL_IMG_NR="59" ID="eSc_dummypage_">
                        <PrintSpace HPOS="0" VPOS="0" WIDTH="1861" HEIGHT="2850">

                                <TextBlock HPOS="1106" VPOS="151" WIDTH="430" HEIGHT="244"
                                        ID="eSc_textblock_f4560c34" TAGREFS="BT234">
                                        <Shape>
                                                <Polygon
                                                  POINTS="1161 151 1111 199 1106 333 1152 384 1489 395 1535 351 1536 215 1489 159"
                                                />
                                        </Shape>

                                </TextBlock>

                                <TextBlock HPOS="936" VPOS="2467" WIDTH="83" HEIGHT="104"
                                        ID="eSc_textblock_cb1ca0d4" TAGREFS="BT234">
                                        <Shape>
                                                <Polygon
                                                  POINTS="963 2475 936 2518 956 2571 1011 2569 1019 2502 988 2467"
                                                />
                                        </Shape>

                                </TextBlock>

                                <TextBlock HPOS="397" VPOS="402" WIDTH="1016" HEIGHT="440"
                                        ID="eSc_textblock_b18ed400" TAGREFS="BT235">
                                        <Shape>
                                                <Polygon POINTS="401 406 397 842 1413 842 1413 402"
                                                />
                                        </Shape>


                                        <TextLine ID="tl_3" TAGREFS="LT96"
                                                BASELINE="644 456 1200 458" HPOS="644" VPOS="413"
                                                WIDTH="556" HEIGHT="45">
                                                <Shape>
                                                  <Polygon
                                                  POINTS="644 413 1200 413 1200 458 644 458"/>
                                                </Shape>
                                                <String CONTENT="CATALOGUE" HPOS="644" VPOS="413"
                                                  WIDTH="556" HEIGHT="45"/>
                                        </TextLine>



                                        <TextLine ID="tl_4" TAGREFS="LT96"
                                                BASELINE="743 581 821 581 918 580 1096 582"
                                                HPOS="743" VPOS="554" WIDTH="353" HEIGHT="29">
                                                <Shape>
                                                  <Polygon
                                                  POINTS="743 554 1096 554 1096 583 743 583"/>
                                                </Shape>
                                                <String CONTENT="D&#39;UNE BELLE COLLECTION"
                                                  HPOS="743" VPOS="554" WIDTH="353" HEIGHT="29"/>
                                        </TextLine>



                                        <TextLine ID="tl_6" TAGREFS="LT96"
                                                BASELINE="444 808 796 809 1398 815" HPOS="444"
                                                VPOS="754" WIDTH="954" HEIGHT="61">
                                                <Shape>
                                                  <Polygon
                                                  POINTS="444 754 1398 754 1398 815 444 815"/>
                                                </Shape>
                                                <String CONTENT="LETTRES AUTOGRAPHES" HPOS="444"
                                                  VPOS="754" WIDTH="954" HEIGHT="61"/>
                                        </TextLine>


                                </TextBlock>

                                <TextBlock HPOS="329" VPOS="1076" WIDTH="1144" HEIGHT="1375"
                                        ID="eSc_textblock_dbd00b88" TAGREFS="BT231">
                                        <Shape>
                                                <Polygon
                                                  POINTS="329 1076 329 2451 1473 2451 1473 1076"/>
                                        </Shape>


                                        <TextLine ID="tl_7" TAGREFS="LT96"
                                                BASELINE="383 1121 392 1121 412 1123 476 1121 791 1128 932 1122 1155 1125 1216 1126 1390 1130 1463 1119"
                                                HPOS="383" VPOS="1089" WIDTH="1080" HEIGHT="49">
                                                <Shape>
                                                  <Polygon
                                                  POINTS="383 1089 1463 1089 1463 1138 383 1138"/>
                                                </Shape>
                                                <String
                                                  CONTENT="1. ADAM (Adolphe), célèbre compositeur de musique, au¬"
                                                  HPOS="383" VPOS="1089" WIDTH="1080" HEIGHT="49"/>
                                        </TextLine>



                                        <TextLine ID="tl_8" TAGREFS="LT96"
                                                BASELINE="421 1163 485 1162 515 1163 671 1163"
                                                HPOS="421" VPOS="1131" WIDTH="250" HEIGHT="33">
                                                <Shape>
                                                  <Polygon
                                                  POINTS="421 1131 671 1131 671 1164 421 1164"/>
                                                </Shape>
                                                <String CONTENT="teur du Châlet." HPOS="421"
                                                  VPOS="1131" WIDTH="250" HEIGHT="33"/>
                                        </TextLine>



                                        <TextLine ID="tl_9" TAGREFS="LT96"
                                                BASELINE="459 1209 483 1199 600 1210 683 1210 772 1216 803 1210 852 1210 967 1211 1029 1211 1069 1211 1282 1213 1333 1213 1459 1220"
                                                HPOS="458" VPOS="1149" WIDTH="998" HEIGHT="78">
                                                <Shape>
                                                  <Polygon
                                                  POINTS="458 1208 511 1163 701 1166 732 1149 760 1166 786 1151 803 1170 836 1159 860 1166 974 1154 1014 1173 1031 1159 1076 1156 1095 1170 1117 1161 1169 1166 1181 1180 1233 1161 1273 1180 1292 1166 1361 1163 1402 1180 1452 1180 1456 1218 1414 1227 1357 1216 1271 1223 1259 1213 1169 1223 1150 1211 1114 1227 1041 1208 936 1211 905 1223 860 1208 829 1220 791 1211 461 1211"
                                                  />
                                                </Shape>
                                                <String
                                                  CONTENT="1° Billet aut. sig’., 1 p. in-32. — 2° L’Orpheline de village,"
                                                  HPOS="458" VPOS="1149" WIDTH="998" HEIGHT="78"/>
                                        </TextLine>



                                        <TextLine ID="tl_10" TAGREFS="LT96"
                                                BASELINE="417 1246 567 1246 657 1246 756 1253 900 1247 951 1247 1130 1256 1164 1248 1258 1249 1365 1259 1405 1253 1460 1253"
                                                HPOS="417" VPOS="1216" WIDTH="1043" HEIGHT="45">
                                                <Shape>
                                                  <Polygon
                                                  POINTS="417 1216 1460 1216 1460 1261 417 1261"/>
                                                </Shape>
                                                <String
                                                  CONTENT="romance aut. sig., paroles et musique, 6 sept. 1845, 2 p."
                                                  HPOS="417" VPOS="1216" WIDTH="1043" HEIGHT="45"/>
                                        </TextLine>



                                        <TextLine ID="tl_11" TAGREFS="LT96"
                                                BASELINE="416 1282 503 1290 651 1282" HPOS="416"
                                                VPOS="1252" WIDTH="235" HEIGHT="39">
                                                <Shape>
                                                  <Polygon
                                                  POINTS="416 1252 651 1252 651 1291 416 1291"/>
                                                </Shape>
                                                <String CONTENT="in-f., oblong." HPOS="416"
                                                  VPOS="1252" WIDTH="235" HEIGHT="39"/>
                                        </TextLine>



                                        <TextLine ID="tl_12" TAGREFS="LT96"
                                                BASELINE="375 1335 392 1335 472 1334 1050 1340 1171 1348 1302 1342 1458 1342"
                                                HPOS="375" VPOS="1303" WIDTH="1083" HEIGHT="48">
                                                <Shape>
                                                  <Polygon
                                                  POINTS="375 1303 1458 1303 1458 1351 375 1351"/>
                                                </Shape>
                                                <String
                                                  CONTENT="2. ALMELOVEEM (Théod.-Jaus. Van), savant médecin"
                                                  HPOS="375" VPOS="1303" WIDTH="1083" HEIGHT="48"/>
                                        </TextLine>



                                        <TextLine ID="tl_13" TAGREFS="LT96"
                                                BASELINE="416 1376 593 1384 787 1381 1015 1381 1062 1381 1113 1382 1223 1382"
                                                HPOS="416" VPOS="1344" WIDTH="807" HEIGHT="49">
                                                <Shape>
                                                  <Polygon
                                                  POINTS="416 1344 1223 1344 1223 1393 416 1393"/>
                                                </Shape>
                                                <String
                                                  CONTENT="hollandais, traducteur d’Hippocrate et de Celse."
                                                  HPOS="416" VPOS="1344" WIDTH="807" HEIGHT="49"/>
                                        </TextLine>



                                        <TextLine ID="tl_14" TAGREFS="LT96"
                                                BASELINE="451 1424 486 1424 568 1426 662 1427 762 1432 828 1427 935 1427 992 1427 1117 1428 1212 1428 1425 1437 1457 1430"
                                                HPOS="451" VPOS="1395" WIDTH="1006" HEIGHT="47">
                                                <Shape>
                                                  <Polygon
                                                  POINTS="451 1395 1457 1395 1457 1442 451 1442"/>
                                                </Shape>
                                                <String
                                                  CONTENT="45 lot. aut. sig., en latin, h Henri Van Sypesteyn, à"
                                                  HPOS="451" VPOS="1395" WIDTH="1006" HEIGHT="47"/>
                                        </TextLine>



                                        <TextLine ID="tl_15" TAGREFS="LT96"
                                                BASELINE="414 1461 537 1471 776 1463 1003 1470 1193 1471 1351 1465 1408 1467 1457 1467"
                                                HPOS="414" VPOS="1431" WIDTH="1043" HEIGHT="44">
                                                <Shape>
                                                  <Polygon
                                                  POINTS="414 1431 1457 1431 1457 1475 414 1475"/>
                                                </Shape>
                                                <String
                                                  CONTENT="Doorn; Harderwick (Hollande), 1693-1711, environ 80 p."
                                                  HPOS="414" VPOS="1431" WIDTH="1043" HEIGHT="44"/>
                                        </TextLine>



                                        <TextLine ID="tl_16" TAGREFS="LT96"
                                                BASELINE="416 1496 494 1504 651 1499" HPOS="416"
                                                VPOS="1468" WIDTH="235" HEIGHT="37">
                                                <Shape>
                                                  <Polygon
                                                  POINTS="416 1468 651 1468 651 1505 416 1505"/>
                                                </Shape>
                                                <String CONTENT="in-4, cachets." HPOS="416"
                                                  VPOS="1468" WIDTH="235" HEIGHT="37"/>
                                        </TextLine>



                                        <TextLine ID="tl_17" TAGREFS="LT96"
                                                BASELINE="470 1540 683 1541 817 1547 1034 1542 1065 1541 1223 1543 1280 1542 1458 1545"
                                                HPOS="470" VPOS="1514" WIDTH="988" HEIGHT="37">
                                                <Shape>
                                                  <Polygon
                                                  POINTS="470 1514 1458 1514 1458 1551 470 1551"/>
                                                </Shape>
                                                <String
                                                  CONTENT="Correspondance littéraire, bibliographique et scientifique fort intéressante."
                                                  HPOS="470" VPOS="1514" WIDTH="988" HEIGHT="37"/>
                                        </TextLine>



                                        <TextLine ID="tl_18" TAGREFS="LT96"
                                                BASELINE="373 1590 392 1590 472 1590 862 1597 997 1593 1055 1593 1211 1601 1320 1593 1457 1595"
                                                HPOS="373" VPOS="1558" WIDTH="1085" HEIGHT="47">
                                                <Shape>
                                                  <Polygon
                                                  POINTS="373 1558 1458 1558 1458 1605 373 1605"/>
                                                </Shape>
                                                <String
                                                  CONTENT="3. ARNOULD (Sophie), actrice de l’Opéra, aussi célèbre"
                                                  HPOS="373" VPOS="1558" WIDTH="1085" HEIGHT="47"/>
                                        </TextLine>



                                        <TextLine ID="tl_19" TAGREFS="LT96"
                                                BASELINE="414 1643 468 1632 535 1633 642 1633 712 1632 779 1633 851 1634 968 1634"
                                                HPOS="414" VPOS="1600" WIDTH="554" HEIGHT="45">
                                                <Shape>
                                                  <Polygon
                                                  POINTS="414 1600 968 1600 968 1645 414 1645"/>
                                                </Shape>
                                                <String CONTENT="par son esprit que par son talent."
                                                  HPOS="414" VPOS="1600" WIDTH="554" HEIGHT="45"/>
                                        </TextLine>



                                        <TextLine ID="tl_20" TAGREFS="LT96"
                                                BASELINE="448 1678 482 1679 541 1686 572 1679 657 1680 812 1689 848 1681 898 1682 1007 1681 1143 1682 1162 1690 1283 1690 1312 1683 1338 1681 1454 1686"
                                                HPOS="446" VPOS="1626" WIDTH="1006" HEIGHT="91">
                                                <Shape>
                                                  <Polygon
                                                  POINTS="446 1676 451 1641 598 1648 610 1638 679 1650 710 1638 720 1648 765 1641 784 1653 805 1643 872 1648 884 1638 917 1650 957 1643 1045 1653 1081 1643 1109 1653 1138 1626 1224 1626 1361 1631 1380 1650 1433 1645 1452 1683 1437 1695 1388 1698 1228 1691 1205 1712 1162 1717 772 1710 741 1686 663 1691 653 1679 608 1679 596 1691 568 1681 549 1691 491 1679 449 1686"
                                                  />
                                                </Shape>
                                                <String
                                                  CONTENT="L. a., sig. Sojrirfe Ar., à sa chère amie... ; Paris, 1er fruct."
                                                  HPOS="446" VPOS="1626" WIDTH="1006" HEIGHT="91"/>
                                        </TextLine>



                                        <TextLine ID="tl_21" TAGREFS="LT96"
                                                BASELINE="410 1715 450 1715 495 1722 530 1716 574 1717 635 1718 733 1718"
                                                HPOS="410" VPOS="1687" WIDTH="323" HEIGHT="39">
                                                <Shape>
                                                  <Polygon
                                                  POINTS="410 1687 733 1687 733 1726 410 1726"/>
                                                </Shape>
                                                <String CONTENT="an 9, 4 p. pl. in-4." HPOS="410"
                                                  VPOS="1687" WIDTH="323" HEIGHT="39"/>
                                        </TextLine>



                                        <TextLine ID="tl_22" TAGREFS="LT96"
                                                BASELINE="465 1759 547 1761 608 1761 631 1761 666 1761 723 1761 804 1762 837 1762 961 1762 1012 1761 1065 1761 1126 1763 1167 1762 1294 1766 1344 1761 1377 1763 1456 1764"
                                                HPOS="465" VPOS="1733" WIDTH="991" HEIGHT="38">
                                                <Shape>
                                                  <Polygon
                                                  POINTS="465 1733 1456 1733 1456 1771 465 1771"/>
                                                </Shape>
                                                <String
                                                  CONTENT="Epître tout à la fois triste et plaisante sur son état de maladie, qui la force"
                                                  HPOS="465" VPOS="1733" WIDTH="991" HEIGHT="38"/>
                                        </TextLine>



                                        <TextLine ID="tl_23" TAGREFS="LT96"
                                                BASELINE="434 1792 447 1792 539 1793 601 1793 664 1793 693 1793 828 1794 873 1792 965 1793 990 1794 1100 1794 1156 1795 1230 1800 1307 1794 1382 1795 1456 1796"
                                                HPOS="434" VPOS="1766" WIDTH="1022" HEIGHT="37">
                                                <Shape>
                                                  <Polygon
                                                  POINTS="434 1766 1456 1766 1456 1803 434 1803"/>
                                                </Shape>
                                                <String
                                                  CONTENT="à rester sur son cul comme un vieux singe. Si elle sort, c’est pour faire"
                                                  HPOS="434" VPOS="1766" WIDTH="1022" HEIGHT="37"/>
                                        </TextLine>



                                        <TextLine ID="tl_24" TAGREFS="LT96"
                                                BASELINE="434 1832 566 1827 660 1827 705 1825 819 1826 842 1833 993 1826 1044 1826 1118 1827 1246 1827 1287 1827 1396 1828 1454 1827"
                                                HPOS="434" VPOS="1799" WIDTH="1020" HEIGHT="37">
                                                <Shape>
                                                  <Polygon
                                                  POINTS="434 1799 1454 1799 1454 1836 434 1836"/>
                                                </Shape>
                                                <String
                                                  CONTENT="quatorze lieues en quinze jours. Tout au plus peut-elle se traîner aux"
                                                  HPOS="434" VPOS="1799" WIDTH="1020" HEIGHT="37"/>
                                        </TextLine>



                                        <TextLine ID="tl_25" TAGREFS="LT96"
                                                BASELINE="431 1858 560 1864 595 1858 640 1865 749 1859 802 1859 859 1859 950 1859 1024 1857 1051 1865 1176 1859 1223 1859 1345 1861 1382 1860 1456 1854"
                                                HPOS="431" VPOS="1831" WIDTH="1025" HEIGHT="37">
                                                <Shape>
                                                  <Polygon
                                                  POINTS="431 1831 1456 1831 1456 1868 431 1868"/>
                                                </Shape>
                                                <String
                                                  CONTENT="Tuileries, et s&#39;y camper sur une chaise pour y regarder les passants et s&#39;en¬"
                                                  HPOS="431" VPOS="1831" WIDTH="1025" HEIGHT="37"/>
                                        </TextLine>



                                        <TextLine ID="tl_26" TAGREFS="LT96"
                                                BASELINE="431 1889 507 1890 549 1891 608 1890 716 1891 749 1886 826 1897 901 1891 919 1890 1022 1890 1035 1895 1145 1892 1185 1891 1249 1892 1355 1892 1403 1892 1453 1892"
                                                HPOS="431" VPOS="1863" WIDTH="1022" HEIGHT="37">
                                                <Shape>
                                                  <Polygon
                                                  POINTS="431 1863 1453 1863 1453 1900 431 1900"/>
                                                </Shape>
                                                <String
                                                  CONTENT="nuyer de son oisiveté « Qu’y faire ? dit-elle ; souffrir et puis mourir !... La"
                                                  HPOS="431" VPOS="1863" WIDTH="1022" HEIGHT="37"/>
                                        </TextLine>



                                        <TextLine ID="tl_27" TAGREFS="LT96"
                                                BASELINE="431 1921 492 1922 620 1922 649 1920"
                                                HPOS="431" VPOS="1896" WIDTH="218" HEIGHT="27">
                                                <Shape>
                                                  <Polygon
                                                  POINTS="431 1896 649 1896 649 1923 431 1923"/>
                                                </Shape>
                                                <String CONTENT="belle chute!... »" HPOS="431"
                                                  VPOS="1896" WIDTH="218" HEIGHT="27"/>
                                        </TextLine>



                                        <TextLine ID="tl_28" TAGREFS="LT96"
                                                BASELINE="368 1973 386 1973 466 1971 1180 1976 1220 1981 1319 1974 1452 1974"
                                                HPOS="368" VPOS="1940" WIDTH="1084" HEIGHT="47">
                                                <Shape>
                                                  <Polygon
                                                  POINTS="368 1940 1452 1940 1452 1987 368 1987"/>
                                                </Shape>
                                                <String
                                                  CONTENT="4. AUBRY-LECOMTE (H.-L.-V.-J.-B ), très habile"
                                                  HPOS="368" VPOS="1940" WIDTH="1084" HEIGHT="47"/>
                                        </TextLine>



                                        <TextLine ID="tl_29" TAGREFS="LT96"
                                                BASELINE="408 2013 596 2015 808 2015" HPOS="408"
                                                VPOS="1981" WIDTH="400" HEIGHT="45">
                                                <Shape>
                                                  <Polygon
                                                  POINTS="408 1981 808 1981 808 2026 408 2026"/>
                                                </Shape>
                                                <String CONTENT="dessinateur lithographe."
                                                  HPOS="408" VPOS="1981" WIDTH="400" HEIGHT="45"/>
                                        </TextLine>



                                        <TextLine ID="tl_30" TAGREFS="LT96"
                                                BASELINE="445 2058 480 2058 526 2060 569 2060 605 2060 775 2067 966 2060 1183 2066 1275 2066 1304 2060 1353 2061 1450 2062"
                                                HPOS="445" VPOS="2026" WIDTH="1005" HEIGHT="44">
                                                <Shape>
                                                  <Polygon
                                                  POINTS="445 2026 1450 2026 1450 2070 445 2070"/>
                                                </Shape>
                                                <String
                                                  CONTENT="L. a. s. à Potrelle, marchand d’estampes, 1824, 1 p. in-8."
                                                  HPOS="445" VPOS="2026" WIDTH="1005" HEIGHT="44"/>
                                        </TextLine>



                                        <TextLine ID="tl_31" TAGREFS="LT96"
                                                BASELINE="409 2094 493 2094 573 2095 697 2096 801 2097 998 2095"
                                                HPOS="409" VPOS="2065" WIDTH="589" HEIGHT="40">
                                                <Shape>
                                                  <Polygon
                                                  POINTS="409 2065 998 2065 998 2105 409 2105"/>
                                                </Shape>
                                                <String CONTENT="Avec une notice biog. imprimée."
                                                  HPOS="409" VPOS="2065" WIDTH="589" HEIGHT="40"/>
                                        </TextLine>



                                        <TextLine ID="tl_32" TAGREFS="LT96"
                                                BASELINE="366 2150 385 2150 465 2147 832 2155 962 2147 1194 2154 1256 2150 1292 2149 1452 2143"
                                                HPOS="366" VPOS="2113" WIDTH="1086" HEIGHT="47">
                                                <Shape>
                                                  <Polygon
                                                  POINTS="366 2113 1452 2113 1452 2160 366 2160"/>
                                                </Shape>
                                                <String
                                                  CONTENT="5. BARBIER (A.-A.), savant bibliographe, né à Coulom¬"
                                                  HPOS="366" VPOS="2113" WIDTH="1086" HEIGHT="47"/>
                                        </TextLine>



                                        <TextLine ID="tl_34" TAGREFS="LT96"
                                                BASELINE="442 2237 467 2237 522 2237 580 2242 701 2242 748 2234 830 2236 927 2241 955 2235 1005 2235 1066 2235 1160 2238"
                                                HPOS="439" VPOS="2168" WIDTH="720" HEIGHT="81">
                                                <Shape>
                                                  <Polygon
                                                  POINTS="439 2234 489 2189 525 2180 575 2187 606 2168 625 2180 665 2180 686 2168 741 2187 760 2173 803 2192 822 2177 881 2185 907 2170 967 2170 1050 2194 1117 2180 1152 2194 1159 2237 1036 2249 976 2249 962 2239 824 2246 791 2237 442 2242"
                                                  />
                                                </Shape>
                                                <String
                                                  CONTENT="L. a. s.; Paris, 21 fév. 1807, 1 p. 1/2 in-4."
                                                  HPOS="439" VPOS="2168" WIDTH="720" HEIGHT="81"/>
                                        </TextLine>



                                        <TextLine ID="tl_35" TAGREFS="LT96"
                                                BASELINE="462 2279 567 2279 593 2279 621 2278 848 2277 902 2277 1074 2278"
                                                HPOS="462" VPOS="2251" WIDTH="612" HEIGHT="34">
                                                <Shape>
                                                  <Polygon
                                                  POINTS="462 2251 1074 2251 1074 2285 462 2285"/>
                                                </Shape>
                                                <String
                                                  CONTENT="Relative à son Dictionnaire des Anonymes."
                                                  HPOS="462" VPOS="2251" WIDTH="612" HEIGHT="34"/>
                                        </TextLine>



                                        <TextLine ID="tl_36" TAGREFS="LT96"
                                                BASELINE="366 2335 384 2335 492 2333 577 2334 761 2334 807 2335 863 2334 914 2334 959 2333 1158 2342 1284 2343 1448 2345"
                                                HPOS="366" VPOS="2288" WIDTH="1082" HEIGHT="57">
                                                <Shape>
                                                  <Polygon
                                                  POINTS="366 2288 1448 2288 1448 2345 366 2345"/>
                                                </Shape>
                                                <String
                                                  CONTENT="6. LE MÊME. 4 l. a. s. à Amanton; Paris, 1808-22,"
                                                  HPOS="366" VPOS="2288" WIDTH="1082" HEIGHT="57"/>
                                        </TextLine>



                                        <TextLine ID="tl_38" TAGREFS="LT96"
                                                BASELINE="462 2414 581 2415 610 2414 637 2415 866 2415 923 2415 954 2415 1115 2415 1143 2415 1170 2414 1375 2417 1450 2416"
                                                HPOS="462" VPOS="2386" WIDTH="988" HEIGHT="39">
                                                <Shape>
                                                  <Polygon
                                                  POINTS="462 2386 1450 2386 1450 2425 462 2425"/>
                                                </Shape>
                                                <String
                                                  CONTENT="Relatives à son Dictionnaire des anonymes et à sa Bibliothèque d’un"
                                                  HPOS="462" VPOS="2386" WIDTH="988" HEIGHT="39"/>
                                        </TextLine>



                                        <TextLine ID="tl_39" TAGREFS="LT96"
                                                BASELINE="427 2446 528 2446 573 2446 655 2445"
                                                HPOS="427" VPOS="2421" WIDTH="229" HEIGHT="33">
                                                <Shape>
                                                  <Polygon
                                                  POINTS="427 2421 656 2421 656 2454 427 2454"/>
                                                </Shape>
                                                <String CONTENT="homme de goût." HPOS="427"
                                                  VPOS="2421" WIDTH="229" HEIGHT="33"/>
                                        </TextLine>


                                </TextBlock>



                                <TextBlock ID="eSc_dummyblock_">


                                        <TextLine ID="tl_5" TAGREFS="LT96"
                                                BASELINE="905 674 935 674" HPOS="905" VPOS="657"
                                                WIDTH="30" HEIGHT="17">
                                                <Shape>
                                                  <Polygon POINTS="905 657 935 657 935 674 905 674"
                                                  />
                                                </Shape>
                                                <String CONTENT="DE" HPOS="905" VPOS="657"
                                                  WIDTH="30" HEIGHT="17"/>
                                        </TextLine>



                                        <TextLine ID="tl_33" TAGREFS="LT96"
                                                BASELINE="406 2191 507 2190" HPOS="406" VPOS="2158"
                                                WIDTH="101" HEIGHT="34">
                                                <Shape>
                                                  <Polygon
                                                  POINTS="406 2158 507 2158 507 2192 406 2192"/>
                                                </Shape>
                                                <String CONTENT="miers." HPOS="406" VPOS="2158"
                                                  WIDTH="101" HEIGHT="34"/>
                                        </TextLine>



                                        <TextLine ID="tl_37" TAGREFS="LT96"
                                                BASELINE="405 2372 421 2372 467 2372 564 2373"
                                                HPOS="405" VPOS="2343" WIDTH="159" HEIGHT="38">
                                                <Shape>
                                                  <Polygon
                                                  POINTS="405 2343 564 2343 564 2381 405 2381"/>
                                                </Shape>
                                                <String CONTENT="7 p. in-4." HPOS="405" VPOS="2343"
                                                  WIDTH="159" HEIGHT="38"/>
                                        </TextLine>


                                </TextBlock>

                        </PrintSpace>
                </Page>
        </Layout>
</alto>
