1818 2838
865 339 159 53 -4-

402 413 1083 52 7. BASAI! (P.-Fr.), graveur et célèbre expert d'estampes

441 462 258 36 du xviii* siècle.

477 509 573 43 Pièce aut. sig., 1786, 1/2 p. in-4.

495 552 990 40 Estimation de divers portefeuilles d'estampes gravées par Suruguc et au¬

463 589 429 35 tres, et de dessins de Desfossés.

398 627 1087 52 8. BAUSSET (le cardinal de), évêque d’Alais, historien

440 670 717 44 de Bossuet et de Fénelon, de l’Acad. franc.

476 718 971 46 L. a. 8. à l’abbé de Madières; Maffliers, 1821, 1 p. in-8.

496 764 989 47 Relative ii l'épitaphe en marbre blanc de M. de Jarentc, évêque d’Orléans,

464 799 827 42 que le cardinal a fait placer dans la cathédrale de cette ville.

397 844 878 53 9. BAYLE (Pierre), illustre écrivain philosophe.

480 875 1006 66 L. aut. à M. Valhebert, bibliothécaire, chez l’abbé Bi¬

441 930 839 50 gnon; 26 sept. 1697, 1 p. in-4. Un peu fatiguée.

492 967 992 49 Nouvelles littéraires, relatives b Marsolicr, Gregorio Loti, Travenol, Le¬

462 1020 132 30 clerc, etc.

402 1042 1080 62 10. BÉJABT (Armande-Cres -Cl.-Elis.), célèbre actrice,

439 1102 310 34 femme de Molière.

476 1142 887 47 Quit. sig., sur vélin, 1678, in-8. Avec un portrait.

495 1187 992 42 Reçu dans lequel est qualifiée « veuve de J.-U. Duquel!», sieur de Mo¬

461 1225 554 36 lière, valet de chambre de Sa Majesté. °

398 1270 1018 52 11. ltELLAMGER (Bip.), célèbre peintre de batailles.

474 1321 903 45 L. a. s. à Alph. Giroux; Rouen, 1833, 1 p. 1/2 in-8.

497 1371 413 31 Relative b un de ses tableaux.

400 1406 1087 64 12. BÉBAMGEB (P.-J.), notre grand chansonnier na¬

441 1469 105 32 tional.

478 1508 1006 48 L. a. s. (à Madicr de Montjeau); Sainte-Pélagie, 23 fév.

444 1552 310 40 1822, 4 p. pl. in-4.

494 1577 990 50 Epitrc du plus grand intérêt. — La captivité a pour lui des compensa¬

465 1622 1022 41 tions : il reçoit de tous côtés, de gens qu’il ne connaît pas même de noms,

464 1655 1024 43 du vin, du gibier, du poisson ; les vers et les chansons pleuve»! aussi. Il n’est

465 1688 1024 43 pas sans inquiétude sur les poursuites qu’on lui intente !i propos de la pu¬

465 1715 1023 49 blication de son procès. Il en aurait pour deux ans, et comme les prison¬

465 1753 1022 43 niers ne peuvent recevoir que leur femme, et qu’il est célibataire, on lui

464 1786 1025 41 conseille de se marier. » Voyez, dit-il, toutes les conséquences d'une con¬

465 1818 1023 40 damnation. » Il se console un peu en faisant des chansons, qui circulent au

466 1850 1021 48 dehors. Vue des dernières a été copiée à l’audience, pendant son procès,

464 1877 1025 48 jusque sur le bureau des juges, au nez de Marchangy. Des avis sinistres

465 1915 1023 41 ont été donnés ti Manuel. » Je tremble toujours, dit-il, qu'un coup de poi¬

466 1944 1020 44 gnard n'en prive la patrie. » Détails sur M"* Bérard, qui vient le visiter, et

466 1980 811 40 sur Cauchois-Lemaire, qui est dans la même prison que lui.

400 2010 1086 68 13. BEBBIAT-SAINT-PBIX (Jacques), juriscon¬

443 2069 1043 48 sulte et érudit, commentateur de Boileau, de i’Acad. des Insc.,

442 2119 249 36 né à Grenoble.

479 2165 1009 49 3 let. aut. sig. au bibliophile Bérard; Paris, 1827-28,

443 2212 158 40 4 p. in-8.

498 2254 990 42 Toutes relatives aux éditions princcps de Boileau, et particulièrement à

466 2293 397 29 celles attribuées aux Elzévirs.

400 2338 1090 47 14. BILEiAUD-VABEIlIÜE, conventionnel, célèbre

444 2380 592 48 membre du Comité de salut public.
