1887 2850
843 382 156 42 — 7  —

447 454 1017 38 mis de sa main cette note en regard : « Celte pièce n’est bonne que pour

446 486 780 35 ceux qui ont connu particulièrement celui dont on parle. »

381 522 1083 51 30. LE MÊME. Pièce de vers aut., avec fortes ratures

423 573 564 40 et corrections, 1 p. in-8 oblong.

480 619 984 37 « Epigramme sur le buste de marbre que M. Girardon, l'illustre sculp¬

446 653 293 29 teur, a faict de moi. »

383 688 1084 48 31. LE MÊME. Pièce aut., avec nombreuses ratures et

423 738 379 37 corrections, 7 p. in-4.

477 781 988 37 Préface de sa XIIe Satire, sur l'Equivoque, pièce fort intéressante par

445 814 1019 35 elle-même, et par les corrections, qui montrent avec quel soin Boileau tra¬

443 849 280 31 vaillait ses ouvrages.

381 885 1085 52 32. LE MÊME. Reproches de Chapelain à Boileau, poète à deux

422 935 1043 40 tranchants, dialogue, copie du temps, provenant des papiers

422 972 402 38 de Brossette, 6 p. in-4.

381 1022 1086 42 33. BOILEAU (Jacques), docteur de Sorbonne, auteur de

421 1063 881 42 l'Histoire des Flagellants, frère du grand satirique.

456 1112 849 39 L. a. s. (à l’abbée d’Estrées), 2 p. in-8. Jolie pièce.

476 1159 990 33 Relative au rang que l'usage assigne aux chevaliers de l'ordre du Saint-

445 1192 403 31 Esprit dans les lits de justice.

378 1236 1087 43 34. BOISTE (Pierre), lexicographe, auteur d’un Diction¬

421 1277 220 34 naire estimé.

456 1326 484 41 2 l. a. s., 1818, 2 p. 1/2 in-8.

380 1378 966 43 35. BONAPARTE (Lucien), frère de Napoléon Ier.

456 1424 1010 39 L. s. au citoyen Bouillon; Paris, 25 fruct. an 8, 1 p. 1/2

420 1460 75 31 in-4.

476 1502 990 31 Il le remercie de vouloir bien confier les armes du grand Turenne et le

442 1534 1024 33 boulet qui l’a frappé, pour la cérémonie de la translation de sa dépouille

444 1567 302 27 mortelle aux Invalides.

380 1612 1085 44 36. BOUILLON (Jacques-Léopold-Charles-Godefroy, duc

418 1654 1044 44 de), dernier prince souverain de Sedan, né le 12 janv. 1746,

419 1696 388 41 mort le 18 pluv. an 10.

464 1740 999 41 1° Papiers relatifs à l’échange de Sedan avec Louis XIV,

419 1776 1042 41 à la confiscation des droits des Bouillon par la Convention,

417 1814 1047 40 et aux revendications des membres de cette famille; dos¬

419 1852 1041 36 sier intéressant, offrant la matière d’un fort volume in-f.

417 1888 1044 41 — 2° Manuscrit autog. du prince, divisé en cahiers in-f.,

418 1925 777 31 et formant la matière d’environ 3 volumes.

472 1967 992 33 Ce manuscrit, distribué par chapitres, est relatif aux mœurs du temps et

441 1997 1021 33 aux femmes. Voici quelques-uns des titres : Sur les jolies figures des fem¬

442 2028 1020 33 mes et sur les laideurs de celles des hommes;—Sur le coquinisme et

443 2060 1020 33 l'honnette homme. Un des chapitres est intitulé Description de Navarre,

442 2093 515 31 une de ses résidences, près d’Evreux.

377 2136 1086 37 37. BOURSAULT-MALHERBE comédien et con¬

418 2177 1045 44 ventionnel, un des thermidoriens dont la fortune rapide excita

418 2218 331 43 le plus de scandale.

457 2263 634 39 L. a. s.; Rennes, 12 frim., 3 p. in-4.

377 2304 1001 54 38. LE MÊME. 3 l. a. s., an 3, 3 p. in-f. et 4 p. in-4.

378 2369 1085 44 39. BROFFERIO (A.), député et historien, le chef du

418 2410 540 43 parti démocratique en Piémont.
