1884 2836
954 231 168 37 — 2  —

315 329 1445 52 brillante qui n’a pas duré moins de deux heures. Le ministère public

312 378 1449 53 a répliqué. M. Chasles a été rappelé pour quelques explications. Comme

314 428 1445 52 il parlait des trois cents premières lettres de Galilée que Lucas lui

312 477 1449 53 avait livrées d’abord, le président a dit en passant : «C'était déjà

313 527 1442 51 beaucoup trop », ce qui a excité une hilarité générale dans la salle.

313 576 1447 51 Après une courte réplique du défenseur, le Tribunal s’est retiré dans

314 626 1445 55 la chambre des délibérations, d’où il a rapporté un verdict condam¬

313 676 1447 50 nant Vrain-Lucas à deux ans d’emprisonnement, 500 fr. d'amende et

311 725 239 49 aux dépens.

360 775 1399 50 Voilà l'affaire dans toute sa sécheresse. Il n’entre pas dans notre

310 824 1449 50 cadre d’en rendre un compte régulier, complet, donnant les faits dans

311 874 1448 52 l’ordre où ils se sont déroulés devant le Tribunal. Il nous semble plus

311 924 1448 51 instructif de rappeler les choses les plus intéressantes, en groupant les

306 973 1451 52 détails éparpillés dans le rapport des experts, l’interrogatoire, le ré¬

307 1023 525 50 quisitoire et la plaidoirie.

358 1080 1399 61 Notice sur Lucas. — Il est âgé de 52 ans. Fils d’un journalier de

307 1133 1444 51 Lanneray, près de Châteaudun, il ne reçut qu’une instruction primaire,

305 1181 1448 52 travailla chez un avoué et au greffe des hypothèques de cette ville. Il

304 1232 1451 51 montrait beaucoup de goût pour l’étude, et fréquentait assidûment

303 1281 1450 52 la bibliothèque publique. Venu à Paris en 1852, il brigua un emploi

302 1331 1454 52 à la Bibliothèque impériale ; mais il fut repoussé, faute d’un diplôme

302 1380 1450 52 de bachelier. Son ignorance du latin lui fit également refuser un emploi

300 1430 1457 49 dans une librairie ancienne importante. « A ce moment, lit-on dans le

300 1478 1455 53 réquisitoire, un malheureux hasard l’a mis en rapport avec le directeur

300 1528 1453 57 d’un cabinet généalogique d'un triste renom, le cabinet Letellier,

300 1577 1456 51 ancien cabinet Courtois. C’est là, évidemment, que Lucas s’est perdu

301 1627 1454 51 et qu’il est devenu ce qu’il est actuellement ^ C’est là en effet qu’il

301 1676 1451 52 fabriqua les deux lettres de Montaigne dont il sera parlé plus loin.

303 1725 1452 52 Lucas fréquentait les cours de MM. Damiron, Lenormand et Géruzez,

300 1774 1456 53 et employait le reste de ses loisirs dans les bibliothèques. Lors de son

298 1824 1459 51 arrestation, Lucas était surveillé depuis un mois par la police. Il occu¬

301 1873 1458 53 pait un petit appartement, rue Saint-Georges, avec sa maîtresse (il était

299 1925 1457 51 veuf et père de famille). On avait remarqué qu’il ne sortait de chez lui

300 1973 1455 52 qu’à onze heures, déjeunait au café Riche ou dans une crémerie,

301 2023 1458 52 allait travailler à la Bibliothèque impériale, rentrait chez lui après

302 2072 1458 53 dîner, ne parlait à personne et n’allait que chez M. Chasles. M. le Pré¬

303 2121 1457 53 sident lui ayant demandé ce qu’il avait fait des 140,000 fr. et plus

308 2166 1453 57 que lui avait comptés M. Chasles, il a d’abord avoué qu’il avait mis en

305 2222 1144 50 réserve 4 à 5,000 fr., puis il est revenu sur ses aveux.

357 2285 1403 53 PREMIERS ACHATS DE M. CHASLES. — Voici ce que dit à ce sujet

307 2336 1453 56 M Chasles, dans sa déposition ; « Il y a longtemps déjà, plus de huit

306 2385 1452 51 ans, M. Lucas s’est présenté chez moi; il se disait de Châteaudun;

307 2435 1456 52 comme je suis de Chartres, nous étions presque du même pays, je le

308 2485 1445 51 reçus. 11 médit qu’il était chargé de placer, de la part d’un collection¬

309 2534 1453 52 neur, une grande quantité de manuscrits et de livres d’une grande

311 2584 1451 58 valeur, et, tout particulièrement des lettres autographes. La première

312 2632 1448 54 pièce qu’il m’apporta fut une lettre de Molière, qu’il me fit payer
