<?xml version="1.0" encoding="UTF-8"?>
<alto xmlns:xsi="http://www.w3.org/2001/XMLSchema-instance" xmlns="http://www.loc.gov/standards/alto/ns-v4#" xsi:schemaLocation="http://www.loc.gov/standards/alto/ns-v4# https://gitlab.inria.fr/scripta/escriptorium/-/raw/develop/app/escriptorium/static/alto-4-1-baselines.xsd">
        <Description><MeasurementUnit>pixel</MeasurementUnit><sourceImageInformation><fileName>1870_03_RDA_N025-1.png</fileName></sourceImageInformation></Description>

        <Tags><OtherTag ID="BT6" LABEL="Figure" DESCRIPTION="block type Figure"/><OtherTag ID="BT2" LABEL="Main" DESCRIPTION="block type Main"/><OtherTag ID="BT8" LABEL="Numbering" DESCRIPTION="block type Numbering"/><OtherTag ID="BT13" LABEL="Stamp" DESCRIPTION="block type Stamp"/><OtherTag ID="BT1" LABEL="Title" DESCRIPTION="block type Title"/><OtherTag ID="BT15" LABEL="Entry" DESCRIPTION="block type Entry"/><OtherTag ID="BT16" LABEL="EntryEnd" DESCRIPTION="block type EntryEnd"/><OtherTag ID="LT1" LABEL="Default" DESCRIPTION="line type Default"/></Tags>

        <Layout><Page WIDTH="1850" HEIGHT="2885" PHYSICAL_IMG_NR="13" ID="eSc_dummypage_"><PrintSpace HPOS="0" VPOS="0" WIDTH="1850" HEIGHT="2885"><TextBlock HPOS="198.0" VPOS="1103.0" WIDTH="1519.0" HEIGHT="1543.0" ID="eSc_textblock_ac6979a5" TAGREFS="BT2"><Shape>
                                                <Polygon POINTS="198 1103 198 2646 1717 2646 1717 1103"/>
                                        </Shape><TextLine ID="tl_15" TAGREFS="LT1" BASELINE="1163 1185 1477 1185" HPOS="1163.0" VPOS="1160.0" WIDTH="314.0" HEIGHT="27.0"><Shape>
                                                  <Polygon POINTS="1163 1160 1477 1160 1477 1187 1163 1187"/>
                                                </Shape><String CONTENT="BUREAUX:" HPOS="1163.0" VPOS="1160.0" WIDTH="314.0" HEIGHT="27.0"/></TextLine><TextLine ID="tl_16" TAGREFS="LT1" BASELINE="987 1254 1632 1251" HPOS="984.0" VPOS="1224.0" WIDTH="648.0" HEIGHT="34.0"><Shape>
                                                  <Polygon POINTS="984 1226 1632 1224 1632 1256 984 1258"/>
                                                </Shape><String CONTENT="60, rue Saint-André-des-Arts," HPOS="984.0" VPOS="1224.0" WIDTH="648.0" HEIGHT="34.0"/></TextLine><TextLine ID="tl_17" TAGREFS="LT1" BASELINE="1104 1301 1537 1299" HPOS="1102.0" VPOS="1273.0" WIDTH="435.0" HEIGHT="32.0"><Shape>
                                                  <Polygon POINTS="1102 1273 1537 1274 1537 1305 1102 1304"/>
                                                </Shape><String CONTENT="Précédemment »° 80, !» Parie." HPOS="1102.0" VPOS="1273.0" WIDTH="435.0" HEIGHT="32.0"/></TextLine><TextLine ID="tl_18" TAGREFS="LT1" BASELINE="605 1395 1281 1395" HPOS="605.0" VPOS="1357.0" WIDTH="676.0" HEIGHT="39.0"><Shape>
                                                  <Polygon POINTS="605 1357 1281 1357 1281 1396 605 1396"/>
                                                </Shape><String CONTENT="UN NUMÉRO : 25 CENTIMES" HPOS="605.0" VPOS="1357.0" WIDTH="676.0" HEIGHT="39.0"/></TextLine><TextLine ID="tl_19" TAGREFS="LT1" BASELINE="263 1542 1626 1542" HPOS="263.0" VPOS="1507.0" WIDTH="1363.0" HEIGHT="47.0"><Shape>
                                                  <Polygon POINTS="263 1507 1626 1507 1626 1554 263 1554"/>
                                                </Shape><String CONTENT="Sommaire : 1. Procès des faux autographes, affaire Vrain-Lucas. —" HPOS="263.0" VPOS="1507.0" WIDTH="1363.0" HEIGHT="47.0"/></TextLine><TextLine ID="tl_20" TAGREFS="LT1" BASELINE="306 1596 1623 1596" HPOS="306.0" VPOS="1563.0" WIDTH="1317.0" HEIGHT="43.0"><Shape>
                                                  <Polygon POINTS="306 1563 1623 1563 1623 1606 306 1606"/>
                                                </Shape><String CONTENT="2. Collection Joseph Ajazzi .— 3. Autographes à prix marqués." HPOS="306.0" VPOS="1563.0" WIDTH="1317.0" HEIGHT="43.0"/></TextLine><TextLine ID="tl_21" TAGREFS="LT1" BASELINE="466 1738 1433 1738" HPOS="466.0" VPOS="1686.0" WIDTH="967.0" HEIGHT="53.0"><Shape>
                                                  <Polygon POINTS="466 1686 1433 1686 1433 1739 466 1739"/>
                                                </Shape><String CONTENT="PROCÈS DE FAUX AUTOGRAPHES." HPOS="466.0" VPOS="1686.0" WIDTH="967.0" HEIGHT="53.0"/></TextLine><TextLine ID="tl_22" TAGREFS="LT1" BASELINE="665 1827 1211 1827" HPOS="665.0" VPOS="1789.0" WIDTH="546.0" HEIGHT="39.0"><Shape>
                                                  <Polygon POINTS="665 1789 1211 1789 1211 1828 665 1828"/>
                                                </Shape><String CONTENT="AFFAIRE VRAIN-LUCAS" HPOS="665.0" VPOS="1789.0" WIDTH="546.0" HEIGHT="39.0"/></TextLine><TextLine ID="tl_23" TAGREFS="LT1" BASELINE="273 1910 1666 1910" HPOS="273.0" VPOS="1871.0" WIDTH="1393.0" HEIGHT="51.0"><Shape>
                                                  <Polygon POINTS="273 1871 1666 1871 1666 1922 273 1922"/>
                                                </Shape><String CONTENT="Vrain-Lucas, le faussaire, avait été arrêté le 9 septembre dernier." HPOS="273.0" VPOS="1871.0" WIDTH="1393.0" HEIGHT="51.0"/></TextLine><TextLine ID="tl_24" TAGREFS="LT1" BASELINE="227 1959 1672 1959" HPOS="227.0" VPOS="1921.0" WIDTH="1445.0" HEIGHT="50.0"><Shape>
                                                  <Polygon POINTS="227 1921 1672 1921 1672 1971 227 1971"/>
                                                </Shape><String CONTENT="La masse de la collection acquise par M. Chasles, au nombre de" HPOS="227.0" VPOS="1921.0" WIDTH="1445.0" HEIGHT="50.0"/></TextLine><TextLine ID="tl_25" TAGREFS="LT1" BASELINE="224 2009 1671 2009" HPOS="224.0" VPOS="1970.0" WIDTH="1447.0" HEIGHT="53.0"><Shape>
                                                  <Polygon POINTS="224 1970 1671 1970 1671 2023 224 2023"/>
                                                </Shape><String CONTENT="plus de 27,000 pièces, avait été transportée à la Bibliothèque impé¬" HPOS="224.0" VPOS="1970.0" WIDTH="1447.0" HEIGHT="53.0"/></TextLine><TextLine ID="tl_26" TAGREFS="LT1" BASELINE="223 2058 1668 2058" HPOS="223.0" VPOS="2019.0" WIDTH="1445.0" HEIGHT="50.0"><Shape>
                                                  <Polygon POINTS="223 2019 1668 2019 1668 2069 223 2069"/>
                                                </Shape><String CONTENT="riale, et soumise à l’expertise de deux érudits distingués, M Henri" HPOS="223.0" VPOS="2019.0" WIDTH="1445.0" HEIGHT="50.0"/></TextLine><TextLine ID="tl_27" TAGREFS="LT1" BASELINE="227 2108 1671 2108" HPOS="227.0" VPOS="2066.0" WIDTH="1444.0" HEIGHT="53.0"><Shape>
                                                  <Polygon POINTS="227 2066 1671 2066 1671 2119 227 2119"/>
                                                </Shape><String CONTENT="Bordier, connu par ses travaux sur les autographes, et M. Mabille, em¬" HPOS="227.0" VPOS="2066.0" WIDTH="1444.0" HEIGHT="53.0"/></TextLine><TextLine ID="tl_28" TAGREFS="LT1" BASELINE="225 2157 1318 2157" HPOS="225.0" VPOS="2118.0" WIDTH="1093.0" HEIGHT="53.0"><Shape>
                                                  <Polygon POINTS="225 2118 1318 2118 1318 2171 225 2171"/>
                                                </Shape><String CONTENT="ployé à la Bibliothèque, département des manuscrits." HPOS="225.0" VPOS="2118.0" WIDTH="1093.0" HEIGHT="53.0"/></TextLine><TextLine ID="tl_29" TAGREFS="LT1" BASELINE="278 2206 1670 2206" HPOS="278.0" VPOS="2168.0" WIDTH="1392.0" HEIGHT="43.0"><Shape>
                                                  <Polygon POINTS="278 2168 1670 2168 1670 2211 278 2211"/>
                                                </Shape><String CONTENT="L’affaire est venue, le 16 février, au tribunal correctionnel de Paris," HPOS="278.0" VPOS="2168.0" WIDTH="1392.0" HEIGHT="43.0"/></TextLine><TextLine ID="tl_30" TAGREFS="LT1" BASELINE="225 2256 1674 2256" HPOS="225.0" VPOS="2217.0" WIDTH="1449.0" HEIGHT="51.0"><Shape>
                                                  <Polygon POINTS="225 2217 1674 2217 1674 2268 225 2268"/>
                                                </Shape><String CONTENT="6 e chambre, présidée par M. Brunet, M. l’avocat impérial Fourchy oc¬" HPOS="225.0" VPOS="2217.0" WIDTH="1449.0" HEIGHT="51.0"/></TextLine><TextLine ID="tl_31" TAGREFS="LT1" BASELINE="224 2305 1675 2305" HPOS="224.0" VPOS="2266.0" WIDTH="1451.0" HEIGHT="52.0"><Shape>
                                                  <Polygon POINTS="224 2266 1675 2266 1675 2318 224 2318"/>
                                                </Shape><String CONTENT="cupant le siège du ministère public. Celte première audience a été" HPOS="224.0" VPOS="2266.0" WIDTH="1451.0" HEIGHT="52.0"/></TextLine><TextLine ID="tl_32" TAGREFS="LT1" BASELINE="225 2354 1670 2354" HPOS="225.0" VPOS="2315.0" WIDTH="1445.0" HEIGHT="51.0"><Shape>
                                                  <Polygon POINTS="225 2315 1670 2315 1670 2366 225 2366"/>
                                                </Shape><String CONTENT="consacrée à l’interrogatoire du prévenu, à l’audition des témoins," HPOS="225.0" VPOS="2315.0" WIDTH="1445.0" HEIGHT="51.0"/></TextLine><TextLine ID="tl_33" TAGREFS="LT1" BASELINE="227 2403 1673 2403" HPOS="227.0" VPOS="2366.0" WIDTH="1446.0" HEIGHT="49.0"><Shape>
                                                  <Polygon POINTS="227 2366 1673 2366 1673 2415 227 2415"/>
                                                </Shape><String CONTENT="M. Chasles et les deux experts, et au réquisitoire de M l’avocat im¬" HPOS="227.0" VPOS="2366.0" WIDTH="1446.0" HEIGHT="49.0"/></TextLine><TextLine ID="tl_34" TAGREFS="LT1" BASELINE="226 2453 1676 2453" HPOS="226.0" VPOS="2412.0" WIDTH="1450.0" HEIGHT="54.0"><Shape>
                                                  <Polygon POINTS="226 2412 1676 2412 1676 2466 226 2466"/>
                                                </Shape><String CONTENT="périal. Il y a eu remise h huitaine pour entendre la défense et lé pro¬" HPOS="226.0" VPOS="2412.0" WIDTH="1450.0" HEIGHT="54.0"/></TextLine><TextLine ID="tl_35" TAGREFS="LT1" BASELINE="228 2503 628 2503" HPOS="228.0" VPOS="2466.0" WIDTH="400.0" HEIGHT="49.0"><Shape>
                                                  <Polygon POINTS="228 2466 628 2466 628 2515 228 2515"/>
                                                </Shape><String CONTENT="noncé du jugement." HPOS="228.0" VPOS="2466.0" WIDTH="400.0" HEIGHT="49.0"/></TextLine><TextLine ID="tl_36" TAGREFS="LT1" BASELINE="280 2551 1675 2551" HPOS="280.0" VPOS="2513.0" WIDTH="1395.0" HEIGHT="50.0"><Shape>
                                                  <Polygon POINTS="280 2513 1675 2513 1675 2563 280 2563"/>
                                                </Shape><String CONTENT="A l’audience du 23 , i\l e Horace Helbronner, jeune avocat stagiaire," HPOS="280.0" VPOS="2513.0" WIDTH="1395.0" HEIGHT="50.0"/></TextLine><TextLine ID="tl_37" TAGREFS="LT1" BASELINE="229 2601 1678 2601" HPOS="229.0" VPOS="2555.0" WIDTH="1449.0" HEIGHT="59.0"><Shape>
                                                  <Polygon POINTS="229 2555 1678 2555 1678 2614 229 2614"/>
                                                </Shape><String CONTENT="désigné par le bâtonnier de l'ordre, a défendu Lucas dans une plaidoirie" HPOS="229.0" VPOS="2555.0" WIDTH="1449.0" HEIGHT="59.0"/></TextLine></TextBlock><TextBlock HPOS="186.0" VPOS="277.0" WIDTH="1555.0" HEIGHT="811.0" ID="eSc_textblock_3b80bec0" TAGREFS="BT1"><Shape>
                                                <Polygon POINTS="186 277 195 1088 1741 1088 1741 277"/>
                                        </Shape><TextLine ID="tl_5" TAGREFS="LT1" BASELINE="701 396 1167 396" HPOS="701.0" VPOS="333.0" WIDTH="466.0" HEIGHT="66.0"><Shape>
                                                  <Polygon POINTS="701 333 1167 333 1167 399 701 399"/>
                                                </Shape><String CONTENT="REVUE" HPOS="701.0" VPOS="333.0" WIDTH="466.0" HEIGHT="66.0"/></TextLine><TextLine ID="tl_6" TAGREFS="LT1" BASELINE="900 485 967 485" HPOS="900.0" VPOS="460.0" WIDTH="67.0" HEIGHT="25.0"><Shape>
                                                  <Polygon POINTS="900 460 967 460 967 485 900 485"/>
                                                </Shape><String CONTENT="DES" HPOS="900.0" VPOS="460.0" WIDTH="67.0" HEIGHT="25.0"/></TextLine><TextLine ID="tl_11" TAGREFS="LT1" BASELINE="218 720 1658 720" HPOS="218.0" VPOS="542.0" WIDTH="1440.0" HEIGHT="180.0"><Shape>
                                                  <Polygon POINTS="218 542 1658 542 1658 722 218 722"/>
                                                </Shape><String CONTENT="AUTOGRAPHES" HPOS="218.0" VPOS="542.0" WIDTH="1440.0" HEIGHT="180.0"/></TextLine><TextLine ID="tl_12" TAGREFS="LT1" BASELINE="402 847 1481 847" HPOS="402.0" VPOS="794.0" WIDTH="1079.0" HEIGHT="54.0"><Shape>
                                                  <Polygon POINTS="402 794 1481 794 1481 848 402 848"/>
                                                </Shape><String CONTENT="DES CURIOSITÉS DE L’HISTOIRE &amp; DE LA BIOGRAPHIE" HPOS="402.0" VPOS="794.0" WIDTH="1079.0" HEIGHT="54.0"/></TextLine><TextLine ID="tl_13" TAGREFS="LT1" BASELINE="244 946 1636 950" HPOS="243.0" VPOS="914.0" WIDTH="1391.0" HEIGHT="34.0"><Shape>
                                                  <Polygon POINTS="243 915 1634 914 1634 947 243 948"/>
                                                </Shape><String CONTENT="MOIS, SOUS LA DIRECTION DE  " HPOS="243.0" VPOS="914.0" WIDTH="1391.0" HEIGHT="34.0"/></TextLine><TextLine ID="tl_14" TAGREFS="LT1" BASELINE="657 1042 1229 1042" HPOS="657.0" VPOS="1009.0" WIDTH="572.0" HEIGHT="34.0"><Shape>
                                                  <Polygon POINTS="657 1009 1229 1009 1229 1043 657 1043"/>
                                                </Shape><String CONTENT="GABRIEL GHARAVAY" HPOS="657.0" VPOS="1009.0" WIDTH="572.0" HEIGHT="34.0"/></TextLine></TextBlock><TextBlock HPOS="267.0" VPOS="163.0" WIDTH="159.0" HEIGHT="69.0" ID="eSc_textblock_a664053e" TAGREFS="BT8"><Shape>
                                                <Polygon POINTS="267 163 267 232 426 232 426 163"/>
                                        </Shape><TextLine ID="tl_1" TAGREFS="LT1" BASELINE="277 211 431 211" HPOS="277.0" VPOS="179.0" WIDTH="154.0" HEIGHT="34.0"><Shape>
                                                  <Polygon POINTS="277 179 431 179 431 213 277 213"/>
                                                </Shape><String CONTENT="No 25." HPOS="277.0" VPOS="179.0" WIDTH="154.0" HEIGHT="34.0"/></TextLine></TextBlock><TextBlock HPOS="1321.0" VPOS="163.0" WIDTH="285.0" HEIGHT="78.0" ID="eSc_textblock_c2be2d74" TAGREFS=""><Shape>
                                                <Polygon POINTS="1321 163 1321 241 1606 241 1606 163"/>
                                        </Shape><TextLine ID="tl_3" TAGREFS="LT1" BASELINE="1338 214 1609 214" HPOS="1338.0" VPOS="179.0" WIDTH="271.0" HEIGHT="36.0"><Shape>
                                                  <Polygon POINTS="1338 179 1609 179 1609 215 1338 215"/>
                                                </Shape><String CONTENT="Mars 1870." HPOS="1338.0" VPOS="179.0" WIDTH="271.0" HEIGHT="36.0"/></TextLine></TextBlock><TextBlock HPOS="1258.0" VPOS="247.0" WIDTH="519.0" HEIGHT="273.0" ID="eSc_textblock_cc26d9c2" TAGREFS="BT13"><Shape>
                                                <Polygon POINTS="1258 247 1258 520 1777 520 1777 247"/>
                                        </Shape></TextBlock><TextBlock HPOS="132.0" VPOS="914.0" WIDTH="516.0" HEIGHT="441.0" ID="eSc_textblock_7f1508d4" TAGREFS="BT13"><Shape>
                                                <Polygon POINTS="132 914 132 1355 648 1355 648 914"/>
                                        </Shape><TextLine ID="line_1538140871649_160" TAGREFS="LT1" BASELINE="330 1186 796 1188" HPOS="330.0" VPOS="1158.0" WIDTH="467.0" HEIGHT="35.0"><Shape>
                                                  <Polygon POINTS="331 1158 797 1160 796 1193 330 1191"/>
                                                </Shape><String CONTENT="ABONNEMENTS:" HPOS="330.0" VPOS="1158.0" WIDTH="467.0" HEIGHT="35.0"/></TextLine><TextLine ID="line_1538140878157_161" TAGREFS="LT1" BASELINE="251 1252 896 1256" HPOS="248.0" VPOS="1222.0" WIDTH="648.0" HEIGHT="39.0"><Shape>
                                                  <Polygon POINTS="248 1222 893 1226 896 1261 251 1257"/>
                                                </Shape><String CONTENT="      " HPOS="248.0" VPOS="1222.0" WIDTH="648.0" HEIGHT="39.0"/></TextLine><TextLine ID="line_1538140886586_162" TAGREFS="LT1" BASELINE="250 1302 825 1305" HPOS="249.0" VPOS="1266.0" WIDTH="576.0" HEIGHT="44.0"><Shape>
                                                  <Polygon POINTS="249 1266 824 1269 825 1310 250 1307"/>
                                                </Shape><String CONTENT="  " HPOS="249.0" VPOS="1266.0" WIDTH="576.0" HEIGHT="44.0"/></TextLine></TextBlock></PrintSpace></Page></Layout>
</alto>
