1884 2823
921.0 155.0 192.0 37.0 — 12 —

380.0 235.0 1368.0 47.0 Bayonne. — L. a. s. à Stéphen de la Madeleine, 1 p. in-8.

376.0 282.0 1374.0 35.0 Curieuse. 1 50

314.0 323.0 1433.0 46.0 12 Batta (Alex.), célèbre violoncelliste et compositeur. — L. a. s.

377.0 367.0 1369.0 46.0 à Stéphen de la Madeleine, 12 août 1856, 1 p. 1/2 in-8. 3 »

315.0 412.0 1433.0 46.0 13 Bataille (Ch.-Amable), célèbre chanteur de l’Opéra-Comique,

377.0 456.0 1370.0 45.0 né à Nantes.— L. a. s. à Stéphen de la Madeleine, 1 p. in-8. 2 »

314.0 501.0 1433.0 50.0 14 Beaumarchais (Caron de), l’illustre auteur du Mariage de Figaro.

378.0 545.0 1369.0 45.0 — L. s., avec une correction et trois lignes autog., à M. Du

380.0 589.0 1365.0 45.0 Portail; Paris, 30 nov. 1791, 3 p. in-4. 8 »

404.0 634.0 1346.0 38.0 Curieuse lettre relative à des fusils commandés en Angleterre pour la France. Il

377.0 672.0 1374.0 41.0 signe : Caron Beaumarchais, soldat citoyen de la compagnie Taillandier,

376.0 711.0 550.0 32.0 section de la rue de Montreuil.

316.0 750.0 1433.0 46.0 15 Beauvillier (Marie de), maîtresse de Henri IV. — Quit. sig.

377.0 795.0 1371.0 49.0 sur vélin, comme Abbesse de Montmartre, 25 sept. 1635, cach. 2 »

315.0 838.0 1434.0 46.0 16 Béguillet (Edme), célèbre agronome, historien de la Bourgogne

377.0 882.0 1372.0 46.0 et de Paris. — L. a. s. à Haller fils; Dijon, 1778, 3 p. in-4,

377.0 927.0 1372.0 45.0 cachet. Relative à ses ouvrages. 7 »

316.0 971.0 1437.0 45.0 17 Béranger, le célèbre chansonnier. — L. a. sig. B., à M. Fabre¬

378.0 1017.0 1375.0 44.0 guettes, 1 p. in-8. 2 50

313.0 1059.0 1440.0 46.0 18 Berlioz (Hector), illustre compositeur. — L. a. s. à Stéphen de

378.0 1104.0 1376.0 47.0 la Madeleine; 25 août 1862, 2 p. in-8. 3 50

404.0 1147.0 1346.0 42.0 Curieuse épître. Il le remercie d'un article élogieux, qui lui a fait grand plaisir.

380.0 1187.0 1375.0 40.0 « Du moins, dit-il, autant que puisse me faire plaisir une preuve d’amitié, car je

377.0 1227.0 1375.0 39.0 deviens de plus en plus indifférent à tout. Les douleurs physiques m’exténuent,

378.0 1266.0 1374.0 39.0 l’isolement et l’ennui m’écrasent, et je n’aspire plus qu’à m'en aller vite en terre,

378.0 1305.0 1314.0 39.0 comme Marlborough, sans même être porté comme lui par quatre-z-ofticiers. »

315.0 1343.0 1440.0 45.0 19 Bienaimé (Paul-Emile), musicien et compositeur, professeur

377.0 1386.0 1375.0 54.0 au Conservatoire, maître de chapelle de Notre-Dame de Paris.

377.0 1432.0 1378.0 46.0 — L. a. s. à Stéphen de la Madeleine, 1829, 1 p. 1/2 in-8. 1 50

311.0 1475.0 1443.0 46.0 20 Bitaubé (P.-J.), célèbre helléniste, traducteur estimé d’Homère,

378.0 1520.0 1376.0 44.0 de l’Institut. — L. a. s. à Treuttel et Wurtz; Paris, 3 vent,

380.0 1566.0 1372.0 45.0 an XII, 1 p. in-4. 4 »

407.0 1610.0 971.0 45.0 Toute relative à la publication de ses Œuvres complètes.

312.0 1647.0 1442.0 47.0 21 Bohmer, joaillier de la cour, qui vendit le fameux collier de

380.0 1693.0 1372.0 45.0 la reine. — Pièce sig., 1777, 1 p. in-f. 5 »

406.0 1737.0 1349.0 40.0 Ordonnance de paiement sig. du comte de Provence (Louis XVIII), de la somme

378.0 1776.0 1377.0 40.0 de 50,000 fr pour diamants fournis au prince par Bohmer, qui a donné son

381.0 1816.0 789.0 40.0 acquit au dos, en signant : Bohmer et Compe.

311.0 1853.0 1444.0 46.0 22 Boissy-d’Anglas (F.-Ant.), célèbre conventionnel, de l’Institut,

378.0 1899.0 1376.0 45.0 né dans l’Ardèche. — L. a. s. à Treuttel et Wurtz, 1818, 1 p.

381.0 1944.0 1372.0 34.0 in-8. 3 »

405.0 1987.0 1352.0 40.0 Relative à la publication de son Essai sur la vie, les écrits et les opinions de

366.0 2027.0 233.0 31.0 Malesherbes.

311.0 2065.0 1445.0 46.0 23 Bonaparte, général en chef de l’armée d’Egvpte. — Belle

377.0 2109.0 1379.0 47.0 pièce sig., relative à l’armement, au Caire, de deux chebeks

376.0 2154.0 1379.0 46.0 et d’une corvette; quart.-génal du Caire, 14 fruct. an VI, 1 p.

378.0 2199.0 1377.0 45.0 in-f., vignette. 6 »

310.0 2243.0 1448.0 44.0 24 Bonaparte (le prince Pierre), traduit devant la Haute-Cour

376.0 2287.0 1379.0 46.0 pour le meurtre de Victor Noir. — L. a. s., 1 p. in-8. 4 »

309.0 2331.0 1447.0 47.0 25 Bonaparte (Marie de Solms), femme célèbre, épouse de

376.0 2376.0 1380.0 46.0 M. Rattazzi. — L. a. s. ; Bruxelles, 25 avril, 3 p. in-8. Un peu

375.0 2420.0 1379.0 46.0 fatiguée, mais curieuse. 2 »

309.0 2464.0 1447.0 47.0 26 Bourbon (Charles, cardinal de), archevêque de Rouen, roi de

375.0 2509.0 1381.0 46.0 la Ligue, sous le nom de Charles X. — Pièce sig. de lui et de

374.0 2553.0 1383.0 44.0 Marie de Clèves, relative au vicomté de Saint-Florentin, 1572,

375.0 2597.0 1382.0 44.0 in-f., vélin. 2 50
