1858 2898
911 176 165 37 — 3  —

272 273 1440 49 assez cher, 500 francs ; puis une de Rabelais, une de Racine, à 200 fr.

272 321 1443 52 chaque. » Suivant la défense, Lucas aurait été amené malgré lui k

273 371 1443 49 vendre des pièces fausses à M. Chasles. Dans le commencement de leurs

272 421 1443 51 relations, il ne lui aurait remis que des autographes authentiques. Un

270 470 1447 51 jour, il aurait laissé tomber de son portefeuille une pièce qu'il cher¬

273 519 1443 41 chait à dissimuler. M. Chasles la ramassa. C’était une lettre d’un

275 569 1440 50 personnage illustre, fabriquée par Lucas. M. Chasles voulut l’acheter,

273 619 1446 50 et comme il lui fut répondu qu’elle n’était pas à vendre, il insista de

276 667 1442 51 plus belle et l’obtint. Le succès de ce manège serait le début de la

275 717 584 49 grande entreprise de Lucas.

327 767 1395 51 PROVENANCE. — M. Chasles, dans sa déposition, rapporte ainsi le

275 816 1443 51 conte que lui avait fait Lucas : « Cette collection, me disait-il, avait

275 866 1449 50 été formée par M le comte de Boisjourdain, qui, émigrant en 1791 et

279 916 1443 49 passant en Amérique, avait fait naufrage et avait péri, mais sa col¬

279 965 1448 52 lection avait été sauvée; une partie seulement avait été endommagée

279 1014 1447 52 par l’eau, mais pouvait encore se vendre.» Il ajoute : « M. Lucas me

278 1065 1444 50 raconta un jour que Louis XVI, qui était aussi un collectionneur,

278 1113 1445 54 n’ayant plus le temps de s’occuper de sa collection, avait envoyé au

279 1163 1446 51 grand collectionneur, M. le comte de Boisjourdain, cinq ou six mille

281 1213 1441 50 pièces fort curieuses. » C'est la première fois que le nom de Louis XVI

279 1263 1447 52 est cité en cette affaire. M. Chasles a eu tort de ne pas le dire plus

281 1311 1446 54 tôt ; car Louis XVI n’est pas si loin de nous que l’on naît pu s’enquérir

275 1361 1449 50 jusqu’à quel point il était possédé du goût des autographes, et com¬

281 1411 1444 50 ment, amateur jaloux, il avait recueilli six mille pièces curieuses sans

279 1460 1445 52 en faire part à ses amis, sinon à ce fortuné de Boisjourdain, à qui il

279 1508 1448 52 avait donné le bloc Non : VI. Chasles n’avait donné que les énigmes de

283 1558 1441 54 Lucas les plus difficiles à débrouiller, à cause de l’éloignement des temps.

280 1607 1446 52 C’était d’abord de Desmainseaux et de Blondeau de Chaînage que

281 1657 1441 49 venait la collection, puis de Louis XIII, Louis XIV, Mmes de Maintenon

277 1706 1448 50 et de Pompadour. Pour les pièces anciennnes, le collectionneur était

280 1756 909 49 maître François Rabelais : cela se comprend.

328 1805 1395 51 LA PASSION DE M. CHASLES. — Tout ce que Lucas lui apportait, il

281 1854 1438 52 le prenait : M. Chasles l a déclaré dans l’interrogatoire, il a ajouté :

283 1904 1444 51 « Un jour, je me fâchai, et j’allai jusqu'à le traiter de fripon; mais

277 1954 1445 51 lui, avec un sang-froid qui m'étonne plus encore aujourd’hui que je

279 2002 1440 50 connais l'homme, il me répondit sérieusement, et gravement : « Si

280 2052 1445 50 vous n’êtes pas satisfait de moi, rendez-moi mes pièces, et je vous ren¬

279 2100 1448 51 drai vos 150,000 francs. » Cela fit l’effet qu’il attendait: à cette

280 2150 1444 53 époque, à aucun prix, je n’aurais voulu rendre mes pièces. » Passion

281 2199 1446 52 et foi, il y avait là ces deux choses, qui peuvent se rencontrer après

283 2254 415 35 tout dans un savant.

331 2299 1392 51 BESOIN DE LA CAUSE. — Ce n'était pas sans raison que M. Faugère.

282 2348 1444 52 voyant toujours arriver de nouvelles pièces pour appuyer celles qui se

282 2396 1445 53 trouvaient en défaut dans les débats de l’Académie, prétendait qu’on

285 2447 1443 51 les fabriquait pour les besoins de la cause, et que M. Leverrier, s’ins¬

285 2495 1444 61 pirant de la même pensée, demandait que M. Chasles déposât la col¬

285 2534 1443 62 lection tout entière. Les débats du procès ont pleinement justifié ces

285 2594 1292 54 soupçons. Voici en effet ce qu’on trouve dans le réquisitoire :
