1876 2823
1013 165 170 39 — 2  —

368 261 1454 51 monde plus affable, plus doux, plus parfaitement bon. Sa perte cause

365 311 1456 52 de profonds regrets à tous ses confrères, qui ont appris sa mort trop

367 360 977 52 tard pour l’accompagner à sa dernière demeure.

417 526 1406 50 Nous avons aussi le regret d’annoncer la mort, pendant le siège de

367 576 1456 50 Paris, de deux autres amateurs d’autographes, bien connus de nos

368 624 1455 53 lecteurs: M Dumouchel, âgé de près de 90 ans, et devenu presque

362 677 1461 49 aveugle; M. Gilbert, connu par ses travaux sur Vauvenargue et

368 725 1458 49 La Rochefoucauld, lauréat de l’Académie française, et dont la belle

366 776 1329 49 collection d’autographes avait été vendue aux enchères en 1865.

543 949 1104 62 LETTRES AUTOGRAPHES

828 1051 524 37 A PRIX MARQUÉS

497 1128 1194 45 En vente chez Gabriel CHARAVAY, expert,

761 1188 667 43 rue Saint-André-des-Arts, 60.

408 1275 1415 45 1 Abd-el-Kader, le célèbre émir de l’Algérie. — L. a. s., en

452 1320 1373 45 arabe, avec son cachet, 1 p. in-8. 5 »

480 1365 1346 39 Cette pièce, qui taisait partie de la collection de M. Genty de Bussy, ancien

453 1403 1371 39 Intendant civil en Algérie, est accompagnée d'une lettre qui en constate l'authenticité.

406 1442 1417 45 2 About (Edm.), célèbre littérateur contemporain, né à Dieuze.

451 1486 1373 45 — L. a. s., 1855, 1 p. in-8. Curieuse. 2 »

407 1530 1417 46 3 Adam (Edm.), préfet de police, puis représentant de la Seine.

455 1575 1373 43 — L. s., 1848, 1 p. in-8. 1 25

407 1618 1420 45 4 Affre (D.-Aug.), archev. de Paris, victime de son dévouement

454 1662 1372 47 pendant les journées de juin 1848. — L. a. s. au libraire

453 1707 1372 47 Méquignon; Luçon, 1822, 1 p. in-4. 3 »

408 1751 1418 52 5 Agardh (Ch.-Ad.), le plus savant botaniste suédois de ce siècle,

453 1795 1374 47 évêque de Carlstadt. — L. a. s.; Carlstadt, 1847, 2p. in-8. 2 50

408 1839 1420 46 6 Aguesseau (H.-F. d’), illustre chancelier de France, né à

454 1884 1375 46 Limoges. — L. s., 1745, 1 p. in-f. 1 25

410 1927 1416 45 7 Adélaïde de France (Marie), tille de Louis XV, tante de

454 1971 1373 48 Louis XVI. — Reçu sig. avec 4 lignes aut., d’une somme de

460 2016 1366 45 1,600 liv., 1761, 1 p. in-4. 2 »

411 2060 1418 46 8 Alard (Delphin), célèbre violoniste et compositeur, né à

456 2105 1373 45 Bayonne. — L. a. s., 1 /2 p. in-8. 1 50

411 2148 1417 46 9 Alary (Giulio), célèbre compositeur dramat., auteur des

459 2192 1368 45 Tre Nozze — L. a. s., 1852, 1 p. in-8. 2 »

396 2237 1433 44 10 Alkan aîné (Ch.-V.), célèbre pianiste et compositeur, ami et

459 2280 1368 47 collaborateur de Chopin. — L. a. s. à une dame, 1856, 3 p. in-8.

459 2324 1371 46 Curieuse épître. 2 50

394 2368 1435 53 11 Alvimare (M.-P. d'), célèbre harpiste et compositeur, profes¬

460 2413 1367 45 seur de harpe de l’impératrice Joséphine, né a Dreux.— L. a.

461 2458 1365 45 s., 1 p. in-8. 2 »

400 2501 1427 46 12 Amat (Léopold) , gracieux compositeur de romances et de

462 2545 1364 46 chansonnettes, né à Toulouse. — L. a. s.; Paris, 1844, 3p. in-8.

464 2589 1365 46 Sur son genre de composition. 1 50
