1884 2836
897 179 192 38 — 16  —

283 277 1444 47 54 Laurent (Marie), une des actrices les plus distinguées de notre

352 322 1375 53 époque. — L. a. s. à M. Boïeldieu, 1 p. in-18. 2 »

284 367 1448 52 55 Loriquet (le Père J.-Nic.), jésuite, célébré par son Histoire de

349 412 1378 47 France. — Pièce sig. de lui et de Rusand, 1819, 2 p. in-4. 4 »

389 457 1339 40 Traité relatif à la publication de ses ouvrages, et en particulier de son Histoire

350 496 192 31 du France.

283 535 1446 47 56 Louis XV, roi de France. — Belle pièce sig. avec le mot paiés

352 579 1375 46 autog., 1762, 1 p. in-f. 4 »

393 625 1334 39 A côté de la vraie signature du roi se trouve sur cette pièce la signature de la

353 664 491 38 main, particularité assez rare.

282 702 1445 45 57 Mazarin (le cardinal Jules), illustre homme d’Etat. — L. s.,

350 747 1376 46 en italien, avec la souscription aUtog.; Aix, 13 mars 1660, 1 p.

352 791 1375 36 in-f. 15 »

283 835 1443 47 58 Moreau (J.-M.), dit le Jeune, gracieux vignettiste du XVIIIe siècle.

349 881 1376 46 — L. a. s. à Beaumarchais, 1781, 1 p. in-4. 20 »

389 924 1335 41 Très belle lettre, relative à sa collection de vignettes pour le Voltaire de Kehl.

282 964 1445 46 59 Murger (Henri), écrivain original, auteur de la Vie de Bohème.

349 1009 1377 45 — L. a. s. à M. Boïeldieu, 1 p. in-8. 3 »

282 1054 1445 49 60 Napoléon Ier, empereur des Français. — L. s., comme géné¬

349 1098 1377 47 ral en chef de l’armée d’Egypte, au générai Vial; le Caire,

347 1143 1377 47 23 brum. an VII, 1 p. in-f. 9 »

394 1188 1334 40 Belle lettre, écrite par Bourrienne sous la dictée de Bonaparte, relative à la cam¬

352 1228 264 38 pagne d’Egypte.

281 1266 1445 52 61 Orléans (L.-Ph.-Jos. d’), dit Egalité. — Belle pièce sig., 1789,

352 1311 1373 45 1/2 p. in-i. 4 »

280 1354 1445 46 62 Orléans (Ferd.-Ph., duc d’), fils aîné du roi Louis-Philippe.

345 1399 1380 47 — L. a. s.; les Tuileries, 1840, 1 p. in-8. 10 »

279 1443 1446 47 63 Palloy (le patriote), le démolisseur de la Bastille. — Circulaire

348 1489 1380 46 imprimée, avec sa signature autog. Palloy, patriote; 12 mars

352 1533 1373 46 1792, 1 p. in-f. 3 »

390 1578 1337 40 Curieuse pièce relative à ses médailles fondues avec les barreaux de la Bastille.

279 1618 1445 45 64 Le même. — Billet à ordre aut. sig. 2 »

278 1651 1452 52 65 Pedrotti (Carlo), compositeur italien distingué, auteur de

346 1706 1380 50 Roméa di Monfort. — L. a. s., en français, à M. Boïeldieu; Turin,

352 1745 1374 52 1869, 2 p. in-8. 4 »

387 1795 1340 41 Curieuse lettre relative à son opéra des Masques. Il termine ainsi : « Vous par¬

348 1836 1142 39 donnerez aux fautes : c’est la première fois que j’écris en français. »

279 1874 1446 47 66 Périga (Mme), célèbre actrice contemporaine. — L. a. s., 1 p.

347 1920 1375 35 in-8. 3 »

278 1964 1446 46 67 Porret (H.), habile et fécond graveur de vignettes. — L. a. s.

346 2009 1376 46 à M. Delaunay, 1840, 1 p. in-8. 3 »

388 2053 922 43 Relative à des vignettes gravées par lui pour l'Artiste.

280 2092 1443 52 68 Ravel (A.), le désopilant acteur comique du Palais-Royal. —

346 2137 1374 46 L. a. s. à M. Boïeldieu, 1 p. in-18. 3 »

279 2181 1441 52 69 Ravignan (le Père A. de), un des plus grands prédicateurs du

344 2226 1378 46 XIXe siècle. — L. a. s. ; Saint-Acheul, 1854, 1 p. in-4. Légère

345 2274 1374 34 cassure. 4 »

385 2316 932 39 Relative à son ouvrage Clément XIII et Clément XIV.

277 2355 1445 46 70 Rouher (Eug.), premier ministre de Napoléon III. — L. a. s.,

348 2400 1372 45 1868, 1 p. in-8. Rare. 6 »

277 2443 1443 46 71 Saint-Pierre (Bernardin de), l’auteur de Paul et Virginie. —

344 2488 1374 47 L. a. s. au libraire Merlin, an XII, 1 p. in-8. 12 »

383 2524 1336 50 Belle épître, dans laquelle il est question des Études de la nature et de Paul

345 2574 204 40 et Virginie.

566 2652 851 34 Rouen, J. Lecerf imp. de la Cour d'Appel et de la Mairie.
