1858 2885
810 143 194 40 — 13  —

267 243 1375 41 où il n’est rien moins question que de sonner le toscin, de battre la générale et de

267 283 1375 39 couper nombre de têtes. « Je ferais volontiers le sacrifice de la mienne, dit-il, si

267 322 1375 41 elle pouvait ramener la tranquillité; mais je crois qu’il est de votre prudence,

267 361 1377 41 comme de votre devoir, de faire mettre des troupes sur pied et de faire dissiper

267 401 992 39 ces scélérats, qui ne sont qu’avides d'argent et de sang... »

203 439 1441 47 12 Bonaparte (Lætitia), mère de Napoléon Ier. — L. sig., avec la

266 484 1376 47 souscription autog., à son fils Lucien ; Rome, 1821,1p. in-8.

265 528 1376 46 Très-jolie pièce. 6 »

202 564 1442 56 13 Borel (Petrus), célèbre littérateur romantique, dit le Lycan¬

266 617 1376 48 thrope. — L. a. s. au dessinateur Grandville, 1 p. in-8. 4 »

308 663 1332 39 Curieuse épître d’invitation à une parodie d’une soirée d’Alexandre Dumas.

270 702 1375 45 « Il n’y aura, dit-il, ni femmes ni bourgeois. Une grande partie des conviés sera

266 739 1379 44 travestie, mais, pour la plupart, les travestissements seront des charges, vous y

267 781 1378 40 trouverez sans doute des jeunes gens de vos amis..., la grosse joie y régnera en

269 822 112 36 plein. »

202 858 1445 47 14 Bouet-Willaumez (Ed. comte), amiral, commandant de la

264 902 1380 48 flotte de la Baltique pendant la guerre avec la Prusse. — L.

267 947 1378 47 a. s. à un général; 4 août 1848, 1 p. 1/2 in-8. 4 »

307 993 1339 40 Il demande la croix pour le citoyen Grisier, lieutenant de la garde nationale,

269 1032 754 40 qui a été blessé rendant les journées de juin.

204 1070 1443 52 15 Bourbaki (Ch.), brave général en chef de l’armée de l’Est pen¬

268 1116 1379 46 dant la dernière guerre, né à Pau le 22 avril 1816. — L. sig.;

267 1159 1379 46 Blidah, 1852, 1 p. in-f. 4 »

204 1204 1444 47 16 Brillat-Savarin (J.-A.), constituant, le spirituel auteur de la

267 1249 1381 46 Physiologie du goût, né à Belley (Ain). — L. a. s. à Berthereau,

267 1293 1380 47 son ancien collègue à l'Assemblée constituante, 1806, 1 p. in-f.

268 1339 1377 45 Belle pièce. 4 6 »

206 1382 1443 51 17 Buchez (P.-J.-B.), chef d’une école socialiste, président de

270 1426 1379 45 l’Assemblée constituante de 1848, né dans les Ardennes. — L.

271 1471 1378 46 a. s. à son collègue Degousée, 1848, 1 p. in-8. 3 »

310 1516 1343 39 Relative à l’association démocratique des amis de la Constitution, dont il était

272 1558 162 38 président.

206 1595 1447 46 18 Capoul ( J. ), célèbre chanteur de l’Opéra. — L. a. s. à

268 1640 1382 43 M. Boïeldieu, 1 p. in-8. 3 »

206 1676 1445 63 19 Cavaignac (Godefroy), le chevaleresque chef du parti répu¬

272 1728 1380 46 blicain sous Louis-Philippe. — L. a. s. au citoyen Bavard,

271 1772 1382 48 (1834), 1 p. in-8, relative aux publications de la Société des

272 1819 1380 36 droits de l’homme. 3 »

204 1862 1451 47 20 Cham (A. de Noé, dit), le spirituel caricaturiste. — L. a. s. à

272 1907 1380 46 M. Boïeldieu, 1864, 1 p. in-8. 3 »

205 1950 1449 48 21 Champfleury (Jules Fleury, dit), littérateur, chef de l’école

273 1996 1380 45 réaliste, né à Laon. — L. a. s. 1853, 1 p. in-8. 3 »

206 2040 1449 47 22 Changarnier, célèbre général, député. — L. a. s. à M. Carlier,

274 2085 1379 54 préfet de police, 1849, 1 p. in-8. 3 »

205 2129 1450 48 23 Charlet (N.-T.), peintre et dessinateur célèbre. — L. a. s., au

274 2173 1380 49 crayon, à Duchesne aîné, 1 p. in-8. 4 »

315 2219 1325 39 Relative au dessin du Chanteur, gravé par Harrant Smith, et qu’il doit retoucher.

207 2257 1451 46 24 Chénier (Marie-Jos.), célèbre poète et conventionnel, l’auteur

274 2301 1382 47 du Chant du Départ. — Pièce sig. comme membre du Comité de

276 2346 1380 49 sûreté générale, sig. aussi de Rovère, Guffroy et Courtois,

274 2391 1379 45 5 flor. an III, sceau du Comité. 5 »

316 2435 1341 40 Relative au désarmement des sections de Paris après le mouvement révolution¬

276 2477 272 42 naire de prairial

208 2514 1449 49 25 Condé (Louis de Bourbon, prince de), dit le Grand. — Belle pièce

276 2558 1380 49 sig. sur vélin, avec son sceau ; Chantilly, 1677, in-f. 3 »

313 2604 876 40 Nomination à la cure de Maron, diocèse de Bourges.
