1432 2245
621.0 104.0 122.0 28.0 — 6 —

132.0 179.0 1133.0 38.0 7 Aubryet (Xavier), littérateur et romancier contemporain. —

164.0 209.0 1099.0 41.0 L. a. s. à Philarète Chasles, 1 p. in-18. 3 »

205.0 251.0 1061.0 34.0 Spirituelle lettre d'invitation pour assister, au Théâtre-Lyrique, à une

167.0 283.0 1082.0 32.0 représentation du Médecin malgré lui, mis en musique par Gounod.

131.0 314.0 1137.0 42.0 8 Baer (Alexandre), général et savant russe, grand-maître de la

166.0 349.0 1101.0 63.0 police à Riga, puis à Moscou. —L. a. s., en français, à M. Jules

167.0 380.0 1098.0 43.0 Leportier ; Saint-Pétersbourg, 1836, 3 p. 1/2 in-4, cachet. 3 »

129.0 417.0 1138.0 45.0 9 Balzac (Honoré de), le grand romancier. — L. a. s. de ses

164.0 454.0 1101.0 45.0 initiales à Mme... (le nom a été biffé), 1 p. in-4, cachet. 4 »

112.0 493.0 1153.0 43.0 10 Barrot (Odilon), célèbre orateur et homme d’Etat. — L. a. s.;

164.0 535.0 1102.0 38.0 Villeneuve, près Soissons, 2 avril 1848, 2 p. in-8. 3 »

201.0 572.0 1067.0 32.0 Curieuse lettre sur les élections. Il donne son opinion sur deux can¬

170.0 602.0 1099.0 34.0 didats, MM. Evariste Bavoux et Bastide. Il croit le premier complète¬

168.0 635.0 1101.0 32.0 ment opposé aux idées anti-sociales; quant au second, il le tient pour

166.0 666.0 365.0 31.0 républicain très-avancé.

114.0 702.0 1154.0 36.0 11 Barruel (l’abbé), célèbre par ses luttes contre les philosophes

164.0 729.0 1101.0 47.0 et la Révolution, auteur des Mémoires sur le Jacobinisme. — Reçu

165.0 768.0 1100.0 42.0 de 2 lig. aut. sig., 1789, 1/2 p. in-4. 2 »

113.0 812.0 1153.0 42.0 12 Barthélemy-Saint-Hilaire (Jules), philosophe, publiciste et

164.0 843.0 1097.0 41.0 homme politique, ministre des affaires étrangères. — L. a. s.

166.0 884.0 1101.0 37.0 à l’éditeur Didier, 1858, 1 p. in-8. 3 »

202.0 920.0 759.0 32.0 Belle lettre sur la nouvelle édition de Channing.

114.0 942.0 1151.0 53.0 13 Baudin (Charles), célèbre amiral, né à Sedan. — L. a. s. au

165.0 991.0 1103.0 38.0 chef d’état-major de la province d’Oran ; Mers-el-Kébir, 2 mars

169.0 1027.0 1099.0 37.0 1837, 2 p. in-4. 4 »

203.0 1063.0 656.0 32.0 Curieuse lettre sur la campagne d’Afrique.

116.0 1098.0 1156.0 37.0 14 Baudot (M.-A.), célèbre conventionnel (Saône-et-Loire), défen¬

168.0 1126.0 1097.0 47.0 seur de Hoche contre Saint-Just, mort en 1830. — Pièce aut.

169.0 1170.0 1101.0 37.0 sig. ; Bayonne, 5 vent, an III, 1 p. in-4, cachet. 4 »

203.0 1206.0 1070.0 32.0 Belle lettre écrite comme représentant du peuple près l'armée des

172.0 1237.0 1099.0 32.0 Pyrénées-Occidentales. En marge se trouve une apostille signée du

170.0 1269.0 249.0 31.0 général Moncey.

118.0 1303.0 1153.0 37.0 15 Beauvillier (Marie de), abbesse de Montmartre, maîtresse de

170.0 1332.0 1099.0 44.0 Henri IV. — Quitt. sig. sur vélin, 1639, in-8, cachet. 3 »

121.0 1380.0 1153.0 36.0 16 Bellegarde (Roger de Saint-Larry, seigneur de), grand-écuyer

172.0 1415.0 1102.0 36.0 de France, amant de Gabrielle d’Estrées avant Henri IV. —

172.0 1451.0 1101.0 37.0 Pièce sig., 1628, 3 p. in-f. 5 »

122.0 1487.0 1152.0 44.0 17 Belloc (Louise Sw.), femme de lettres distinguée, dont les

173.0 1522.0 1100.0 36.0 travaux ont initié la France à la littérature anglaise moderne.

172.0 1550.0 1100.0 45.0 — L. a. s. au libraire Cherbuliez, 1838, 1 p. in-8. 3 »

212.0 1593.0 1061.0 33.0 Curieuse lettre relative à sa traduction du Vicaire de Wakefield,

178.0 1626.0 760.0 32.0 qu’elle désire présenter pour le prix académique.

124.0 1661.0 1151.0 37.0 18 Benoit XIV (Prosper Lambertini), pape, un des plus grands

175.0 1689.0 1094.0 49.0 pontifes qui aient gouverné l’Eglise. — Let. sig. avec la souscr.

176.0 1732.0 1095.0 38.0 aut., au marquis Albergati Capacelli; Ancône, 1729, 1 p.

177.0 1769.0 1097.0 28.0 in-4. 5 »

124.0 1803.0 1151.0 37.0 19 Béranger (P.-J.), le célèbre chansonnier. — L. a. s. à M. Du¬

177.0 1839.0 1098.0 38.0 guet, 1832, 1 p. in-8. 5 »

215.0 1875.0 1063.0 38.0 Il demande une place pour assister à des prédications saint-simo¬

181.0 1906.0 1097.0 33.0 niennes. A propos d une brochure de J. Le Chevalier, il dit : « Si j’étais

181.0 1937.0 952.0 32.0 saint-simonien, elle ébranlerait ma foi dans plus d’un point. »

124.0 1973.0 1153.0 37.0 20 Berchoux (Jos.), célèbre poète, auteur de la Gastronomie, né

175.0 2001.0 1097.0 47.0 près de Lyon. — L. a. s. à son frère, 1825, 2 p. 1/4 in-4.

178.0 2045.0 1098.0 31.0 Rare. 8 »

212.0 2080.0 434.0 33.0 Intéressante lettre politique.
