1432 2245
620 87 125 27 — 6  —

159 162 1100 33 il est sensible, comme s’il avait vécu vingt ans avec sa mère et qu’il

160 193 1099 32 connût tout ce qu’il perd. » Il espère que cette perte ne changera rien

163 225 1097 30 à leurs affaires, du moins il en a reçu l’assurance de l’Infant lui-

160 256 1100 33 même, etc. — Sur la partie blanche de la première page se trouve la

160 287 722 32 minute de la réponse aut. du duc de Nivernais

108 323 1153 38 42 Condorcet (J.-M. de Caritat de), illustre mathématicien, philo¬

161 359 1099 40 sophe et conventionnel, de l’Académie française, né dans

162 395 1095 42 l’Aisne. — Eloge de Cassini, pièce aut., 6 p. in-f. 15 »

108 430 1152 42 43 Corneille (Thomas), poète dramatique, frère de Pierre, de

161 466 1101 38 l’Académie française. — Quittance sig. sur vélin; 30 juillet

164 496 1096 43 1705, 1 p. in-8 obl. Rare. 100 »

109 542 1152 41 44 Crillon (Louis Balbis de Berton de), le brave compagnon de

161 578 1101 37 Henri IV, un des plus célèbres capitaines du XVIe siècle. —

163 614 1100 37 Pièce trois fois signée; Marseille, 14 juillet 1581, 2 p. 1/2

165 650 1097 29 in-fol. Rare. 75 »

194 686 1069 30 Accord avec Joachim de Balu, habitant de Marseille, à raison de

163 717 1100 33 deux offices, l’un de Consul pour la nation française et de quelque

164 749 1100 32 qualité qu’ils soient, trafiquant et négociant sous sa bannière ès pays

165 780 948 32 de Tripoli, Syrie, ile de Chypre, l’autre de facteur de navires.

110 816 1153 37 45 Dalton (Mlle J.), femme de lettres anglaise, traducteur de

163 852 1100 38 Paul et Virginie.— L. a. s., en français, à Mlle Virginie de Saint-

164 887 1098 38 Pierre, fille de Bernardin ; Londres, 14 janvier, 2 p. pet. in-4.

164 923 1099 37 Légère déchirure. Charmante lettre intime. 12 »

111 968 1154 37 46 Daudet (Ernest), célèbre littérateur et romancier, né à

165 1003 1100 37 Nîmes en 1837. — L. a. s., 17 juillet, 1 /2 p. in-8. Sur les débuts

167 1040 1096 35 de Villaret dans les Vêpres. 5 »

113 1079 1152 38 47 Deguerry (Gaspard), célèbre prédicateur, curé de la Made¬

165 1116 1100 38 leine, un des otages de la Commune, fusillé avec l’archevêque

167 1151 1097 36 de Paris. — L. a. s. au rédacteur du Constitutionnel; Paris,

166 1188 1096 42 29 septembre 1830, 1 p. in-4. 18 »

198 1223 1068 33 Curieuse lettre relative à l'arrestation d’un ecclésiastique trouvé à

167 1255 1098 32 Montmartre en compagnie d'hommes armés dont les projets étaient

168 1286 1098 33 hostiles à la tranquillité publique. L’annonce d’un tel fait par les

164 1318 1102 36 journaux offense le clergé de la capitale, il proteste, ainsi que plusieurs

168 1349 1098 33 de ses collègues, contre la conduite de cet ecclésiastique et déclare

167 1381 1098 32 « que le sacerdoce désavoue et regarde comme coupable envers la

166 1413 1100 32 Religion, tout prêtre non-seulement qui prendrait des armes pour

167 1444 1100 33 causer du trouble, mais qui le ferait naître ou le propagerait par ses

165 1476 768 32 discours et même qui l’appellerait de ses vœux. »

112 1513 1155 37 48 Delescluze (Ch.), publiciste révolutionnaire, membre de la

167 1549 1097 38 Commune et délégué à la guerre, tué à la place du Château-

166 1585 1099 37 d’Eau. — P. s. comme délégué a la guerre; Paris, 19 mai 1871.

167 1621 1096 38 1 p. in-8. Cachet de la Commune. 15 »

112 1663 1153 38 49 Delessert (Gabriel), célèbre préfet de police. — L. a. s., au

166 1699 1101 38 rédacteur du Constitutionnel; (Paris), 21 décembre (1830), 2 p. 1/2

167 1736 1098 29 in-8. 5 »

199 1770 1068 32 Curieuse lettre sur les troubles des 21 et 22 décembre; il lui adresse

166 1802 1101 33 une note à publier dans le Constitutionnel, où il lui recommande de

166 1834 1101 32 faire l’éloge de la garde nationale. « Cela produira, dit-il, un bon

167 1867 104 25 effet. »

112 1901 1155 38 50 Dolomieu (Gratet de), un des créateurs de la science géolo¬

167 1937 1100 38 gique. — L. a. s. ; Côte Saint-André, 11 vend, an IV, 1 p. 1/2

168 1974 1098 29 in-8. 20 »

199 2010 1068 32 Curieuse lettre sur un nouveau moyen que lui a communiqué

168 2040 1094 34 Humboldt pour économiser la poudre dans l’exploitation des mines.

169 2072 1098 33 Après avoir donné la description du procédé, il ajoute ; « Il me parait
