1424 2299
177 209 1095 31 nait les torts du duc de Brunswick à leur égard, mais il leur recom¬

177 241 1095 31 mande la modération et leur conseille de s'accorder au plus vite avec

177 273 48 24 lui.

124 308 1148 35 35 Charles (Louis-Charles), archiduc d'Autriche, feld-maréchal

179 344 1095 36 général, un des plus célèbres adversaires de Napoléon pendant

178 380 1096 37 les campagnes du premier Empire, fils de l'Empereur d’Alle¬

180 415 1093 38 magne Léopold II, oncle de l’empereur d’Autriche actuel, né

178 451 1095 35 en 1771, mort en 1847. — L. a. s. au roi de Bavière; Vienne,

177 487 1095 36 29 octobre 1842, 2 p. in-4, cachet à ses armes. Rare. 40 »

210 523 1064 32 Superbe lettre. Il le remercie de l’hospitalité accordée à ses fils, ils

178 554 1095 32 ont appris près du roi à aimer les arts, à se prendre d’enthousiasme

180 586 1094 32 pour la religion catholique. Il y ajoute des compliments à l’adresse de

179 618 134 25 la Reine.

126 653 1147 36 36 Cherubini (L.), le célèbre compositeur, mort en 1842. — L. a.

179 688 1095 38 s. à Sigismond Neukomm; Daumont, près Montmorency,

181 725 1092 42 13 septembre 1825, 2 p. in-4. 25 »

211 761 1064 31 Curieuse lettre intime pleine de découragement et où l'on remarque

180 792 1094 32 ce passage : « Quant à moi, je crains de fermer mon magasin, car je

181 823 1094 33 vous avouerai franchement que je suis découragé de travailler pour ce

181 855 1094 33 qui se rapporte à la surintendance. Quand je vous verrai, je vous

180 887 1094 31 compterai (sic) ce que l'on a eu la bonté de faire à l’égard de mon

180 918 342 30 collègue et au mien. »

128 958 1147 34 37 Christine, reine de Suède, née en 1626, morte en 1689. —

180 993 1094 37 Let. sig., en italien, au cardinal Rossetti ; Rome, 26 décembre

183 1029 1091 37 1671, 3/4 de p. in-4. 15 »

128 1074 1147 37 38 Cissey (Ernest-L.-Oct. Courtot de), un des généraux de l’armée

182 1110 1095 38 de Metz, énergiquement opposé à la capitulation, comman¬

182 1147 1094 36 dant du 2e corps lors de Centrée des troupes dans Paris, repré¬

182 1182 1092 37 sentant de la Seine, ministre de la guerre. — L. a. s. (au

185 1217 1090 39 général Trézel) ; Alger, 19 août 1847, 2 p. 1 /2 in-4. 15 »

204 1254 1074 31 Très belle lettre sur sa nomination comme officier de la Légion d’hon¬

185 1285 1092 33 neur. Il parle de l’état des affaires en Algérie; la situation n’est pas

184 1317 1093 31 brillante, la population ouvrière émigre vers la France et les affaires

185 1348 1093 32 ne se relèvent pas faute d'argent; il compte beaucoup sur la nomina¬

186 1379 1086 33 tion du duc d’Aumale comme gouverneur pour rétablir l’équilibre.

186 1411 1091 33 « On espère qu'à sa suite on verra arriver de l’argent, c’est ce qui

185 1450 548 28 manque au pays pour progresser. »

132 1482 1146 40 39 Cochin (J.-D.), théologien, célèbre philanthrope, curé de

186 1519 1092 39 Saint-Jacques-du-Haut-Pas, fondateur de l’hospice qui porte

187 1555 1091 39 son nom, né en 1726, mort en 1783.— Reçu aut. sig.; 1772,

187 1586 1091 43 1 p. in-8. 5 »

134 1635 1146 39 40 Coigny (M.-F.-H., duc de), maréchal de France, premier

188 1671 1090 39 écuyer de Louis XVI, brillant courtisan de la société intime

188 1707 1092 35 de la reine Marie-Antoinette. — L. a. s. (au maréchal de Sou¬

188 1743 1090 37 bise); Olstal, 1er septembre (1762), 1 p. pet. in-4. Rare. 18 »

221 1779 1060 33 Lettre historique écrite deux jours après la victoire de Johannisberg

188 1810 1094 34 (30 août 1702). Il lui envoie l’état de pertes de ses dragons, recom¬

189 1843 708 25 mandant à la fois et ses officiers et lui-même.

138 1882 1143 41 41 Condillac (l’abbé Bonnot de), célèbre métaphysicien, chef de

190 1918 1093 39 l’école sensualiste, membre de l’Académie française, né à

191 1954 1092 36 Grenoble. — L. a. s. (au duc de Nivernais); Parme, 18 dé¬

193 1990 1088 36 cembre 1759, 4 p.in-4. 47 »

221 2018 1063 37 Très curieuse lettre sur la mort de Louise-Élisabeth de France, fille

191 2058 1093 29 de Louis XV et femme du duc de Parme. L’Infant, dont il était le

190 2090 1093 32 gouverneur, lui a parlé de la manière la plus touchante et l'a invité

190 2121 1092 33 à ne pas l’abandonner. « Cet enfant nous intéresse encore davantage;

627 133 124 27 — 5  —
