1416 2299
578 107 122 28 — 3 —

124 180 1094 49 qui l'appelait son bon ange. - L.a.s. (à Palissot); Paris.

126 212 1095 43 10 avril 1760, 1 p. in-4. 25 »

160 255 1063 31 Relative aux représentations au Théâtre-Français de la comédie des

124 281 1098 37 Philosophez, de Palissot. Il a appris qu’il regardait l’annonce des deux

126 312 1096 36 pièces de Voltaire (Tancrède et Medimne) comme un obstacle au

130 349 1094 32 temps où il désire qu’on joue la sienne ; l’une de ces tragédies

130 373 1092 42 (Tancrède) est nouvelle, l’autre (Médimne) n'est qu’un remaniement de

128 411 1095 34 Mahomet; comme les principaux acteurs diffèrent dans les deux pièces,

129 445 686 31 elles pourront être étudiées en même temps.

76 467 1150 44 11 Ashburton (Alexandre Baring, lord), homme politique et finan¬

128 503 1096 46 cier anglais, envoyé par Robert Peel au congrès d’Aix-la-

128 540 1096 42 Chapelle en 1834, né en 1773, mort en 1848. — L. a. s. (à lord

128 576 1098 46 Buchan, érudit et biographe écossais); 28 juillet 1814,

133 619 1096 35 1 P. 1/4 in-4. 25 »

166 654 1062 33 Lettre historique. Il se félicite avec lui de la chute de Napoléon et de

132 686 1097 32 la restauration du roi légitime, il estime que le volcan révolutionnaire

133 718 236 25 est enfin éteint.

83 749 1148 38 12 Aubery (Claude), célèbre médecin et philosophe français

134 779 1096 39 du XVIe siècle, qui, comme calviniste, fut attaqué par Théo¬

135 820 1098 37 dore de Bèze qui lui reprochait une certaine tendance vers

134 848 1098 48 l’Eglise romaine, mort en 1596.— L. a. s.; Saulx-Leduc, 19 oct.

134 887 1106 38 1593, 2 p. in-f. Traces de cachet. 20 »

173 928 1063 32 Il déclare qu’il n’a pas été à Francfort suivant le bruit que font

136 959 1099 32 courir des amis mal intentionnés, mais qu’il s’est, rendu directement en

138 991 1096 32 Champagne et en Bourgogne comme il en avait reçu l’autorisation. Il

136 1022 941 32 fait appel au témoignage de l’ambassadeur du roi à Francfort.

89 1053 1148 38 13 Ballanche (P.-S.), célèbre penseur mystique et un de nos

141 1090 1095 37 plus éloquents prosateurs de l’Académie française, né à Lyon.

137 1120 1098 39 — L. a. s. à M. de Fresne; 31 mars, 1 p. in-H. 5 »

172 1153 1065 46 Jolie lettre dans laquelle il parle de Mme de Récamier « qui est tou¬

140 1193 344 31 jours fort souffrante ».

95 1228 1143 37 14 Baudelaire (Charles), un des poètes les plus distingués de

139 1258 1100 42 l’école romantique, auteur des Fleurs du. Mal.— L. a. s. à M. de

141 1293 1098 51 Calonne, directeur de la Revue contemporaine, 2 septembre 1858,

141 1336 1097 38 3/4 de p. in-8. 10 »

93 1364 1146 47 15 Bellièvre (Pomponne de), premier président au Parlement de

141 1404 1098 42 Paris, célèbre diplomate, envoyé auprès de la reine Elisabeth,

143 1447 1099 37 pour demander la liberté de Marie-Stuart, chancelier de

141 1475 1094 44 France sous Henri IV, né à Lyon en 1529, mort en 1607. — L.

144 1519 1097 37 a. s. à Villeroy; Paris, 2 mai 1604, 1 p. in-f. 45 »

91 1549 1146 56 16 Berryer (A.-P.), l’illustre orateur parlementaire, de l’Acad.

143 1595 1096 31 fr. — L. a. s.; 1 p. in-8. 3 »

90 1626 1149 44 17 Bezons (Jacques Bazin de), un des plus braves maréchaux du

144 1671 1097 37 règne de Louis XIV, membre du conseil de Régence, né en

143 1701 1098 44 1646, mort en 1733.— L. a. s. (au duc de Noailles); Saragosse,

143 1735 1100 56 29 mai (1709), 2 p. 3/4 in-4. La signature a été biffée légè¬

146 1759 1097 49 rement. 50 »

180 1814 1063 32 Pièce historique. Minute de lettre écrite peu de temps après son

146 1845 1096 26 élévation au maréchalat. Il le remercie de l’avoir recommandé au duc

145 1876 1096 31 d’Orléans et lui souhaite la même dignité. Il a des vivres pour 130 jours,

145 1908 1097 32 mais pas de fourrage pour les chevaux; les entrepreneurs abandonnent

143 1933 1096 42 leurs ambulances, le siège de Benasco est fort lent: il va se rendre du

145 1971 467 31 côté de Lérida et de Balaguer.

97 2010 1145 37 18 Bongars (Jacques), savant historien et diplomate calviniste,

146 2045 1098 37 habile critique, ambassadeur du roi Henri IV en Allemagne et

143 2074 1092 62 à Constantinople, né à Orléans en 1554, mort en 1612. — L. a.
