3646 4648
794 588 70 70 12

1387 584 1046 82 CHEFS DE GOUVERNEMENT

830 885 2189 41 Curieuse épître au comte de Clermont (qui avait succède, en février 1758, au maréchal de Richelieu dans le comman¬

790 910 2228 50 dement de l’armée de Hanovre et avait dû reculer devant le prince Ferdinand de Brunswick) : « N’aiant qu’à vous plaindre,

792 968 2226 44 mon cousin, jusqu’à présent, je n’ay pas pu me résoudre à prendre la plume pour vous écrire, mais aujourd’huy je m’en sert

792 1013 1130 42 pour vous féliciter en me félicitant moy-même sur votre prompte

790 1054 1133 43 guérison, qu’heureusement j’ay sçue aussy tost que votre ma¬

788 1097 1134 42 ladie. J’espère que vous vous ménagerés et que vous serés plus

789 1138 1132 43 en état de me bien servir la campagne qui s’ensuivra. Par

787 1181 1135 40 l’ancienne connoissance et amitié vous me permettrés de finir

786 1212 1131 54 sans compliments ny souhaits, et tout court. » — (Cette lettre,

787 1266 1133 41 dont le ton peut sembler ironique, ne changea pas la mauvaise

784 1308 1133 41 fortune du comte de Clermont, qui éprouva de nouveaux re¬

785 1351 1133 41 vers, fut battu à Crevelt par le prince de Brunswick le 23 juin

784 1393 864 41 suivant, et fut aussitôt après rappelé à la cour.)

782 1479 2228 81 ★22★ MARIE LECZINSKA, n. 23 juin 1703, fille du roi de Pologne Stanislas

782 1549 2174 89 Leczinski, femme de Louis XV (5 septembre 1725), m. à Versailles, 24 juin 1768.

831 1657 2181 53 L. A. S. au maréchal du Bourg (Léonore-Marie du Maine, n. 1655, maréchal en 1724, m. 1739);

778 1696 1984 74 (Versailles), 2 décembre (1729), 1 p. pl. in-4, cachets et soies. (Coll. Dubrunfaut.) — P.

814 1789 2197 40 Superbe lettre où elle le remercie de ses compliments à l’occasion de la naissance de son fils (Louis, né à Versailles le

774 1820 2232 58 4 septembre 1729, m. 1765). « Quoique tard, mon cher maréchal, ce n’est pas avec moins de plaisir que je respond à la joye

778 1871 862 40 que vous m’avez témoignée au sujet de la nais¬

776 1914 865 38 sance de mon fils que Dieu a acordé à nos vœux,

774 1955 869 39 et cette grâce de Dieu est parfaite, lui ayant

773 1997 867 38 donné une santé qui ne laisse rien à désirer. »

776 2099 2233 62 ★23★ LOUIS XVI, n. à Versailles, 23 août 1754, petit-fils de Louis XV, roi le

782 2168 1308 63 10 mai 1774, décapité à Paris le 21 janvier 1793.

826 2260 1401 50 L. A. S. à Amelot (ministre de la maison du Roi) ; Choisy,

767 2300 1154 70 21 août 1778, 1/2 p. in-8, cachet. — P. de Massart.

804 2394 1424 40 Il le charge d’écrire à l’archevêque de Paris (Christophe de Beaumont) de faire

767 2437 1460 38 des prières pour la grossesse de la Reine. — (Marie-Antoinette accoucha, le 19

769 2479 1455 40 décembre 1778, d’une fille, Marie-Thérèse-Charlotte, qui devint duchesse d’An¬

770 2523 178 37 goulême.)

767 2591 2251 100 ★24★ MARIE ANTOINETTE D’AUTRICHE, n. à Vienne (Autriche), 2 no¬

768 2691 2242 63 vembre 1755, fille de l’empereur François I et de la grande Marie-Thérèse, femme

767 2742 1801 81 de Louis XVI (16 mai 1770), décapitée à Paris le 16 octobre 1793.

820 2845 2044 53 P. S., avec le mot « Payez » autographe; Versailles, 1 octobre 1783, 3/4 de p. in-fol. —P.

805 2925 1198 40 Ordre de payer à Jacques Briant, maître à danser de ses pages,

768 2967 1237 40 la somme de cent trente-six livres dix-sept sous six deniers « pour

767 3008 1237 40 sa nourriture, en considération de ce qu’il a montré à danser à

767 3051 1237 40 nos dits pages pendant le quartier de juillet, aoust et septembre

766 3095 1237 39 dernier. » — Cette pièce porte la signature du secrétaire de la main

770 3138 724 38 et la signature autographe de la Reine.

769 3248 2242 62 ★25★ LOUIS XVII (Louis-Charles de Bourbon, duc de Normandie, dit), n. à

767 3292 2177 104 Versailles, 27 mars 1785, second fils des précédents, m. au Temple, 5 juin 1795.

821 3381 2154 81 Devoir d’écriture autographe signé « Louis Dauphin », 1 p. in-4. (Coll. Dubrunfaut.) — P.

809 3477 1791 47 Précieux autographe provenant de M. Jourdan Dumesnil, qui fut le maître d’écriture du dauphin.

772 3581 2052 79 ★26★ COMITÉ DE SALUT PUBLIC (25 mars 1793 au 26 octobre 1795).

821 3652 2185 81 1° P. S. par COLLOT D’HERBOIS, Carnot, R. LINDET, BARÈRE, BILLAUD VARENNE et C. A. PRIEUR;

772 3729 1793 58 Paris, 2 floréal an II (21 avril 1794), 5 p. 1/2 in-fol., vignette et tête imprimée.

2925 561 97 109 S.I
