3711 4710
2823 612 79 114 7

671 580 1854 118 S.1 CHEFS DE GOUVERNEMENT

709 903 2188 58 Précieuse lettre écrite à Marie Stuart, alors prisonnière. « Madame ma fille, je né voleu perdre cete aucasion de vous fayre

672 945 2225 57 la présante et vous dyre le plesir que je resoys quant jé le bien d’avoyr de vos novelles et savoyr que vostre santé souyt

672 987 2227 56 bonne. Je ne vous parleré de vos afayres et cornent le roy mon fils désire de vous fayr conestre l’amytyé qu’il vous porte

670 1027 2228 58 et le plesir qu’il laura cet la vysitatyon qu’il vous fayst fayre par son embasadeur présant porteur vous peult servyr à vous

671 1069 2225 56 mestre si bien aveques la royne d’Engletere que en puysiés resantyr le contentement qu’il vous saheyste et de ma part je

670 1108 1018 48 voldré avoyr le moyen tel que je vous y puyse servyr come

669 1153 1012 44 je an né la volanté, car je n'oblyré jeamès l’amytyé que

670 1199 1010 41 m'avé par ayfest portée et montrée aystent en cet royaume,

669 1238 1012 43 qui me fest désirer que Dyeu me fase la grase d’avoyr

669 1279 1013 45 moyen par ayfest vous povoyr monstrer que n’an suys yn¬

669 1321 1012 46 grate et l’en suplye de bon ceouret de vous donner bonne

668 1363 1013 45 santé. De Saint Germeyn en Lay cet XXme de décembre

672 1404 912 45 1583. Vostre bonne et afactyoné mère, Caterine. »

704 1446 978 47 (Henri III avait chargé Castelnau, sieur de Mauvissière,

668 1488 1015 47 ambassadeur en Angleterre, d'intervenir auprès de la reine

669 1531 1012 46 Elisabeth pour faire cesser la captivité de Marie Stuart.)

668 1625 2225 68 ★11★ FRANÇOIS II, n. à Fontainebleau, 19 janvier 1544, fils des précédents,

668 1694 1400 65 roi le 10 juillet 1559, m. à Amboise, 5 décembre 1560.

716 1786 1357 53 L. S., sur vélin, à François de Raconys, trésorier des guerres ;

667 1841 1406 53 Montiers-sur-Saulx (près de Bar-le-Duc), 5 octobre 1559, 1/2 p.

665 1897 1363 53 in-fol. oblong. (Coll. Charles de Halm.) — P. de Moncornet.

700 1974 1376 44 Ordre de payer sept cent soixante-trois livres à des hommes d’armes et à

663 2021 536 39 des archers pour leurs gages.

665 2094 2226 77 ★12★ MARIE STUART, n. à Linlithgow (Écosse), 5 décembre 1542, fille du roi

665 2171 1421 70 d’Écosse Jacques V, femme de François II (24 avril

670 2240 1328 67 1558), décapitée à Fotheringay le 18 février 1587.

713 2322 1382 58 P. S., sur vélin; château de Sheffield, février 1582, 1/2 p.

665 2377 1383 56 in-fol. oblong. (Coll. Dubrunfaut.) — P. de Thomas de Leu.

698 2447 1400 44 Pièce où elle prend le titre de douairière de France. Elle octroie à Jean Botz

663 2492 796 42 la première prébende qui viendra à vaquer.

663 2577 2215 67 ★13★ CHARLES IX, n. à Saint-Germain-en-Laye, 27 juin 1550, frère et suc¬

662 2646 2086 71 cesseur de François II, roi le 5 décembre 1560, m. à Vincennes, 30 mai 1574.

711 2728 2168 63 L. S., avec la souscription autographe, à son frère le duc d’Anjou (depuis Henri III) ; Paris, 11 fé¬

661 2783 2036 59 vrier 1573, 2 p. in-fol., trace de cachet. (Coll. Esterhazy et Rathery.) — P. de Moncornet.

695 2844 1011 61 Importante lettre, écrite par le secrétaire d’État Nicolas

660 2898 1046 46 de Neufville, sieur de Villeroy, au duc d’Anjou qui, ce

661 2940 1043 49 même jour, était arrivé devant La Rochelle et avait pris le

660 2981 1042 43 commandement de l’armée qui assiégeait cette ville. — Il

662 3024 1041 51 a appris que le duc préparait une grande et forte armée

660 3065 1043 51 de mer pour combattre ceux qui voudraient secourir les

661 3108 1042 49 Rochelais, et qu’on proposait de donner le commandement

659 3150 1043 41 de cette armée à son frère le duc d’Alençon et au roi de

659 3192 1045 49 Navarre (Henri IV). Il s’oppose absolument à ce projet,

661 3236 1043 48 « car vous sçavez bien que leur permettant aller avecques

659 3279 1044 49 vous, c’a esté à la charge qu’ils ne vous habandonneroyent

660 3320 1043 48 aucunement, ains se tiendroyent ordinairement prez de

659 3364 1044 50 vous et n’iroyent en aucune faction sans vous. Au moyen

659 3406 1045 52 de quoy, mon frère, je vous prie faire entendre à tous

659 3449 1043 51 ceulx qui donneront ce conseil et feront ceste proposition

658 3493 1046 49 que non seullement je ne l’ay agréable, mais je la trouve

658 3537 1044 46 très mauvaise... » — (Charles IX se méfiait de son frère,

659 3580 1044 48 le duc d’Anjou, ambitieux et jaloux, et de son cousin le

659 3624 1046 45 roi de Navarre, converti par force lors de la Saint-Bar¬

657 3670 1047 46 thélemy, et il craignait qu'ils ne fissent cause commune avec

659 3711 1043 45 les protestants de La Rochelle. Ceux-ci se défendirent si

659 3754 943 46 bien que le roi dut faire la paix le 6 juillet suivant.)
