3786 4647
2801 573 74 81 17

651 557 1832 101 S.1 CHEFS DE GOUVERNEMENT

660 870 2224 72 ★36★ HENRI V (Henri-Charles-Ferdinand-Marie-Dieudonné de Bourbon, dit),

663 935 2224 74 fils du duc de Berri et de Marie-Caroline de Naples, duc de Bordeaux, comte de

663 1001 2222 76 Chambord, n. à Paris, 29 septembre 1820, m. à Frohsdorf (Autriche), 24 août 1883.

714 1076 2176 68 L. A. S., en français, au roi de Bavière (Louis I); Kirchberg, 5 septembre 1840, 1 p. 1/2 in-4,

665 1133 1086 62 enveloppe et cachet. (Coll. von der Tann.) — P.

701 1201 1194 54 Superbe lettre où il le remercie d’avoir donné son agrément au

668 1245 1219 53 voyage qu’il va faire en Bavière. (Cet agrément avait été demandé au

673 1286 1216 52 Roi par le duc d’Angoulême le 1 août 1840). « Ce sera certainement

669 1328 1221 53 un bien grand plaisir pour moi d’admirer les grands travaux que

670 1372 1220 49 Votre Majesté fait exécuter dans son royaume et tous les monu¬

671 1410 1218 45 mens dont elle ne cesse d’embellir sa capitale; mais je serai bien

673 1451 1218 53 plus heureux encore de me rapprocher d un Roi protecteur des arts

672 1487 1219 58 et qui fait tant pour la gloire, non seulement de la Bavière, mais de

672 1544 504 41 l’Allemagne tout entière... »

677 1616 2228 75 ★37★ LOUIS PHILIPPE I, n. à Paris, 6 octobre 1773, duc d’Orléans, roi le

680 1681 2222 74 5 août 1830, détrôné le 24 février 1848, m. à Claremont (Angleterre), 26 août 1850.

729 1772 449 48 L. S., comme duc

682 1827 494 50 de Chartres ; Passy,

684 1881 494 50 2 octobre 1789, 1/2 p.

683 1936 496 49 in-4. — P. de Chevillet.

718 2012 466 40 Il exprime sa joie que le

686 2056 498 39 roi ait accordé la grâce du

685 2099 499 38 nommé Bouland, pour lequel

686 2141 499 37 il avait imploré sa clémence.

688 2228 1288 63 ★38★ LOUIS PHILIPPE I, roi des Français

739 2300 2070 65 L. A. S. à Charles X; Neuilly, 10 juin 1829, 8 p. in-fol. — P. gravé au burin par Hopwood.

726 2364 2195 48 Lettre des plus curieuses où il rend compte du voyage qu’il vient de faire en Angleterre avec son fils aîné. Il a dîné sans

691 2405 2229 53 cérémonie chez le roi (Georges IV), le dimanche 17 mai : le prince Esterhazy, ambassadeur d’Autriche, s’y trouvait. « Au

692 2446 2228 53 moment de passer dans la salle à manger, le roi m’appella et me dit de lui donner le bras. Le duc de Cumberland, le seul

691 2486 2231 56 des princes anglais qui se trouvât à ce dîner où il n’y avait point de dames, fit passer mon fils, et le prince Esterhazy ne

694 2526 2229 55 passa qu’après eux. » Ce fait de préséance était important, car, au congrès de Laybach, il avait été décidé que les ambas¬

693 2567 2231 58 sadeurs ne céderaient le pas qu’aux princes fils ou frères de rois. Le roi lui a parlé de ces difficultés et a déclaré que le

695 2607 2229 59 système adopté était à la fois inconvenant et impolitique. Longues considérations à ce sujet. Le duc de Wellington a été d’avis

696 2649 2229 57 qu’il fallait abroger ce règlement absurde et a déclaré que son maître écrirait à ce sujet à l’empereur d’Autriche. « Il

697 2703 324 39 ne me reste plus,

698 2744 324 43 Sire, qu’à supplier

699 2788 325 41 Votre Majesté de

700 2834 326 31 nous donner à cet

703 2875 325 42 égard son puissant

703 2918 324 40 appui, ainsi que

703 2960 326 39 vous l’avés déjà fait

707 3003 323 31 en nous accordant

706 3047 324 29 le titre d'Altesse

709 3089 323 38 royale, pour qu’une

707 3129 326 31 nouvelle modifica¬

709 3172 325 38 tion du système de

709 3215 323 39 Laybach nous pré¬

710 3257 326 38 serve des désagré¬

711 3300 322 39 mens qui pour¬

713 3342 325 34 raient en résulter

715 3386 323 42 pour nous, lorsque

713 3429 326 33 nous visitons des

714 3473 324 38 cours étrangères. »

717 3530 2224 89 ★39★ MARIE AMÉLIE DE BOURBON, n. à Caserte, 26 avril 1782, fille du roi

715 3606 2229 85 des Deux-Siciles Ferdinand IV et de Marie-Caroline, femme de Louis Philippe

715 3677 1744 71 (25 novembre 1809), m. à Claremont (Angleterre), 24 mars 1866.
