3622 4663
804 575 109 81 22

1200 563 1842 105 CHEFS DE GOUVERNEMENT S.1

809 885 2229 69 ★48★ GRÉVY (François-Paul-Jules), n. à Mont-sous-Vaudrey (Jura), 15 août

816 959 1929 63 1807, troisième président de la troisième République, le 30 janvier 1879.

859 1050 1740 52 L. A. S. à Jules Favre; (Paris), 3 février 1861, 1 p. in-8. — P. photographié.

842 1125 2196 43 Curieuse épître politique. Il s’est trouvé, dans leurs dernières réunions, séparé de lui « sur la conduite à tenir et les liens

807 1168 2232 41 à contracter avec les hommes et les institutions de ce gouvernement. » Comme ils s’entendraient difficilement ensemble sur

807 1212 1351 44 les résolutions du moment, il s’abstiendra d’assister à la prochaine réunion.

1523 1615 806 59 BOURGOGNE

802 1787 2233 66 ★49★ CHARLES, n. à Dijon, 1433, duc de Bourgogne (1466), dit le Téméraire,

802 1852 2084 64 fils de Philippe le Bon, rival de Louis XI, tué devant Nancy le 5 janvier 1477.

852 1939 2187 55 L. S., en latin, au duc de Milan (Galeazzo-Maria Sforza, qui périt assassiné le 26 décembre 1476);

800 1993 2112 52 de son camp, 22 avril 1476, 1/2 p. in-fol. oblong, trace de cachet. (Coll. Dubrunfaut.) — P.

836 2070 1406 40 Lettre écrite de Lausanne où il s’était retiré après la défaite de Granson. Il

799 2111 1444 46 prie le duc d’intercéder auprès du Pape et des cardinaux pour faire nommer

797 2154 1444 43 cardinal le protonotaire Hesler, orateur impérial, qui doit passer par Milan en

797 2197 1445 42 se rendant à Rome. — (Georges Hesler, ambassadeur de l’empereur Frédéric III

797 2242 1443 41 en France, devint cardinal en 1477. Il se noya en passant le Danube dans un

799 2288 522 40 bateau, en septembre 1482.)

1582 2680 682 58 LORRAINE

802 2842 2234 72 ★50★ RENÉ II, n. 1451, duc de Lorraine (1473), fils de Ferri II de Lorraine et

800 2918 838 60 d’Yolande d’Anjou, vainqueur

797 2985 837 61 de Charles le Téméraire à Nancy,

799 3053 836 60 m. à Fains, près de Bar-le-Duc,

805 3121 490 47 10 décembre 1508.

848 3212 788 50 L. S. aux auditeurs des comptes

798 3269 838 49 d’Antoine Warin, receveur général de

799 3323 834 50 Lorraine; Toul, 16 décembre 1477,

801 3375 721 52 1/2 p. in-4 oblong, cachet. — P.

830 3451 804 41 Ordre de payer à Antoine Warin la somme

793 3491 842 45 de quatre cent cinquante-cinq francs « qu’il a

792 3532 840 39 délivré content à nostre très chier et féal con¬

793 3574 842 44 seillier et capitaine des crenequiniers de nostre

792 3618 841 44 garde pour les gaiges de lui et desdiz crenequi¬

791 3660 841 42 niers. » — (Ce capitaine était un Alsacien,

791 3700 845 40 Jacques Fesseler, dit Wys, qui avait montré

795 3742 843 42 la plus grande valeur à la bataille de Nancy.)
