3610 4663
788 578 90 102 18

1150 578 1869 94 CHEFS DE GOUVERNEMENT S.1

836 890 2170 52 1° L. A. paraphée à mademoiselle de Broval; Tuileries, 17 janvier 1839, 1 p. 1/2 in-8. — P.

817 964 796 46 Belle lettre relative à la mort de sa fille

775 1002 839 51 Marie (duchesse de Würtemberg, décédée à

778 1044 835 48 Pise le 6 janvier). «Elle a fait la mort d'une

775 1085 837 53 sainte. C'est la consolation que Dieu nous a

776 1127 831 48 accordé en nous enlevant cette si chère enfant…»

818 1205 790 54 2° L.S. au cardinal Ostini; Paris,

779 1258 827 59 10 février 1847, 1/2 p. in-fol., enve¬

777 1310 353 58 loppe et cachet.

808 1390 802 46 Réponse aux témoignages d'attachement qu'il

772 1433 792 43 lui a donnés à l'occasion des fêtes de Noël.

773 1523 1949 64 ★40★ GOUVERNEMENT PROVISOIRE (24 février au 9 mai 1848).

820 1610 2184 50 L. S. par F. ARAGO, MARIE, LOUIS BLANC, ARMAND MARRAST, CRÉMIEUX, ALBERT, DUPONT DE

769 1664 2232 50 L'EURE, LEDRU ROLLIN, GARNIER PAGÈS et LAMARTINE, à la Confédération suisse; Paris, 4 mars 1848,

777 1720 593 49 1 p. double in-fol. oblong.

804 1784 2201 41 Superbe pièce. Lettre de créance en faveur du général de Thiard, ambassadeur de la République française auprès de

767 1825 2239 42 la Confédération suisse. — (Auxonne-Théodose-Marie, comte de Thiard de Bissy, né à Paris en 1772, aide de camp de

767 1865 2234 42 Napoléon I, fut député de 1820 à 1848 et siégea à l’extrême gauche. Il fut ambassadeur en Suisse jusqu’au mois d’avril

771 1908 452 40 1849 et mourut en 1852.)
