3637 4663
820.0 578.0 74.0 78.0 16

1415.0 594.0 1035.0 70.0 CHEFS DE GOUVERNEMENTS S.I

2901.0 553.0 149.0 119.0 S.I

806.0 892.0 2227.0 62.0 ★32★ MARIE LOUISE D’AUTRICHE, n. à Vienne (Autriche), 12 décembre

814.0 959.0 2217.0 65.0 1791, fille aînée de l’empereur d’Autriche François I, seconde femme de Napoléon I

812.0 1010.0 2015.0 85.0 (1 avril 1810), duchesse de Parme (1814), m. à Vienne, 18 décembre 1847.

859.0 1115.0 2182.0 49.0 L. A. S. à la comtesse Du Perron, à Turin; Aix-en-Savoie, 3 i

805.0 1154.0 1081.0 77.0 enveloppe et cachet. (Coll. Dubrunfaut.) — P.

842.0 1250.0 1514.0 39.0 Jolie lettre, écrite pendant la première restauration. Elle la remercie des marques

805.0 1291.0 1552.0 42.0 d'attachement qu’elle lui a données et l’assure des sentiments d’estime et de considé¬

809.0 1335.0 889.0 41.0 ration qu’elle lui a voués et qu’elle lui conserve.

805.0 1426.0 2236.0 85.0 ★33★ NAPOLÉON II (François-Charles-Joseph Bonaparte, dit), n. à Paris, 20

809.0 1514.0 2234.0 62.0 mars 1811, fils unique de Napoléon I et de Marie-Louise, roi de Rome, duc de

813.0 1584.0 755.0 59.0 Reichstadt (22 juillet 1818),

815.0 1649.0 754.0 62.0 m. à Schoenbrunn près de

812.0 1701.0 615.0 78.0 Vienne, 22 juillet 1802.

860.0 1804.0 709.0 47.0 Minute de lettre aut. sig., avec

812.0 1858.0 758.0 46.0 ratures et corrections, à un gé¬

812.0 1908.0 755.0 50.0 néral; Vienne, 10 janvier 1829,

816.0 1950.0 428.0 70.0 1 p. 1/2 in-4. — P.

845.0 2041.0 725.0 32.0 Remerciments de ses vœux de bonne

809.0 2083.0 762.0 32.0 année. Nouvelles de ses études et de la

807.0 2124.0 762.0 40.0 cour. Ses études de jurisprudence sont

806.0 2168.0 763.0 41.0 interrompues, mais ses études militaires

807.0 2213.0 761.0 39.0 ne feront qu’y gagner. « Notre carneval

803.0 2256.0 766.0 38.0 ne sera pas si animée que les années pré¬

800.0 2298.0 768.0 39.0 cédentes, mais en tout cas pas plus brillant

803.0 2342.0 765.0 40.0 pour moi que pour vous; on m’a défendu

798.0 2385.0 769.0 39.0 la danse pour prévenir chaque affection

800.0 2428.0 769.0 38.0 poitrinaire. » — (On sait que le prince

798.0 2470.0 647.0 38.0 mourut d’une affection de poitrine.)

807.0 2584.0 2241.0 64.0 4- 34 + LOUIS XVIII, n. à Versailles, 17 novembre 1755, comte de Provence, frère

799.0 2651.0 2109.0 61.0 cadet de Louis XVI, roi le 25 avril 1814, m. à Paris, 16 septembre 1824.

847.0 2712.0 1731.0 93.0 L. A. S. à Willot; Mitau, 23 septembre 1799, 1/2 p. in-4. — P. de Le Beau.

833.0 2817.0 1854.0 43.0 Il le remercie de ses offres de service. « Je connois de même votre zèle et vos talens; j’y compte avec

795.0 2858.0 1891.0 42.0 confiance et je m’occupe des moyens de les rendre de plus en plus utiles à l’Etat.» — (Il s'agit sans doute

795.0 2900.0 1892.0 40.0 du général Willot, qui avait été déporté à Sinamary après le 18 fructidor et s’était évadé avec Pichegru.)

797.0 2976.0 2244.0 86.0 4-35-4- CHARLES X, n. à Versailles, 9 octobre 1757, comte d’Artois, frère et

797.0 3072.0 2246.0 65.0 successeur de Louis XVIII, roi le 16 septembre 1824, détrôné le 29 juillet 1 83 o,

798.0 3140.0 1123.0 60.0 m. à Goritz (Autriche), 6 novembre 1 836 .

847.0 3198.0 2194.0 97.0 L. A. S. au comte de Rayneval, à Vienne; Lullworth-Parc (Angleterre), 24 août j83o, 3/4 de p.

793.0 3271.0 1062.0 82.0 in-4, cachet. — P. de Freschi et de Perrot fils.

832.0 3366.0 2212.0 42.0 Curieuse lettre, écrite alors qu'il venait d’arriver en Angleterre après la révolution de juillet. Il le remercie de sa conduite

795.0 3406.0 2249.0 44.0 dans les circonstances actuelles et il lui demande de donner au baron de Kentzinger, qu’il envoie à Vienne, des conseils sur

796.0 3449.0 2247.0 43.0 ce qu’il aura à faire vis-à-vis du prince de Metternich et ensuite auprès de l’empereur. « Je prévois que vous ne pourrés

797.0 3490.0 1569.0 45.0 pas garder un caractère officiel, mais vous n’en serés pas moins à portée de me servir

797.0 3529.0 1568.0 49.0 dans cette triste occasion avec le zèle et les moyens dont vous m’avés déjà donné

797.0 3570.0 1567.0 50.0 tant de preuves. » — (François-Maximilien Gérard, comte de Rayneval, avait été

798.0 3614.0 1565.0 47.0 nommé, en octobre 1829, ambassadeur à Vienne par Charles X II fut remplacé, en

797.0 3653.0 1567.0 49.0 effet, dans ce poste, après la révolution de Juillet. Il vécut quelque temps dans la

797.0 3696.0 1566.0 45.0 retraite, puis consentit à servir le nouveau gouvernement et accepta, en février i832,

798.0 3738.0 1476.0 44.0 l'ambassade d’Espagne. Il mourut dans ces fonctions à Madrid, le 16 août 1836 .)
