1971 3146
1187 468 144 45 — 4  —

672 544 1189 63 18. BOISSY D’ANGLAS (François-Antoine de), député de

763 593 1096 53 l'Ardèche à la Convention, qui s'illustra par son

771 645 1089 51 héroïque conduite lors de l'insurrection de Prairial

762 701 513 50 an III, n. 1756, m. 1826.

801 770 1061 53 L. a. s. au baron Mounier; Paris, 12 juillet 1814, 2 p. in-folio.

759 824 202 32 Belle lettre.

673 897 1188 63 19. BONAPARTE (Catherine), reine de Westphalie, femme

764 952 853 55 de Jérôme Bonaparte, n. 1783, m. 1835.

802 1028 1051 49 L. a. s. en français à Madame de Hautmesnil; Florence

761 1070 852 50 24 décembre 1831, 1 p. in-12. Jolie et rare pièce.

668 1152 1194 62 20. BUSSY-RABUTIN (Roger, comte de), cousin de

767 1202 1094 60 Madame de Sévigné, auteur de l'Histoire amoureuse des

768 1251 1093 63 Gaules, membre de l’Académie française, n. 1618,

765 1315 179 35 m. 1693.

806 1379 906 48 P. s. sur vélin ; 31 décembre 1665, 1 p. in-4 oblong.

785 1444 1078 49 Reçu d'un mois de ses appointements de maître de camp général de

751 1490 309 39 la cavalerie légère.

751 1558 1118 55 21. CAMPAN (Jeanne-Louise-Henriette GENET), lectrice de

768 1611 1092 61 Marie-Antoinette, auteur de Mémoires, n. 1752,

768 1674 174 36 m. 1822.

804 1736 1058 52 L. aut. à sa nièce, la duchesse d’Elchingen; Clermont,

764 1787 411 41 28 août 1810, 3 p. in-4.

788 1843 1075 50 CURIEUSE LETTRE où elle lui demande si elle est allée à Paris pour la

754 1879 1108 49 fête de l’Empereur. Au cas où elle ne l’aurait pas fait, elle lui con¬

755 1915 1107 44 seille de le faire l’année suivante et elle lui transcrit le canevas d’une

755 1951 1108 51 conversation qu’elle pourrait avoir avec l’Empereur. « Les vieux usages

754 1987 1109 48 doivent revenir avec les formes qui appartenaient aux grands. » Cette

753 2023 1110 50 lettre porte au dos un certificat d’authenticité de la maréchale Ney.

678 2104 1191 51 22. CATHERINE II, dite la Grande, impératrice de Russie, n. 1729, m. 1796.

773 2166 365 46 n. 1729, m. 1796.

811 2230 1050 52 P. s. sur vélin; Saint-Pétersbourg, 29 avril 1765, 1 p. in-folio,

772 2272 909 51 encadrements à sujets, grand cachet bien conservé.

793 2337 1070 49 SUPERBE PIÈCE, contresignée par sou fils Paul, le futur empereur, en

757 2382 407 40 qualité de grand-amiral.
