2179 3146
781 463 150 36 — 5  —

263 541 427 36 23. CATHERINE II.

393 603 1083 44 L. a. s. Sophie, en français, au maréchal von Plessen ; Zerbst,

353 645 968 44 29 mai 1743, 2 p. in-4. Rare. (Collection von der Tann.)

376 702 1104 39 PRÉCIEUSE LETTRE, écrite comme princesse d’Anhalt-Zerbst, au sujet

341 738 927 38 de compliments qu'elle doit adresser à un de ses oncles.

266 809 1213 52 24. CHARLES XII, roi de Suède, illustre guerrier, adver¬

358 858 933 49 saire de Pierre le Grand, n. 1682, tué en 1718.

394 925 1085 43 L. a. s., en français (à Louis XIV); Stralsund, 13 décembre

359 967 416 41 1714, 1/2 p. in-4. Rare.

377 1023 1104 38 PRÉCIEUSE PIÈCE Il lui annonce l'envoi du baron de Sparre qui est

342 1059 962 39 chargé de ses instructions pour négocier un traité de paix.

266 1129 1215 53 25. CHATEAUBRIAND (François-René, vicomte de), l’il¬

358 1178 1120 50 lustre écrivain, membre de l’Académie française,

360 1235 363 42 n. 1768, m. 1848.

393 1294 1086 43 L. a. s. à une demoiselle ; Londres, 28 mai 1823, 1 p. 1/2 in-4.

377 1351 1103 40 Belle lettre où il déclare que la famille de son beau-frère n’habite

343 1387 1136 41 pas l’Angleterre et qu'elle se trouve dans une situation peu heureuse.

267 1454 1215 59 26. CHÉNIER (Marie-Joseph de), frère cadet d’André Ché¬

359 1507 1122 52 nier, conventionnel, auteur dramatique, membre de

358 1559 810 48 l’Académie française, n. 1764, m. 1811.

395 1624 813 43 L. a. s. à un confrère; 12 juin 1806, 1 p. in-8.

377 1680 1104 41 Intéressante lettre où il parle de ses études relatives à l’instruction

344 1716 1137 41 publique sur lesquelles il appelle l'attention du gouvernement. Il

344 1751 1102 42 déclare qu’il est urgent pour lui de trouver des moyens d’existence.

266 1824 1213 54 27. CHERUBINI (Louis), célèbre compositeur de musique,

359 1881 355 42 n. 1760, m. 1842.

396 1940 835 43 Morceau de musique aut. sig., 1 p. in-8 oblong.

377 2002 389 36 C’est un sujet de fugue.

267 2068 1214 55 28. CHOPIN (Frédéric), célèbre pianiste et compositeur de

361 2121 560 49 musique, n. 1810, m. 1849.

402 2183 1077 45 L. a. s. (à Franchomme); Nohant (4 juillet 1844), 1 p. in-8.

361 2228 166 31 Très rare.

381 2276 1101 41 PRÉCIEUSE PIÈCE, relative à la publication d’une de ses œuvres dont

349 2312 1131 40 il demande 600 francs. En post-scriptum Chopin fait mention de

348 2351 211 38 George Sand.
