3238 5284
525 222 2641 153 de la marine, né à la Rochelle. — 20 l. a. s. à Truguet ;

522 320 2639 151 Saint-Domingue, la Martinique, Brest, 1819-1829, 60 p. in-4.

2942 464 221 77 30 »

495 566 2668 132 Importante correspondance où il parle de ses expéditions, des troubles

422 638 2740 129 de Saint-Domingue, des guerres de l’Amérique du Sud. Cette correspon¬

422 706 2739 127 dance fournit d’utiles renseignements pour la biographie de l’amiral

422 776 322 76 Duperré.

139 923 3022 161 43504. DUREY DE MEINIÈRES (Jean-Baptiste-François), magistrat

514 1039 2644 133 et publiciste, qui avait réuni une immense collection de

514 1127 2643 135 documents juridiques. — L. a. s. à M. Boullenois, 22 dé¬

515 1226 2638 129 cembre 1767, 2 p. in-4. 10 »

490 1384 2669 107 Curieuse lettre où il donne des instructions pour poursuivre un usurier

419 1454 2734 105 nommé Dumay de la Brosse qui, par ses friponneries, a ruiné son fils,

420 1523 813 77 Durey de Bourneville.

140 1685 3018 121 43505. ENNERY (Adolphe d’), le fécond auteur dramatique, mort

512 1782 2641 118 récemment. — L. a. s., 1 p. in-16. 3 »

134 1961 3023 111 43506. FABRE (Ferdinand), célèbre romancier, auteur de l'Abbé

514 2057 2633 111 Tigrane. — L. a. s. ; Paris, 8 décembre 1886, 2 p. in-8. 5 »

482 2228 2669 98 Il exprime la douleur qu’il ressent à faire des suppressions dans un de

416 2298 2735 87 ses ouvrages. «En vérité, ce n’est pas à un écrivain ae mon caractère, de

411 2366 2739 85 ma conscience j’aurai la fierté d’ajouter: de mon talent, que devraient être

416 2434 1244 79 réservés de si poignants ennuis.»

126 2599 3026 99 43507. FEBVRE (Frédéric), célèbre acteur du Théâtre-Français. —

502 2698 2647 102 L. a. s., 2 p. in-8. 4 »

128 2875 3025 105 43508. FERRAND (Jean-Henri Becaÿs), général, qui défendit Valen¬

502 2967 2649 98 ciennes contres les Autrichiens, en 1793, né à La Caussade,

500 3059 2651 103 près Monflanquin (Lot-et-Garonne). — L. a. s. au citoyen

495 3150 2657 108 Verrières; Maëstricht, 13 ventôse an IX, 2 p. in-4. Rare. 8 »

120 3311 3030 131 43509. FEUCHÈRES (Sophie DAWES, baronne de), la maîtresse du

497 3420 2651 115 dernier prince de Condé. — L. a. s.; Palais-Bourbon,

495 3510 2651 118 31 décembre 1833, 1 p. in-4. 10 »

469 3674 2676 103 CURIEUSE LETTRE. Elle remercie son correspondant de l’hommage d’un

396 3748 2185 98 livre et se plaint d’avoir été en butte à d’injustes calomnies.

115 3902 3026 127 43510. FEUILLET (Octave), le célèbre romancier et auteur drama¬

492 3994 2650 130 tique, membre de l’Académie française. — L. a. s. (à Ana¬

488 4084 2648 130 tole de La Forge); Versailles, 21 octobre 1883, 1 p. 1/2 in-8.

2913 4178 213 71 12 »

467 4329 2673 126 CURIEUSE LETTRE. Il le félicite à propos de son dernier discours et lui

398 4396 2740 133 prédit, qu’au cas où il deviendrait ministre, il sera aimé pour lui-même.

400 4466 2743 122 « Je n’ai pas besoin de vous dire qu’en vous voyant nommé à Paris en

393 4533 2750 126 première ligne j’ai salué, comme vous faisiez à l’Odéon le soir d'Echec et

395 4615 2206 112 mat. Faites que la République nous soit légère, mon ami ! »

108 4767 3037 151 43511. FONTENAY-MAREUIL (François Duval, marquis de), géné¬

487 4858 2652 147 ral et diplomate, auteur de Mémoires. — L. s., avec la

489 4950 2647 154 souscript. aut. ; Rome, 31 janvier 1642, 1 p. in-fol. Légères

486 5039 2646 153 taches. (Coll. Rathery). 10 »

1524 54 315 73 — 8  —
