3215 5412
1466.0 95.0 319.0 79.0 — 5 —

472.0 281.0 2665.0 126.0 bataille d’Iéna en 1806. — 8 l. a., en français dont 7 signées,

471.0 376.0 2663.0 123.0 au célèbre diplomate anglais William Hamilton ; 1766 à

470.0 472.0 2661.0 121.0 1769, 42 p. in-4 ou in-8, enveloppes et cachets. 100 »

447.0 633.0 2690.0 86.0 IMPORTANT DOSSIER. Toutes ces lettres ont été écrites avant l’avènement

379.0 702.0 2753.0 100.0 du prince. Elles donnent d’intéressants détails sur ses voyages à Naples et

379.0 772.0 2755.0 100.0 à Paris. On y trouve des anecdotes curieuses sur de grands personnages,

377.0 843.0 2753.0 102.0 une piquante appréciation sur les femmes en général, etc. Le duc parle de

378.0 913.0 2752.0 96.0 vases étrusques et demande qu’Hamilton lui envoie tout ce qui paraîtra de

378.0 984.0 2750.0 90.0 beau en musique. — Dans une lettre datée de Brunswick, le 20 avril 1769,

380.0 1052.0 2752.0 95.0 il fait le portrait du roi de Danemark qui est venu dans cette ville. «Il est

380.0 1120.0 2747.0 96.0 de la taille comme celui de Naples l’étoit lorsque je l’ai vu. Il a beaucoup

381.0 1191.0 2746.0 93.0 d’esprit. L’on ne peut être plus poli qu’il l'est, et il est beaucoup plus porté

380.0 1263.0 2745.0 91.0 pour l'Angleterre que pour la France, pourquoi il a gagné une grande

379.0 1331.0 570.0 76.0 popularité ici.»

107.0 1471.0 3014.0 110.0 43478. BULOZ (François), le fondateur de la Revue des Deux-Mondes,

473.0 1564.0 2646.0 109.0 directeur du Théâtre français. — 13 l. a. à M. de Forcade,

471.0 1656.0 2644.0 109.0 30 p. in-8. 10»

447.0 1803.0 2671.0 72.0 Intéressantes lettres toutes relatives à la collaboration de M. de Forcade

376.0 1873.0 1008.0 64.0 à la Revue des Deux-Mondes.

105.0 2009.0 3009.0 113.0 43479. BYRON (Noël), l’illustre poète anglais. — L. a. s. à Henry

468.0 2106.0 2646.0 106.0 Webster; Venise, 28 mars 1818, 2 p. in-4. Coupée dans le

472.0 2198.0 2641.0 106.0 bas du premier feuillet, de sorte qu’il manque deux lignes

472.0 2290.0 2637.0 86.0 au verso et au recto. Très rare. 40 »

446.0 2435.0 2667.0 85.0 Intéressante lettre relative à des peintures dont il se charge de faire exécuter

375.0 2506.0 2644.0 83.0 des copies. Il le prie de le rappeler au souvenir de ses amis d’Angleterre.

103.0 2637.0 3011.0 111.0 43480. CAGLIOSTRO (Giuseppe BALSAMO, dit), le fameux aventu¬

467.0 2736.0 2645.0 105.0 rier. — L. a. à sa femme ; 4 février, 2 p. in-4. Très rare.

2841.0 2839.0 269.0 70.0 100 »

442.0 2971.0 2673.0 88.0 Curieuse lettre intime, où il rend grâces aux amis qui prennent part à

373.0 3045.0 2739.0 81.0 leurs intérêts communs. «Il faut leur dire que nous ne sommes pas des

373.0 3111.0 1410.0 81.0 capucins.» Témoignages de tendresse.

107.0 3241.0 2999.0 114.0 43481. CAILLEBOTTE (Gustave), peintre, un des chefs de l’école

463.0 3339.0 2645.0 108.0 impressionniste. — L. a. s. à un critique d’art; 17 avril

467.0 3433.0 2637.0 107.0 1879, 3 p. in-8. 5 »

441.0 3579.0 2318.0 85.0 Il le remercie d’avoir pris la défense de l’école impressionniste.

108.0 3711.0 2993.0 128.0 43482. CAROLINE D’AUTRICHE, reine de Naples, sœur de Marie-

464.0 3804.0 2637.0 113.0 Antoinette, épouse de Ferdinand IV, fameuse par sa cruauté

465.0 3898.0 2636.0 109.0 et par la faveur qu’elle accorda à Acton et à lady Hamil¬

463.0 3988.0 2639.0 110.0 ton. — L. a. s., en français, à une amie ; Palerme, 23 avril

467.0 4080.0 2629.0 112.0 1809, 2 p. in-4. 100 »

439.0 4237.0 2662.0 91.0 SUPERBE LETTRE, où elle se plaint de sa malheureuse situation, «ne

369.0 4306.0 2733.0 89.0 pouvant, ni ayant l’authorité de faire le bien et portant injustement sur

371.0 4372.0 2727.0 98.0 mes épaules tout le blâme du mal». Le duc d’Orléans (Louis-Philippe) a

367.0 4441.0 2731.0 92.0 passé quelque temps avec elle à Palerme et il est parti pour Cagliari. Elle

370.0 4511.0 2732.0 90.0 voudrait voir le général Stuart, car le moment est décisif et on peut

368.0 4580.0 2398.0 88.0 espérer que tout changera en bien, sans quoi l’Europe est perdue.

101.0 4707.0 2999.0 123.0 43483. CASELLI (Giovanni), physicien italien, inventeur d’un télé¬

459.0 4805.0 2637.0 116.0 graphe électrique, adopté en France en 1865. — P. a. s.;

458.0 4894.0 2634.0 115.0 Paris, 24 mars 1860, 1 p. in-12. 6»

436.0 5049.0 2660.0 110.0 Souvenir adressé à l’abbé Moigno et reproduit par l’appareil de Caselli,

369.0 5126.0 2031.0 88.0 qui donnait en quelque sorte un fac-similé de l’écriture.

2822.0 5270.0 25.0 51.0 1
