3132 5331
1403 151 320 80 - 4 -

93 324 2972 146 43468. BERT (Paul), célèbre savant et homme d’Etat. — L. a. s. à

445 426 2617 135 un député ; Paris, 21 juillet 1882, 4 p. in-8. 10 »

422 589 2643 111 CURIEUSE PIÈCE. Il ne croit pas qu’il appartienne à leur génération de

355 656 2708 113 séparer l’Eglise d’avec l’État. Il est d’avis de tenir d’une main ferme un

356 728 2706 110 clergé puissant, ambitieux, maître des âmes par la terreur et l’espérance,

356 797 2708 110 « en attendant que l’éducation morale et civique, entrée d’hier dans nos

356 865 2708 111 écoles, ait produit des générations libres et viriles, capables de braver les

356 937 1854 109 menaces et les promesses également chimériques.»

92 1082 2967 133 43469. BIRON (Charles de GONTAUT-BIRON, duc de), maréchal de

452 1180 2600 122 France, favori d’Henri IV qu’il trahit, décapité en 1602.

453 1272 2601 120 — P. s. ; Paris, 22 novembre 1599, 1 p. in-folio. Rare. 25 »

431 1431 2625 102 Ratification des articles du contrat de mariage de. son frère Jehan de

365 1502 2225 94 Gontaut de Biron avec Jacqueline de Contant de Saint-Geniès.

105 1664 2957 117 43470. BLANC (Louis), célèbre homme politique, historien de la

453 1741 2603 115 Révolution française. — L. a. s. à HENRI HEINE; Paris,

448 1848 2612 106 24 septembre 1840,1i p. in-4. 10»

435 2005 2628 87 CURIEUSE PIÈCE. Il lui annonce que la lecture de quelques pensées con¬

365 2073 2695 88 tenues dans ses charmantes fantaisies lui a prouvé qu’il ne partageait pas

368 2142 2692 86 ses tendances. Il cite celle-ci: «A quoi bon tant de tourment? J’aurai beau

364 2211 2697 85 me sacrifier pour le salut général, quel avantage en résulterait-il pour le

366 2279 2695 85 monde?» Il lui déclare qu’il ne peut insérer de semblables pensées dans

367 2349 2697 84 une revue qui s’appelle le Progrès. «Voulez-vous qu’elle se suicide?» Il

366 2421 1700 76 termine en souhaitant sa prochaine conversion.

104 2566 2964 105 43471. BLOY (Léon), secrétaire de Barbey d’Aurévilly, romancier

457 2652 2603 93 d’un talent original. — L. a. s. à M. d’Hubert; Paris,

453 2736 2603 111 6 octobre 1890, 2 p. in-8. Curieuse. 3»

104 2915 2963 107 43472. BOUCHEREAU (Augustin-François), député de l’Aisne à la

457 2998 2603 116 Convention, né à Troizelet-Chatillon (Aisne), — L. a. s.;

459 3099 2607 106 Chauny, 17 nivôse.au V, 1 p. in-4. 5»

435 3257 2424 87 Lettre relative à la destitution des gardes de la foret de Compiègne.

101 3414 2966 114 43473. BOUILHET (Louis), célèbre romancier et auteur dramatique,

457 3496 2603 115 auteur de la Conjuration d’Amboise. — L. a. s.; Rouen,

459 3597 2603 112 1er août 1867, 2 p. 1/2 in-8. 3»

103 3761 2962 119 43474. BOUSSION (Pierre), député du Lot-et-Garonne à la Conven¬

457 3851 2603 116 tion, né à Lauzun (Lot-et-Garonne). — L. a. s.; Paris,

456 3946 2607 119 9 prairial an IV, 1 p. in-4. 4»

106 4111 2959 143 43475. BROSTARET (Jean-Baptiste), député de la sénéchaussée de

457 4202 2608 120 Nérac aux Etats-Généraux. — L. a. s.; Paris, 22 pluviôse

457 4313 2608 89 an IV, 1 p. in-4. 4 »

109 4460 2955 130 43476. BROUSSEL (Pierre), conseiller au Parlement de Paris,

461 4556 2610 131 fameux par son rôle pendant la Fronde, gouverneur de la

462 4642 2603 138 Bastille et prévôt des marchands. — P. S. 1er avril 1648,

464 4736 2607 131 1 p. in-fol. Rare. 10»

111 4868 2958 174 43477. BRUNSWICK-LUNEBOURG (Charles, duc de), célèbre capi¬

464 4998 2610 139 taine prussien, qui envahit la France en 1792 et lança le

468 5086 2604 147 manifeste qui porte son nom, blessé mortellement à la
