2127 3425
275 185 48 41 10

1503 200 539 32 LIBRAIRIE SIMON KRA

399 279 724 35 « Je vous remercie pour votre flatteuse

352 315 771 33 appréciation de ma découverte Rutlan¬

353 350 769 36 dienne. Elle va prendre des proportions

352 388 765 34 que peu de personnes soupçonnent. »

265 449 853 42 4297 DESAUGIERS (Marc-Antoine-

312 497 807 41 Madeleine), chansonnier. —- Le vieux

311 545 807 42 Soldat, chanson signée, écrite et égale¬

311 593 807 40 ment signée par son collaborateur

311 640 804 42 Gentil de Chavagnac, 3 p. in-4. 20 fr.

346 696 686 35 D’puis vingt ans, d'succès en succès

346 733 680 35 J’ons prom’né c't'uniforme français

347 768 535 36 Aisément cela se peut croire

346 804 584 34 El ça sans un’ tache seul’ment.

258 863 857 46 4298 DESDORIDES (Louis), général

306 916 807 39 de division. — Pièce s., Paris, an V,

306 964 806 41 une page in f° vignette gravée. 20 fr.

388 1020 726 35 Certificat donné au citoyen François

344 1056 770 35 Rageau, attestant qu’il ne jouit que de

342 1092 768 35 2400 francs d’appointements par an.

257 1154 22 43 4299 DEVAL (Marguerite), actrice.

279 1154 830 44 4299 DEVAL (Marguerite), actrice.

303 1203 804 41 L. a. s. à Monsieur..., 3 p. in-8. 18 fr.

385 1259 726 28 Lettre de recommandation en faveur

340 1294 462 35 de Mlle Léonie Georges.

253 1357 855 41 4300 DEVERIA (Achille), célèbre pein¬

299 1406 808 37 tre. — L. a. s. à Tamburini, artiste au

300 1453 806 40 Théâtre italien, 1833, 1 p. in-8. 30 fr.

381 1509 728 34 « C’est un vrai chagrin pour moi d’avoir

336 1545 771 35 fait un portrait qui ne vous soit pas

335 1581 771 35 agréable. Mais quand je n’ai pas réussi

335 1616 772 35 à un travail, il m’est impossible de le

333 1661 297 20 recommencer. »

246 1715 857 41 4301 DIDEROT. — Article anonyme

293 1763 810 41 de critique sur l'Essai sur Sénèque de

294 1811 805 38 Diderot ; ms. du XVIIIe siècle. 11

292 1859 806 40 pages petit in-4. 25 fr.

373 1914 727 35 Très intéressante pièce. Critique très

328 1950 772 34 documentée sur l’ouvrage de Diderot,

328 1987 772 33 qui paraît avoir été faite par une per¬

327 2023 467 33 sonne de son entourage.

239 2085 857 41 4302 DIONISI (Giangiacomo), littéra¬

287 2134 809 39 teur italien, auteur de la Preparazione

284 2181 808 39 allô studio di Dante (1738-1808). — L.

280 2229 812 40 a. s. (en italien), à Francesco Colmo, s. d.

282 2276 810 40 une p. in-8 obi. un peu froissé. 20 fr.

364 2332 730 34 Envoi d’un essai promis. « On se ser¬

319 2368 775 34 vira pour cette impression du privilège

318 2404 548 33 des églises de Vorcella. » etc.

228 2466 864 41 4303 DOCHE (Eugénie), actrice. —

274 2514 816 40 Lettre a. s. à Bocage ; s. d. (1851), une

275 2562 812 39 p. in-8. 20 fr.

357 2620 732 34 « Il s’agit de donner au souffleur de

313 2655 775 29 la Porte-Saint-Martin l’autorisation de

313 2691 775 35 me copier le manuscrit de Claudie. Je

312 2727 769 34 désire jouer l’ouvrage à Bruxelles. »

223 2790 860 40 4304 DONIZETTI (Gaetano), composi¬

270 2838 812 40 teur. — Billet a. s. 1/2 p. in-8 (raccom¬

269 2884 811 41 modé). 12 fr.

220 2949 859 42 4305 DORIA (Sinibaldo), évêque de

266 2997 811 38 Bénévent m. en 1733. — Lettre s. (en

267 3045 808 39 italien), au Vice-Roi de Naples ; 1733,

262 3091 810 41 3 p. in-4. 30 fr.

1327 282 717 35 Il explique comment le couvent des

1282 318 761 29 Moniales de Sainte Catherine de Sienne

1279 354 764 28 de Montefresco a été détaché de l’obé¬

1279 390 763 32 dience de son diocèse, et comment les

1279 425 763 35 chanoines de l’église collégiale de ce

1279 462 763 31 même endroit, voulant vivre » avec une

1278 496 764 35 liberté séculière prétendent y avoir

1277 533 764 34 droit parce que leur collège a été fondé

1277 569 764 34 en 1395 par les anciens rois de Naples. »

1276 606 62 25 etc.

1189 660 849 40 4306 DROUYN DE L'HUYS (Edmond)

1236 709 802 40 homme d’état français. —- L. a. s. à

1236 756 801 41 Merruau, 1860, une p. in-8. 20 fr.

1320 818 718 33 « Le sieur Graillon, ancien concierge du

1274 849 764 38 ministère des Affaires Étrangères ayant

1274 889 764 34 éprouvé des revers de fortune, désire¬

1275 925 761 34 rait vivement être nommé inspecteur du

1274 961 764 34 balayage... je vous serais particulière¬

1273 997 353 34 ment obligé, etc. »

1184 1060 850 41 4307 DU BOGCAGE (Marie Le Page,

1231 1108 803 40 dame), célèbre poétesse. — L. a. s. au

1231 1155 800 41 marquis de Saint-Aignan), 1769, 2 p.

1232 1203 800 31 in-4. 30 fr.

1314 1264 720 36 « J’ai peine à me défendre de l’illu¬

1269 1301 765 35 sion que votre mérite et ma vanité me

1270 1336 763 36 font sur vos louanges. Je vous dirai sou¬

1269 1376 590 30 vent en vers comme en prose.

1312 1426 473 35 Si tu trompe ma vanité

1312 1461 640 35 Du moins le soin que prend ta lire

1312 1498 535 35 Me dit que l'amitié l’inspire.

1311 1533 496 36 Ce prix vaut l'immortalité. »

1180 1603 849 40 4308 DUMAS (Alexandre), père, ro¬

1226 1649 803 37 mancier. — Lettre a. s. à Giraud, édi¬

1227 1697 800 42 teur, s. d. une page 1/2, in-8, papier à

1224 1744 802 34 son chiffre. 25 fr.

1307 1805 719 34 « Je suis arrivé le dimanche gras à

1262 1841 764 35 trois heures. Je me suis reposé le lundi

1261 1877 765 36 et le mardi ; je suis allé au Bal masqué.

1261 1912 765 37 Ah ! c’est là qu’on retrouve la vie !... »

1173 1982 851 41 4309 DUMAS FILS (Alexandre), célè¬

1220 2030 802 42 bre auteur dramatique. — L. a. s. à

1219 2077 803 42 l’acteur Lafontaine, 3. p. 1/2 in-8 ;

1218 2124 801 44 légères taches. 40 fr.

1298 2186 725 36 Belle lettre au sujet d’un article. « J’au¬

1254 2221 768 37 rais autant aimé qu’il ne parût pas, mais

1253 2257 768 38 je suis habitué depuis longtemps à ces

1255 2294 766 37 petites trahisons-là... C’est peut-être une

1254 2328 766 36 sottise, mais comme je n’ai plus besoin

1252 2363 768 39 d’argent j’aime mieux en gagner moins

1252 2401 767 34 et avoir un succès moindre, que de rom¬

1252 2435 767 39 pre des relations qui m’ont jours été

1251 2476 243 31 chères, etc. »

1164 2534 851 41 4310 DUMAS FILS (Alexandre), —

1211 2580 802 40 Lettre a. s. à un confrère, 3 p. in-8.

1900 2627 112 32 30 fr.

1295 2693 719 29 Il lui conseille de mettre son œuvre

1245 2724 769 40 au point ; J’ai vu Claretie. Il a, paraît-il,

1245 2762 769 37 des engagements formels pour le commen¬

1244 2795 769 35 cement de la saison. S’il n’en avait qu’a¬

1243 2837 207 28 vec moi. »

1156 2894 853 45 4311 DUMAS (Marie), fille d’Alexandre

1203 2943 803 43 Dumas père, actrice. — Deux lettres

1201 2990 804 42 a. s. Paris, 1867 et 1884, eus. deux p.

1199 3040 807 38 in-12 et in-4, l’une d’elles sur program¬

1197 3082 807 38 me illustré d’un de ses concerts. 40 fr.

638 3172 955 44 ACHAT DE LIVRES ET D’AUTOGRAPHES
