2069 3391
1430 129 538 35 LIBRAIRIE SIMON KRA

195 112 24 41 6

609 3103 951 43 ACHAT DE LIVRES ET D’AUTOGRAPHES

193 204 856 47 4245 BODIN (J. H.), médecin, auteur

237 245 808 46 de plusieurs ouvrages de pathologie. —

243 301 807 47 Lettre a. s. à Sédillol, an 13, 3 p. petit

243 348 804 39 in-4. 30 fr.

325 405 727 36 Longue lettre sur l’état de la médecine

279 435 772 39 au commencement du xix'’ siècle. Pré¬

281 478 771 37 sentation de Le Roy, médecin d’Anvers,

281 512 770 35 à la Société d’Emulation des Sciences et

280 549 773 41 des Arts. Méthode antidysentérique

279 579 769 42 Jacob ; elle consiste » à donner de l’o¬

282 621 771 40 pium au demi-grain ou même davantage

282 658 688 32 de deux heures en deux heures... »

196 720 858 46 4246 BOISLECOMTE (Olivier-Sta¬

245 767 808 46 nislas, comte de), ambassadeur en

245 816 809 43 Suisse et à Naples, 1800-1865. — Let¬

244 865 809 44 tre a. s. et note diplomatique a. s.

245 912 807 45 1847 et 1855, eus. 9 pages in-f°. 50 fr.

326 973 728 40 Note diplomatique secrète de la plus

284 1009 770 37 haute importance, sur les troubles de

283 1045 772 39 1848 à Naples. « On regarde générale¬

283 1082 771 38 ment le Roi de Naples comme un vrai

284 1118 771 34 Lazzaroni, méchant, fourbe et sans in¬

283 1154 771 36 telligence ; c’est une erreur ; le Roi a un

283 1191 772 38 grand esprit d’ordre ; il s’occupe avec

283 1226 771 37 soin de son administration ; mais le

283 1262 770 39 fond de son caractère est la peur, et,

282 1297 771 40 il méprise ses sujets autant qu’il craint

282 1335 698 31 les révolutionnaires de l’extérieur. »

197 1397 853 47 4247 BONAPARTE (Julie-Charlotte),

243 1445 808 46 de Boccagiovine, fille du prince de

243 1483 808 51 Canino, 1830-1885, femme de lettres. —

247 1542 802 44 Lettre a. s. Paris, 1867, 3 p. in-8. 20 fr.

327 1604 727 40 Elle demande à son correspondant

283 1640 770 37 sur la recommandation de M. Caro, de

284 1676 771 39 vouloir bien mettre quelques lignes sur

287 1714 214 29 son album.

197 1774 857 47 4248 BONNAT (Léon), le célèbre pein¬

243 1817 808 50 tre. — L. a. s. à une reine ; Paris, 3

242 1870 810 44 janv. 1893 ; 4 p. in-8. 45 fr.

328 1927 728 39 Superbe lettre. « Mon esprit attristé

285 1964 770 37 par les misères du moment, a reçu en

284 1998 772 38 lisant, un vrai rayon de soleil, une envolée

284 2035 772 39 de poésie. Il y avait je ne sais quel par¬

284 2071 770 39 fum d’Orient, cet Orient qui nous fait

284 2107 770 36 rêver, nous autres hommes de l’Ouest,

284 2143 770 37 cet Orient, pays des mille et une fées,

282 2173 769 53 qui captive si puissamment nos imagi¬

284 2217 184 27 nations. »

198 2277 854 46 4249 BORNIER (Henri de), poète et

245 2317 803 45 auteur dramatique. — Deux L. a. s.

245 2371 805 45 (à Henri) Houssaye), 1897 et 1899. 2 p.

246 2420 804 43 in-8, enveloppes. Les deux lettres 40 fr.

325 2466 726 48 a) » C’est absolument beau de calme,

284 2517 770 36 d’impartialité même, avec une certaine

285 2554 769 36 mélancolie qui sied à l’histoire de 1915. »

327 2582 724 40 b) » Votre Waterloo est de la grande

284 2625 770 33 histoire, le récit de l’horrible bataille

282 2656 763 48 est un chef d’œuvre, les pages de la dé¬

284 2699 473 34 route sont effrayantes. -

197 2738 851 65 4250 BORNIER (Henri de). — L. a. s.

248 2807 802 43 1 p. in-12. 10 fr.

195 2862 856 59 4251 BOTREL (Théodore), barde popu¬

243 2916 802 48 laire. — Carte postale illustrée de sa

240 2974 807 43 photographie et de celle de sa femme ;

243 3022 801 41 20 lignes aut. s. 15 fr.

1122 210 846 42 4252 BOUCHARDAT, chimiste et

1167 248 800 51 pharmacien (1806-1856). — L. a. s.,

1172 296 795 60 1 p. in-4, sur bristol. 25 fr.

1252 369 719 40 Curieuse lettre. Réponse à un ami qui

1210 404 761 41 lui demande de lui tracer en quelques

1209 440 763 41 lignes les préceptes d’hygiène les plus

1210 478 214 34 importants.

1124 517 846 70 4253 BOUFFÉ (Hugues-Marie).* —

1173 590 796 42 Vingt-six lettres du célèbre acteur et

1170 630 797 51 d’autres membres de sa famille, a. s. à

1186 687 783 41 Dutacq et diverses personnes, 1849, ens.

1175 733 796 43 30 p. in-8, avec en-tête du « Théâtre

1174 781 795 34 du Vaudeville ». 25 fr.

1127 846 844 43 4254 BOULANGER (Louis), peintre

1172 884 795 54 romantique. — L. a. s. à un maire, 1 p.

1174 941 796 42 in-4, collée sur bristol. 30 fr.

1258 1005 717 38 Il annonce qu’il lui enverra à l’exposi¬

1211 1041 763 38 tion qu’il patronne, un tableau représen¬

1211 1077 765 36 tant une scène de Mazeppa (tirée de

1213 1111 761 40 Lord Byron). » M. Louis Amiel a joint à

1213 1148 763 32 mon tableau une étude de cheval à l’en¬

1213 1188 349 34 trée d’une forge. »

1124 1223 843 59 4255 BOURBAKI (Charles-Denis-

1172 1277 798 53 Sauter), général français, 1834-1897. —

1173 1337 801 44 Lettre a. s. (à De Mazade), 1875, une

1175 1376 795 56 p. in-8. 25 fr.

1253 1447 721 37 Remerciements pour l’envoi de son

1210 1482 766 35 liv re sur la Guerre de 1870. » Je n’ai pas

1211 1519 766 37 encore eu le temps de le lire, mais je ne

1212 1556 764 38 veux pas attendre plus longtemps pour

1209 1585 769 51 vous exprimer mes sentiments de gra¬

1214 1633 162 27 titude. »

1124 1672 851 65 4256 BOURBON-CONDÉ (Louis-

1175 1742 799 47 Henri, prince de), premier ministre

1174 1789 799 41 sous Louis XV.— Pièce s., Paris, 1732,

1172 1828 800 54 3 p. in-4, parchemin. — On y a joint

1174 1885 800 45 un feuillet de comptes, avec trois mots

1176 1931 797 49 a. et un paraphe, 1717. 3 p. in-f°. 40 fr.

1257 1995 719 37 Extrait d’un fragment le condamnant

1213 2030 763 42 à payer à Jacques de Saint-Gobert,

1214 2066 761 42 prêtre doyen de l’église de Saint Itieul

1213 2101 763 41 de Senlis, sept mines et demy de blé

1213 2137 762 41 méteil au jour de Saint-Martin d’hiver. »

1212 2167 769 45 La feuille de compte énumère les paie¬

1213 2209 676 36 ments faits au comte de Charolais.

1126 2271 846 47 4257 BRAVAIS (Auguste), physicien,

1172 2311 806 59 célèbre par ses études sur la cristallo¬

1172 2353 798 65 graphie. — L. a. s. à M. Lamé, 1854,

1177 2413 793 52 1 p. in-8, collée sur bristol. 25 fr.

1256 2473 718 41 Lettre intéressante. » Je vous envoie

1213 2512 759 39 mon mémoire sur le pendule conique.

1211 2548 762 43 J’ai par devers moi un mémoire sur

1209 2574 769 51 l’explication théorique du fait de Fou¬

1211 2617 761 45 cault et en général sur les - éclairs et les

1212 2660 532 40 phénomènes de la surface. »

1124 2698 843 74 4258 BRETON (Jules), célèbre paysa¬

1172 2758 795 62 giste. — L. a. s. à un confrère, 1886,

1172 2811 795 53 3 p. in 8. 40 fr.

1252 2873 717 39 J’étais dans un de ces moments où

1209 2908 760 44 mes tableaux qui me passionnent d’une

1209 2944 759 46 façon absurde, me donnent tant de mal

1207 2983 762 44 qu’ils m’absorbent entièrement en me

1207 3021 597 39 laissant stupide pour le reste. »
