2121 3423
249 189 23 41 4

1486 203 533 35 LIBRAIRIE SIMON KRA

634 3175 952 44 ACHAT DE LIVRES ET D’AUTOGRAPHES

381 281 725 35 « Comment marquer de l’intérêt à la

336 318 770 29 Revue des Lettres et des Arts sinon en la

336 354 499 28 lisant et la faisant lire. »

250 436 853 41 4216 ARISTIPPE (Aristippe Bernier

294 470 810 54 de Maligny, dit), acteur français (1790-

296 522 805 51 1864). — Lettre a. s. à Manière de

294 564 805 52 Saint-Gervais, Sainte Pélagie, 1822,

291 613 805 48 3 p. in-4. On y a joint un billet a. s.

294 675 805 37 de Saint-Gervais, 1826, une p. in-12.

379 783 723 35 « J’avais fait une lettre de change,

334 819 769 35 tout à coup on s'est présenté et on vient

333 855 770 34 de me mettre à Sainte Pélagie. Mon état

334 891 769 34 est perdu si j’y reste seulement trois

332 928 771 33 jours. Je suis allé en soirée chez le duc

333 964 769 33 d’Aumont où j’ai perdu mon argent à

334 1000 185 27 l’écarté. »

242 1058 857 65 4217 ARMÉE. — Pièce s. de Claude

290 1130 810 37 Dameuse, commissaire extraordinaire

291 1163 805 57 de l'artillerie ; Strasbourg, 1696, une

292 1225 806 41 page in-12, obl. sur formule imprimée,

291 1274 806 40 s. parchemin. 30 fr.

374 1334 726 35 Reçu de soixante quinze livres pour

328 1370 772 35 les « Aydes et extraordinaires d’Es¬

330 1408 769 30 tienne Landais, Trésorier Général de

329 1443 769 32 l’Artillerie de France, à la suite de l’ar¬

329 1479 770 35 mée du Roy commandée par M. le

330 1516 473 27 Mareschal de Choiseul. »

241 1598 853 31 4218 ASSOCIATION DES LETTRES

288 1646 807 31 ET DES ARTS. Lettre adressée

287 1694 806 40 au Duc de Luynes, 1852, 2 p. in-4. 25 fr.

369 1762 725 34 Remerciements pour les billets de la

327 1797 766 35 Loterie de Bienfaisance que le Duc a

324 1834 769 34 bien voulu prendre. Environ 80 signatures

323 1870 771 34 autographes parmi lesquelles : Ambroise

326 1906 766 33 Thomas, Emile Ollivier, Jouffroy,

334 1942 757 34 Taylor, F. Halévy, Taskin, Onslow, etc.

236 2022 852 39 4219 AUBERT (Louis), compositeur.

279 2053 805 66 — Lettre a. s. Paris, 1924, une p in-12.

367 2179 722 35 « Je me réjouis d’être interprété par

321 2216 402 33 vous en Amérique. »

231 2276 853 60 4220 AUMALE (Henri-Eugène-Phi¬

279 2330 802 57 lippe-Louis d’Orléans, duc d’). — Deux

279 2392 804 38 lettres dont une a. s. et l’autre s. ;

279 2440 802 40 Chantilly, 1884-1885, 2 p. in-12. 15 fr.

360 2507 724 29 Remerciements à un confrère de

315 2544 680 34 l’Académie, pour volumes envoyés.

228 2598 848 71 4221 AUREL (Madame). — ALFRED

271 2658 808 54 MORTIER. — Deux articles biogra¬

275 2720 805 40 phiques, écrits par deux Hommes de

275 2767 803 39 Lettres; ensemble 8 pages aut. signées.

222 2881 851 62 4222 AVÈZE (Marquisat d’). — Pièce

272 2951 804 32 s. de Victor de Tresars de Beaufort de

271 2983 802 57 Vabres, seigneur et Marquis de Beau¬

268 3032 799 54 fort d’Avèze. ; s. l. 1682, une p. in-f°

271 3093 800 41 obl. parchemin, avec sceau. 30 fr.

1308 285 718 37 Pièce relative au marquisat d’Avèze.

1264 321 759 36 Nomination de Michel Point Chabrit,

1263 356 761 39 à l’office de procureur, dans ce marquisat,

1264 394 758 35 « voulant oultre qu’il ait son habitation

1262 430 760 34 avec sa famille sy bon luy semble dans

1261 465 501 28 notre chasteau d’Avèze. »

1176 539 846 44 4223 BACHELIER (Jean-Jacques),

1222 587 800 41 peintre de paysages, directeur de la

1221 618 800 63 manufacture de Sèvres. — P. s. 1777,

1225 682 797 41 1 p. in-fol. impr. et manuscrite. 20 fr.

1303 744 722 35 Brevet de second prix d’architecture

1261 780 764 35 décerné à Hassenfratz (le célèbre chi¬

1262 816 760 35 miste), élève de l’Ecole gratuite de dessin.

1176 890 846 37 4224 BADEN-BADEN (Ferdinand-

1223 938 797 42 Maximilien, prince de), né en 1600, m.

1221 972 797 57 en 1669. — Lettre s. (en français), 5

1223 1033 798 43 lignes autogr. Baden, 1668, une p. in-4,

1221 1081 283 32 cachet. 25 fr.

1304 1143 717 37 « J’ay veu que vous avez encor pris

1260 1179 762 37 la peine d'en trou ver un bon Maistre qui

1259 1214 762 31 s’entend fort bien à l’architecture.

1259 1251 679 34 Je vous ay bien de l’obligation... »

1170 1297 845 80 — BALZAC (Honoré de). — Voir Nos

1219 1373 352 38 4345, 4420, 4627.

1171 1450 845 42 4225 BANVILLE (Théodore de), poète.

1210 1486 805 62 — L. a. s. à M. Léonce, 1895, 1 p. in-8.

1301 1609 717 34 Invitation pour « venir manger avec

1256 1645 762 35 nous, chez Magny la belle dinde truffée

1255 1688 351 27 que vous savez. »

1168 1749 846 41 4226 BARBEY D'AUREVILLY (Jules)

1213 1782 799 57 littérateur. — L. a. s. à M. Nadar, 1 p.

1214 1844 798 42 in-8 (à l’encre rouge). 35 fr.

1296 1906 718 34 « Vous avez dû recevoir le premier

1251 1941 762 35 chapitre de mon roman et j’ai obtenu

1251 1978 762 34 du Gil Blas qu’on vous ferait le service

1251 2014 597 34 pendant toute sa publication. »

1163 2089 845 40 4227 BARBUSSE (Henri), romancier.

1204 2122 802 65 — L. a. s. à Laurent Tailhude, 1919,

1211 2185 795 39 1 p. in-4. 20 fr.

1291 2247 717 34 Au sujet de la création du groupe

1248 2283 760 30 « Clarté » du manifeste, du comité direc¬

1245 2318 763 34 teur, et des statuts. Il le prie de faire

1246 2353 760 35 savoir s’il accepte de figurer dans le

1156 2433 845 65 4228 BARRÈS (Maurice), écrivain. —

1204 2505 799 41 L. a. s. à un ami, 1907, 3 p. in-8 avec

1203 2552 797 34 ratures et corrections. 40 fr.

1286 2613 715 36 « J’avais prié M. Albert de renier la

1242 2649 757 33 traduction du Livre de l’Allemagne.

1242 2686 757 33 On la lui a remise page par page et on

1240 2721 760 33 a tenu aucun compte de ses observa¬

1240 2756 759 34 tions... Je vais protester par les jour¬

1239 2791 758 30 naux... Donc cette affaire inutile connue

1236 2818 759 51 argent est nuisible littéralement, » etc.

1151 2896 844 41 4229 BARTET (Jeanne Régnault, dite

1196 2929 793 54 Mme) de la Comédie française. — a) L.

1196 2978 793 54 a. s. 1917, 1 p. in-12. — b) Carte a. s.

1198 3020 791 66 1918, 2 p. in-16. Chaque lettre : 8 fr.

1276 3098 629 37 Elle parle de son état de santé.

985 723 115 31 25 fr.

976 2117 111 31 15 fr.

1903 1548 112 32 20 fr.

1245 2390 134 27 comité.

965 2815 111 31 60 fr.
