2093 3391
577 225 1076 84 DU DROIT DE CITATION

579 345 1078 82 DANS LES CATALOGUES

325 536 1674 47 Avec l’autorité qui s’attache à tout ce qu’il écrit, M. Paul Souday a soulevé, dans un

227 584 1773 47 numéro récent du Temps, une question qui intéresse au plus haut point les acheteurs et les

228 632 1772 47 vendeurs d’autographes. Un auteur contemporain trouva citées, dans un catalogue de mar¬

227 680 1771 49 chand, quelques lignes d’un billet qu’il avait jadis adressé à un ami et dont il n’avait pas

227 727 1773 49 conservé le souvenir. Il se demanda si la lettre était authentique et protesta contre la publi¬

227 776 1770 47 cation de cette lettre dans un catalogue, sans qu’il en eût été avisé, sans que l’expert lui en

227 823 1774 45 eût demandé la permission, M. Paul Souday a pris le parti de notre confrère et lui a donné

228 871 1772 47 raison. Voilà donc appelée au tribunal de l’opinion cette question intéressante au plus

228 919 1774 45 haut point : Peut-on imprimer sans autorisation préalable quelques lignes d’un auteur

227 967 153 31 vivant ?

327 1014 1673 46 Tout d’abord, une observation s’impose : les auteurs vivants ne sont pas seuls en cause:

228 1063 1773 43 ceux qui sont morts depuis moins de cinquante ans doivent être englobés dans la même

228 1110 1773 45 catégorie, puisque leurs œuvres ne sont pas tombées dans le domaine public. Il faudrait

227 1158 1773 43 donc s’en référer aux ayants droits et, s’il est relativement facile de retrouver les

228 1205 1773 45 héritiers littéraires d’un Verlaine ou d'un Barrès, comment découvrir au pied levé quel est

228 1254 1596 43 l’ayant-droit littéraire actuel du Général Boulanger ou de Ferdinand de Lesseps ?

324 1301 1677 44 On sait qu’une jurisprudence constante attribue au destinataire la propriété maté¬

228 1348 1773 43 rielle de toute lettre missive. Cette propriété, comportant le droit de cession, même à titre

228 1396 1776 43 onéreux, il s’ensuit que le vendeur a le droit absolu de faire connaître aux acheteurs éven¬

227 1445 1774 42 tuels ce qui constituera le mérite et le prix de la chose vendue. De là l’usage, quand on vend

228 1493 1156 41 un autographe, d’en publier des extraits dans le catalogue.

323 1541 1676 41 On sait que ces catalogues sont distribués gratuitement : aussi, voit-on mal sur quoi

227 1588 1772 42 se fonderait une demande éventuelle de droits d’auteur et sur quelle base il serait possible

227 1636 486 31 d’en calculer le montant.

321 1684 1676 42 En droit, les vendeurs d’autographes me paraissent donc parfaitement fondés à con¬

227 1732 1770 41 tinuer, comme par le passé, à publier, en tout ou en partie, les autographes modernes qu’ils

226 1779 439 40 offrent à leur clientèle.

323 1827 633 41 Ce droit n’a d’autre limite que :

322 1875 1424 40 1° L’ordre public, au cas où il s’agirait d’un texte immoral ou séditieux.

320 1922 1675 41 2° Les intérêts des tiers, si la lettre était calomnieuse ou diffamatoire, ou même, sim¬

224 1970 1414 41 plement, si elle révélait des faits qu’un tiers pouvait désirer tenir cachés.

319 2017 1677 42 3° L’abus du droit de citation : on ne saurait, par exemple, sous prétexte de mettre

225 2064 1772 43 en vente un manuscrit de Thaïs, réimprimer en entier le roman de France et le distribuer

226 2114 454 40 gratuitement au public.

321 2159 1675 43 Il me semble que cette triple restriction sauvegarde amplement les droits de l’auteur

223 2206 1770 43 de l’autographe : au reste, ne sommes-nous pas en France sous le régime de la libre publi¬

223 2256 1770 42 cation et non sous celui de la censure préalable ? L'expert-vendeur est un commerçant res¬

221 2303 1453 42 ponsable et peut toujours être poursuivi par l’auteur qui s’estimerait lésé.

319 2352 1674 40 Quant à la question d’authenticité, soulevée par M. Paul Souday et par son corres¬

220 2395 1771 45 pondant, on me permettra d’être sceptique. Dans bien des cas, l’appréciation autorisée d’un

221 2441 1771 47 expert en autographes aura plus de poids que la mémoire défaillante d’un écrivain. Là

221 2491 1771 43 encore, en cas de contestation, le recours aux tribunaux est toujours possible — et même

219 2541 116 40 facile.

317 2581 1673 49 Qu’on me permette une dernière observation : la même question a déjà été tranchée,

220 2632 1771 45 pour un cas presque identique, par l’autorité législative. Il y a quelques années, lors du vote

219 2678 1772 47 de la loi sur la propriété artistique, il a été nettement stipulé par les Chambres que la repro¬

220 2727 1769 45 duction d’une peinture moderne, dans un catalogue de vente distribué gratuitement, ne

217 2771 1772 48 tombait pas sous le coup de la loi et que le commissaire-priseur ne pouvait être tenu, ni de

219 2819 1772 47 solliciter une autorisation, ni de payer un droit de reproduction. Le cas n’est-il pas abso¬

220 2866 1770 48 lument parallèle, qu’il s’agisse d’une peinture de Manet ou d’une lettre de notre excellent

219 2920 323 40 confrère Y. Z. ?

1273 2998 601 45 SEYMOUR DE RICCI.
