2069 3391
1430.0 129.0 538.0 35.0 LIBRAIRIE SIMON KRA

195.0 112.0 24.0 41.0 6

609.0 3103.0 951.0 43.0 ACHAT DE LIVRES ET D’AUTOGRAPHES

193.0 204.0 856.0 47.0 4245 BODIN (J. H.), médecin, auteur

237.0 245.0 808.0 46.0 de plusieurs ouvrages de pathologie. —

243.0 301.0 807.0 47.0 Lettre a. s. à Sédillol, an 13, 3 p. petit

243.0 348.0 804.0 39.0 in-4. 30 fr.

325.0 405.0 727.0 36.0 Longue lettre sur l’état de la médecine

279.0 435.0 772.0 39.0 au commencement du xix'’ siècle. Pré¬

281.0 478.0 771.0 37.0 sentation de Le Roy, médecin d’Anvers,

281.0 512.0 770.0 35.0 à la Société d’Emulation des Sciences et

280.0 549.0 773.0 41.0 des Arts. Méthode antidysentérique

279.0 579.0 769.0 42.0 Jacob ; elle consiste » à donner de l’o¬

282.0 621.0 771.0 40.0 pium au demi-grain ou même davantage

282.0 658.0 688.0 32.0 de deux heures en deux heures... »

196.0 720.0 858.0 46.0 4246 BOISLECOMTE (Olivier-Sta¬

245.0 767.0 808.0 46.0 nislas, comte de), ambassadeur en

245.0 816.0 809.0 43.0 Suisse et à Naples, 1800-1865. — Let¬

244.0 865.0 809.0 44.0 tre a. s. et note diplomatique a. s.

245.0 912.0 807.0 45.0 1847 et 1855, eus. 9 pages in-f°. 50 fr.

326.0 973.0 728.0 40.0 Note diplomatique secrète de la plus

284.0 1009.0 770.0 37.0 haute importance, sur les troubles de

283.0 1045.0 772.0 39.0 1848 à Naples. « On regarde générale¬

283.0 1082.0 771.0 38.0 ment le Roi de Naples comme un vrai

284.0 1118.0 771.0 34.0 Lazzaroni, méchant, fourbe et sans in¬

283.0 1154.0 771.0 36.0 telligence ; c’est une erreur ; le Roi a un

283.0 1191.0 772.0 38.0 grand esprit d’ordre ; il s’occupe avec

283.0 1226.0 771.0 37.0 soin de son administration ; mais le

283.0 1262.0 770.0 39.0 fond de son caractère est la peur, et,

282.0 1297.0 771.0 40.0 il méprise ses sujets autant qu’il craint

282.0 1335.0 698.0 31.0 les révolutionnaires de l’extérieur. »

197.0 1397.0 853.0 47.0 4247 BONAPARTE (Julie-Charlotte),

243.0 1445.0 808.0 46.0 de Boccagiovine, fille du prince de

243.0 1483.0 808.0 51.0 Canino, 1830-1885, femme de lettres. —

247.0 1542.0 802.0 44.0 Lettre a. s. Paris, 1867, 3 p. in-8. 20 fr.

327.0 1604.0 727.0 40.0 Elle demande à son correspondant

283.0 1640.0 770.0 37.0 sur la recommandation de M. Caro, de

284.0 1676.0 771.0 39.0 vouloir bien mettre quelques lignes sur

287.0 1714.0 214.0 29.0 son album.

197.0 1774.0 857.0 47.0 4248 BONNAT (Léon), le célèbre pein¬

243.0 1817.0 808.0 50.0 tre. — L. a. s. à une reine ; Paris, 3

242.0 1870.0 810.0 44.0 janv. 1893 ; 4 p. in-8. 45 fr.

328.0 1927.0 728.0 39.0 Superbe lettre. « Mon esprit attristé

285.0 1964.0 770.0 37.0 par les misères du moment, a reçu en

284.0 1998.0 772.0 38.0 lisant, un vrai rayon de soleil, une envolée

284.0 2035.0 772.0 39.0 de poésie. Il y avait je ne sais quel par¬

284.0 2071.0 770.0 39.0 fum d’Orient, cet Orient qui nous fait

284.0 2107.0 770.0 36.0 rêver, nous autres hommes de l’Ouest,

284.0 2143.0 770.0 37.0 cet Orient, pays des mille et une fées,

282.0 2173.0 769.0 53.0 qui captive si puissamment nos imagi¬

284.0 2217.0 184.0 27.0 nations. »

198.0 2277.0 854.0 46.0 4249 BORNIER (Henri de), poète et

245.0 2317.0 803.0 45.0 auteur dramatique. — Deux L. a. s.

245.0 2371.0 805.0 45.0 (à Henri) Houssaye), 1897 et 1899. 2 p.

246.0 2420.0 804.0 43.0 in-8, enveloppes. Les deux lettres 40 fr.

325.0 2466.0 726.0 48.0 a) » C’est absolument beau de calme,

284.0 2517.0 770.0 36.0 d’impartialité même, avec une certaine

285.0 2554.0 769.0 36.0 mélancolie qui sied à l’histoire de 1915. »

327.0 2582.0 724.0 40.0 b) » Votre Waterloo est de la grande

284.0 2625.0 770.0 33.0 histoire, le récit de l’horrible bataille

282.0 2656.0 763.0 48.0 est un chef d’œuvre, les pages de la dé¬

284.0 2699.0 473.0 34.0 route sont effrayantes. -

197.0 2738.0 851.0 65.0 4250 BORNIER (Henri de). — L. a. s.

248.0 2807.0 802.0 43.0 1 p. in-12. 10 fr.

195.0 2862.0 856.0 59.0 4251 BOTREL (Théodore), barde popu¬

243.0 2916.0 802.0 48.0 laire. — Carte postale illustrée de sa

240.0 2974.0 807.0 43.0 photographie et de celle de sa femme ;

243.0 3022.0 801.0 41.0 20 lignes aut. s. 15 fr.

1122.0 210.0 846.0 42.0 4252 BOUCHARDAT, chimiste et

1167.0 248.0 800.0 51.0 pharmacien (1806-1856). — L. a. s.,

1172.0 296.0 795.0 60.0 1 p. in-4, sur bristol. 25 fr.

1252.0 369.0 719.0 40.0 Curieuse lettre. Réponse à un ami qui

1210.0 404.0 761.0 41.0 lui demande de lui tracer en quelques

1209.0 440.0 763.0 41.0 lignes les préceptes d’hygiène les plus

1210.0 478.0 214.0 34.0 importants.

1124.0 517.0 846.0 70.0 4253 BOUFFÉ (Hugues-Marie).* —

1173.0 590.0 796.0 42.0 Vingt-six lettres du célèbre acteur et

1170.0 630.0 797.0 51.0 d’autres membres de sa famille, a. s. à

1186.0 687.0 783.0 41.0 Dutacq et diverses personnes, 1849, ens.

1175.0 733.0 796.0 43.0 30 p. in-8, avec en-tête du « Théâtre

1174.0 781.0 795.0 34.0 du Vaudeville ». 25 fr.

1127.0 846.0 844.0 43.0 4254 BOULANGER (Louis), peintre

1172.0 884.0 795.0 54.0 romantique. — L. a. s. à un maire, 1 p.

1174.0 941.0 796.0 42.0 in-4, collée sur bristol. 30 fr.

1258.0 1005.0 717.0 38.0 Il annonce qu’il lui enverra à l’exposi¬

1211.0 1041.0 763.0 38.0 tion qu’il patronne, un tableau représen¬

1211.0 1077.0 765.0 36.0 tant une scène de Mazeppa (tirée de

1213.0 1111.0 761.0 40.0 Lord Byron). » M. Louis Amiel a joint à

1213.0 1148.0 763.0 32.0 mon tableau une étude de cheval à l’en¬

1213.0 1188.0 349.0 34.0 trée d’une forge. »

1124.0 1223.0 843.0 59.0 4255 BOURBAKI (Charles-Denis-

1172.0 1277.0 798.0 53.0 Sauter), général français, 1834-1897. —

1173.0 1337.0 801.0 44.0 Lettre a. s. (à De Mazade), 1875, une

1175.0 1376.0 795.0 56.0 p. in-8. 25 fr.

1253.0 1447.0 721.0 37.0 Remerciements pour l’envoi de son

1210.0 1482.0 766.0 35.0 liv re sur la Guerre de 1870. » Je n’ai pas

1211.0 1519.0 766.0 37.0 encore eu le temps de le lire, mais je ne

1212.0 1556.0 764.0 38.0 veux pas attendre plus longtemps pour

1209.0 1585.0 769.0 51.0 vous exprimer mes sentiments de gra¬

1214.0 1633.0 162.0 27.0 titude. »

1124.0 1672.0 851.0 65.0 4256 BOURBON-CONDÉ (Louis-

1175.0 1742.0 799.0 47.0 Henri, prince de), premier ministre

1174.0 1789.0 799.0 41.0 sous Louis XV.— Pièce s., Paris, 1732,

1172.0 1828.0 800.0 54.0 3 p. in-4, parchemin. — On y a joint

1174.0 1885.0 800.0 45.0 un feuillet de comptes, avec trois mots

1176.0 1931.0 797.0 49.0 a. et un paraphe, 1717. 3 p. in-f°. 40 fr.

1257.0 1995.0 719.0 37.0 Extrait d’un fragment le condamnant

1213.0 2030.0 763.0 42.0 à payer à Jacques de Saint-Gobert,

1214.0 2066.0 761.0 42.0 prêtre doyen de l’église de Saint Itieul

1213.0 2101.0 763.0 41.0 de Senlis, sept mines et demy de blé

1213.0 2137.0 762.0 41.0 méteil au jour de Saint-Martin d’hiver. »

1212.0 2167.0 769.0 45.0 La feuille de compte énumère les paie¬

1213.0 2209.0 676.0 36.0 ments faits au comte de Charolais.

1126.0 2271.0 846.0 47.0 4257 BRAVAIS (Auguste), physicien,

1172.0 2311.0 806.0 59.0 célèbre par ses études sur la cristallo¬

1172.0 2353.0 798.0 65.0 graphie. — L. a. s. à M. Lamé, 1854,

1177.0 2413.0 793.0 52.0 1 p. in-8, collée sur bristol. 25 fr.

1256.0 2473.0 718.0 41.0 Lettre intéressante. » Je vous envoie

1213.0 2512.0 759.0 39.0 mon mémoire sur le pendule conique.

1211.0 2548.0 762.0 43.0 J’ai par devers moi un mémoire sur

1209.0 2574.0 769.0 51.0 l’explication théorique du fait de Fou¬

1211.0 2617.0 761.0 45.0 cault et en général sur les - éclairs et les

1212.0 2660.0 532.0 40.0 phénomènes de la surface. »

1124.0 2698.0 843.0 74.0 4258 BRETON (Jules), célèbre paysa¬

1172.0 2758.0 795.0 62.0 giste. — L. a. s. à un confrère, 1886,

1172.0 2811.0 795.0 53.0 3 p. in 8. 40 fr.

1252.0 2873.0 717.0 39.0 J’étais dans un de ces moments où

1209.0 2908.0 760.0 44.0 mes tableaux qui me passionnent d’une

1209.0 2944.0 759.0 46.0 façon absurde, me donnent tant de mal

1207.0 2983.0 762.0 44.0 qu’ils m’absorbent entièrement en me

1207.0 3021.0 597.0 39.0 laissant stupide pour le reste. »
