2053 3381
209.0 118.0 25.0 40.0 8

1446.0 130.0 537.0 30.0 LIBRAIRIE SIMON KRA

636.0 3109.0 950.0 48.0 ACHAT DE LIVRES ET D’AUTOGRAPHES

337.0 208.0 727.0 36.0 « M. de Boufflers désire beaucoup que

293.0 245.0 771.0 34.0 l’établissement projetté par MM. Le

291.0 281.0 773.0 35.0 Blanc et Ozé pour l’extraction en grand de

292.0 318.0 772.0 33.0 la soude du sel marin, puisse être sans

292.0 353.0 772.0 34.0 délai mis en activité ; d’après les déli¬

293.0 389.0 771.0 34.0 bérations du comité d’Agriculture qui

292.0 425.0 773.0 30.0 vous autorise à nommer deux commis¬

294.0 461.0 770.0 34.0 saires pour l’examen des moyens de

293.0 497.0 253.0 28.0 ces artistes. »

208.0 568.0 856.0 39.0 4272 CHOISEUL (Claude-Antoine-

253.0 602.0 810.0 54.0 Gabriel, duc de — Stainville), gouver¬

253.0 650.0 810.0 48.0 neur du Louvre, 1760-1838. — Lettre

256.0 712.0 807.0 39.0 a. 8. Perrecy (Saône-et-Loire), s. d.

255.0 759.0 810.0 40.0 4 p. in-8, portrait ajouté. 40 fr.

340.0 821.0 727.0 34.0 « Me voici établi pour 6 mois dans mon

295.0 857.0 773.0 34.0 grand château, l’air de la campagne me

295.0 893.0 774.0 32.0 fait du bien, mon fils se fortifie ; il monte

294.0 928.0 774.0 35.0 à cheval, je me promène en calèche ;

295.0 965.0 775.0 34.0 la vie de château a bien son prix ; elle

295.0 1001.0 775.0 34.0 est douce et reposée ; je médite tout

296.0 1037.0 774.0 34.0 à mon aise dans cette tour dont je vous

296.0 1073.0 774.0 35.0 ai parlé, je lis De Gérando, qui m’intéresse

296.0 1109.0 774.0 35.0 tout en convenant qu’il peut paraître

297.0 1154.0 230.0 26.0 ennuyeux. »

208.0 1191.0 857.0 62.0 4273 CHOISEUL (Etienne - François,

259.0 1263.0 809.0 40.0 duc de), célèbre homme d’Etat (1719-

259.0 1298.0 809.0 51.0 1785). — Lettre s. au Capitaine Desai-

259.0 1359.0 808.0 40.0 leurs, 1769, une page in-f°. 20 fr.

344.0 1420.0 726.0 34.0 « Sur le compte, Monsieur, que j’ay

298.0 1456.0 772.0 34.0 rendu au Roy de vos services, Sa Majesté

299.0 1492.0 772.0 33.0 a bien voulu vous destiner à la Majorité

299.0 1528.0 684.0 28.0 du Bataillon de Milice de Lille... »

213.0 1590.0 855.0 48.0 4274 CHRISTINÉ (Henri), auteur de

259.0 1631.0 806.0 51.0 l’opérette Phi-Phi. — L. a. s. à un ami,

262.0 1693.0 808.0 42.0 1923, 2. p in-8 ; en-tête : Villa Phi-

263.0 1741.0 806.0 31.0 Phi. 30 fr.

345.0 1803.0 726.0 35.0 « Je travaille dur à une opérette qui

300.0 1839.0 771.0 35.0 doit passer au Daunou et j’occupe ma

300.0 1875.0 772.0 35.0 villégiature à faire la traite des blanches

301.0 1911.0 771.0 28.0 et... des doubles croches. Je tente de

301.0 1947.0 771.0 34.0 mettre de la musique sur un livret sans

301.0 1984.0 538.0 32.0 chœurs, sans danses, » etc.

211.0 2028.0 860.0 68.0 4275 CICÉRI (P. L. C.), célèbre pein¬

259.0 2087.0 809.0 57.0 tre décorateur. — L. s. à M. Sauvan.

263.0 2148.0 808.0 40.0 1823, 1 p. in-4. 10 fr.

346.0 2194.0 728.0 48.0 Il donne la description d’une décora¬

301.0 2246.0 771.0 35.0 tion qui représente la ville de Tolède.

214.0 2296.0 860.0 65.0 4276 CLEMENCEAU (Georges), hom¬

262.0 2349.0 806.0 51.0 me politique. — Lettre a. s. Paris,

264.0 2411.0 808.0 40.0 1909, 2 p. in-12, sur papier à en-tcte

263.0 2459.0 807.0 32.0 du Sénat. 40 fr.

344.0 2520.0 728.0 34.0 Belle lettre. « Il n’y a pas encore un

303.0 2556.0 769.0 35.0 mois que j’ai eu la douleur de perdre ma

302.0 2592.0 771.0 33.0 mère. Pour cette raison il m’est impossible

301.0 2628.0 773.0 34.0 à mon très grand regret, de me rendre

302.0 2663.0 772.0 36.0 au banquet Octave Mirbeau, comme j’au¬

302.0 2699.0 772.0 33.0 rais été très heureux de le faire pour té¬

303.0 2735.0 771.0 34.0 moigner hautement de mes sentiments

303.0 2771.0 487.0 28.0 d’admiration et d’amitié.

216.0 2834.0 758.0 38.0 4277 COLLÈGE DE FRANCE.

264.0 2885.0 808.0 42.0 Pétition des professeurs au ministère

262.0 2933.0 810.0 33.0 de l’Intérieur en faveur de la veuve

262.0 2981.0 810.0 41.0 de leur collègue Dupuy, 1811, une page

264.0 3027.0 807.0 34.0 in f°. 25 fr.

1257.0 204.0 722.0 38.0 Signatures autographes de Lefèvre-

1224.0 246.0 761.0 34.0 Gineau, Bosquillon, Portai, Caussin,

1223.0 282.0 763.0 31.0 Cuvier, Cournand, Guérout, Baron Thé¬

1221.0 309.0 764.0 51.0 nard, Pastorel, Levesque, Audran, Sil-

1224.0 354.0 540.0 34.0 vestre de Sacy, Delambre.

1136.0 400.0 852.0 56.0 4278 COLONIES FRANÇAISES. —

1186.0 471.0 800.0 41.0 Pièce provenant de l’hôpital de Tabago,

1187.0 518.0 800.0 42.0 « Isle du vent de l’Amérique », année

1187.0 549.0 798.0 65.0 1789, 2 p. in-f° sur formule imprimée,

1186.0 614.0 801.0 40.0 cachet de cire rouge. 20 fr.

1270.0 676.0 720.0 28.0 Certificat de décès du vicomte de

1226.0 701.0 764.0 37.0 Traversay, signé de l’aumônier O’Lough¬

1230.0 747.0 759.0 31.0 lin ; de l’officier d’administration, etc.

1228.0 783.0 762.0 34.0 Tabago, une des Antilles Anglaises,

1228.0 818.0 566.0 35.0 appartenait alors à la France.

1143.0 882.0 844.0 38.0 4279 COMPAGNIE DU SÉNÉGAL.

1187.0 936.0 803.0 40.0 — Lettre signée des administrateurs à

1190.0 969.0 800.0 53.0 M. de Viales, directeur général à la Ro¬

1190.0 1032.0 799.0 40.0 chelle, Paris, 1701, une page in-4. 25 fr.

1271.0 1076.0 725.0 48.0 Curieuse lettre relative à une Com¬

1226.0 1121.0 764.0 42.0 pagnie du Sénégal, fondée à l’instigation

1229.0 1165.0 763.0 34.0 de la fameuse Compagnie des Indes.

1229.0 1191.0 761.0 43.0 « La Compagnie ayant eu avis qu’il de¬

1230.0 1237.0 762.0 34.0 vait arriver plusieurs vaisseaux venant

1229.0 1265.0 764.0 42.0 du Sénégal et Coste d’Affrique apparte¬

1230.0 1307.0 763.0 35.0 nant à cette compagnie, dans lesquels il

1229.0 1338.0 764.0 39.0 y a plusieurs marchandises de contre¬

1230.0 1380.0 763.0 34.0 bande, elle vous prie de donner ordre

1226.0 1408.0 764.0 40.0 aux brigadiers d’entrer dans ces vais¬

1230.0 1452.0 763.0 33.0 seaux et de n’en laisser sortir personne. »

1150.0 1516.0 842.0 44.0 1280 COMPIÈGNE (Journal du Camp

1190.0 1555.0 800.0 50.0 de) en 1739. — Manuscrit anonyme du

1190.0 1603.0 800.0 53.0 XVIIIe siècle, 55 p. in-fol. d’une très

1191.0 1663.0 800.0 40.0 belle écriture, avec 8 grandes planches

1190.0 1696.0 800.0 59.0 pliantes, dont une gravée, les autres

1190.0 1744.0 800.0 64.0 exécutées au lavis et à l’aquarelle ;

1192.0 1805.0 799.0 36.0 cartonné. 100 fr.

1274.0 1865.0 720.0 32.0 Ce très curieux manuscrit contient le

1229.0 1893.0 764.0 42.0 récit très détaillé des opérations du - camp

1231.0 1938.0 762.0 37.0 de Compiègne, que l’auteur appelle un

1231.0 1973.0 763.0 35.0 amusement militaire pour le roi » et qui

1232.0 2009.0 762.0 36.0 fut, en réalité, ce que nous appellerions

1229.0 2037.0 767.0 42.0 aujourd’hui les » grandes manœuvres. »

1229.0 2073.0 764.0 42.0 Description très détaillée du fort, des di¬

1233.0 2116.0 761.0 38.0 vers quartiers ; remarques sur les mines,

1233.0 2151.0 762.0 36.0 les bombes, etc. A ces opérations assis¬

1233.0 2187.0 760.0 36.0 taient le Roi, le Dauphin, le duc de Biron,

1232.0 2225.0 539.0 32.0 le comte d’Eu, la Reine, etc.

1144.0 2270.0 846.0 68.0 4281 CONTT (Maison de). — Pièce nota¬

1190.0 2327.0 803.0 56.0 riée ms. insinuée au Châtelet, Paris-

1196.0 2387.0 796.0 45.0 1709, 7 pages, in-4 parchemin. 50 fr,

1275.0 2448.0 719.0 39.0 Très importante pièce relative à la

1229.0 2476.0 767.0 42.0 succession de François Louis de Bour¬

1234.0 2519.0 759.0 40.0 bon, prince de Conti (1664-1709). La

1232.0 2555.0 762.0 39.0 succession, qui devait être recueillie par

1229.0 2583.0 761.0 42.0 son jeune frère Louis-Armand de Bour¬

1232.0 2627.0 762.0 37.0 bon-Conti (1696-1727) encore mineur,

1233.0 2662.0 762.0 37.0 était contestée par la veuve du prince

1232.0 2687.0 758.0 45.0 François-Louis. — Extrait du jugement

1232.0 2735.0 521.0 39.0 du parc civil du Châtelet.

1146.0 2803.0 847.0 41.0 4282 COURTELINE (Georges Moinaux,

1187.0 2837.0 803.0 62.0 dit), auteur dramatique. — Carte a. s.

1196.0 2896.0 795.0 47.0 1 p. in-8, obl. 12 fr.

1274.0 2938.0 719.0 57.0 Carte de félicitations. — « Très heu¬

1234.0 2992.0 761.0 36.0 reux d’un choix si heureux et auquel le

1229.0 3025.0 485.0 54.0 pays entier applaudira. »
