2127 3455
132.0 127.0 610.0 46.0 6, RUE BLANCHE, PARIS

1897.0 127.0 25.0 43.0 5

131.0 223.0 855.0 40.0 4230 BAUDRY (Paul), le célèbre pein¬

175.0 256.0 810.0 60.0 tre. — !.. a. s. à un ami. 4 pp. in-8,

179.0 317.0 806.0 33.0 écriture serrée. 25 fr.

261.0 380.0 725.0 34.0 Parlant de son séjour en Italie, il lui

217.0 416.0 770.0 28.0 recommande l’achat des tableaux des

217.0 452.0 769.0 34.0 peintres Bertaux, Vimont et Layraud.

216.0 488.0 218.0 27.0 Belle lettre.

130.0 540.0 855.0 53.0 42.11 BEAUMONT (Plie de), géolo¬

175.0 587.0 807.0 57.0 gue. — L. a. s. au secrétaire de l’Insti¬

172.0 633.0 807.0 69.0 tut, 1864, 1 p. in-8, collée sur bristol.

871.0 697.0 111.0 31.0 12 fr.

256.0 746.0 550.0 34.0 Au sujet de M. Le Verrier.

126.0 797.0 856.0 63.0 4232 BEAUNIER (André), écrivain. —

172.0 870.0 809.0 40.0 Article a. s. sur Stuart Merrill, 17 p.

174.0 918.0 808.0 40.0 in-8, ayant servi à l’impression, ratures

173.0 966.0 807.0 40.0 et corrections autographes. 25 fr.

123.0 1043.0 857.0 42.0 4233 BEAUVOIR (Edouard-Roger de),

170.0 1076.0 809.0 58.0 poète et littérateur, 1809-1866. — Trois

171.0 1139.0 810.0 33.0 lettres a. s. dont deux ornées de des¬

170.0 1187.0 809.0 40.0 sins humoristiques à la plume, 1863 et

167.0 1220.0 812.0 52.0 s. d. ens. 3 p. — On y a joint une lettre

170.0 1283.0 811.0 42.0 a. s. de son second fils, Henri-Roger

170.0 1330.0 809.0 35.0 de Beauvoir. 50 fr.

253.0 1392.0 727.0 35.0 Lettres d'un style spirituel, avec vers

209.0 1429.0 771.0 34.0 et quatrains. « Je passe mes nuits sans

209.0 1464.0 770.0 36.0 sommeil, je lis les journaux et je crois

208.0 1500.0 773.0 36.0 qu’on viole dans les wagons. N’y monte

208.0 1537.0 442.0 33.0 pas, on t’assassinerait.

251.0 1591.0 674.0 35.0 Chartier, d’Antoine heureux époux ;

251.0 1627.0 558.0 35.0 Pardon pour ma muse falotle

251.0 1663.0 601.0 35.0 Et ne vous en prenez qu’à vous

248.0 1699.0 450.0 34.0 Si je cultive la carotte. »

120.0 1763.0 856.0 47.0 4234 BÉDIER (Joseph), homme de let¬

164.0 1808.0 810.0 51.0 tres. — Pièce a. s. 1/ 2 p. in-8, à en¬

167.0 1864.0 807.0 42.0 tête de VAcadémie Française. 18 fr.

249.0 1926.0 426.0 35.0 « Li temps s’en vient,

248.0 1963.0 287.0 34.0 Je ne fais rien

249.0 1998.0 344.0 35.0 Li temps s’en vait

248.0 2034.0 322.0 35.0 Je n’ai rien fait.

247.0 2064.0 689.0 60.0 Vers d’un paresseux du xm° siècle. »

118.0 2152.0 856.0 41.0 4235 BEN DAVIES (F..), chanteur an¬

164.0 2188.0 807.0 49.0 glais. --- Trois lettres a. s. à Mischa

166.0 2247.0 807.0 41.0 Léon (en anglais). Londres, 1923-24,

165.0 2295.0 806.0 40.0 ens. 4 p. in-12. 20 fr.

248.0 2358.0 728.0 30.0 Lettres de remerciements et de com¬

204.0 2393.0 772.0 37.0 pliments élogieux. « J’ai une haute opi¬

205.0 2429.0 771.0 31.0 nion de vos talents. Je vous souhaite

205.0 2465.0 248.0 28.0 bon succès. »

118.0 2529.0 855.0 43.0 4236 BENEDETTI (Vincent), diplo¬

164.0 2562.0 807.0 58.0 mate français (1817-1900). — Lettre

164.0 2625.0 807.0 40.0 a. s., Paris, 1859, 3 p. in-8. 20 fr.

246.0 2686.0 729.0 35.0 Recommandation auprès du Secré¬

204.0 2722.0 770.0 38.0 taire général de l’Instruction Publique

201.0 2749.0 770.0 43.0 pour M ,le Thérèse Lattalier-Lasquin.

115.0 2798.0 856.0 66.0 4237 BENOIT (Pierre), romancier. —

161.0 2856.0 807.0 60.0 Lettre a. s. Alexandrie, s. d. 2 p. 1 /2,

164.0 2915.0 805.0 37.0 in-8. 25 fr.

245.0 2977.0 728.0 38.0 Jolie lettre adressée de l’Hôtel Régina,

203.0 3014.0 770.0 35.0 sur papier du Claridge’s, avec la mention,

201.0 3040.0 770.0 57.0 au-dessous de la signature : » strict in¬

1149.0 220.0 774.0 35.0 cognito. » » Nous pourrions nous ren¬

1148.0 256.0 775.0 36.0 contrer demain matin dimanche à l’apé¬

1148.0 293.0 775.0 33.0 ritif vers 11 heures 1 /2, dans un endroit

1148.0 329.0 774.0 34.0 que je vous laisse le soin de désigner. »

1060.0 371.0 862.0 60.0 4238 BÉRANGER (Pierre-Jean de). —

1106.0 426.0 813.0 57.0 Lettre a. s. 1850, 3 p. in-12. — On y a

1106.0 475.0 810.0 60.0 joint un portrait sur bois, par Charlet.

1803.0 536.0 114.0 31.0 25 fr.

1192.0 592.0 728.0 33.0 « J’ai lu votre ouvrage avec autant

1146.0 628.0 774.0 34.0 d’intérêt que d’empressement. Tl vous

1146.0 664.0 774.0 34.0 appartenait de nous donner la narra¬

1146.0 700.0 773.0 28.0 tion de tant d’événements où vous avez

1146.0 736.0 774.0 34.0 eu votre part d’honneur, dont l’Italie

1145.0 773.0 690.0 33.0 vous tiendra sans doute compte... »

1057.0 814.0 859.0 61.0 4239 BERGSON (Henri), célèbre phi¬

1103.0 872.0 810.0 57.0 losophe. — L. a. s. à un confrère, 1916,

1107.0 931.0 807.0 42.0 1 p. 1 12, in-8. 50 fr.

1187.0 973.0 726.0 46.0 11 lui présente M. Charles Bioche, pro¬

1144.0 1022.0 772.0 35.0 fesseur de mathématiques, qui désire

1142.0 1058.0 775.0 36.0 l’entretenir d’un projet utile à réaliser

1143.0 1096.0 353.0 29.0 à l’heure actuelle.

1069.0 1134.0 841.0 66.0 — BERGSON (Henri). — Voir aussi

1103.0 1194.0 156.0 52.0 n° 4482.

1055.0 1266.0 857.0 41.0 4240 BERNHARDT (Sarah), célèbre

1100.0 1304.0 810.0 52.0 tragédienne. — L. s. à un rédacteur,

1102.0 1361.0 809.0 45.0 4 p. in-16, papier à sa devise. 25 fr.

1184.0 1418.0 730.0 36.0 Ne voulant pas être la cause de

1141.0 1445.0 766.0 40.0 manifestations contradictoires elle re¬

1142.0 1488.0 769.0 34.0 fuse son concours à la fête dédiée à la

1142.0 1528.0 556.0 30.0 mémoire d’Alfred de Musset.

1053.0 1594.0 857.0 43.0 4211 BERRYER (P. Nicolas), célèbre

1100.0 1629.0 810.0 55.0 avocat et jurisconsulte (1757-1841). —-

1101.0 1691.0 807.0 39.0 L. a. s au chevalier Deleuze (1836),

1102.0 1738.0 807.0 47.0 1 /2 p. in-4, accompagnée d’un article

1098.0 1770.0 807.0 75.0 (imprimé) de 5 pp. 1 /2, in-4, nom¬

1099.0 1834.0 809.0 39.0 breuses corrections. 35 fr.

1181.0 1897.0 729.0 36.0 L’article traite du projet du ministre

1136.0 1933.0 772.0 34.0 des finances relatif aux statuts de la

1136.0 1969.0 775.0 39.0 Banque de France. Le Ministre projette

1136.0 2005.0 773.0 40.0 la prorogation du privilège de la banque

1136.0 2041.0 772.0 33.0 en lui réservant l’émission des billets.

1133.0 2076.0 775.0 41.0 Berryer fait remarquer que les billets

1136.0 2112.0 772.0 38.0 sont refusés en province. « Notre mal le

1136.0 2148.0 771.0 41.0 plus réel est la rareté du numéraire, d’où

1136.0 2185.0 772.0 39.0 la stagnation universelle, le dépérisse¬

1136.0 2224.0 544.0 34.0 ment de nos fabriques, » etc.

1046.0 2274.0 859.0 63.0 4242 BERRYER (P.-Nicolas). — Let¬

1096.0 2339.0 808.0 41.0 tre a. s. Paris, an XIII, (1804), une

1098.0 2378.0 804.0 57.0 page in-12 ; 10 fr.

1179.0 2449.0 726.0 34.0 Relative à des allaires judiciaires.

1048.0 2513.0 855.0 43.0 4243 BLANQUI (Adolphe), publiciste

1095.0 2550.0 804.0 55.0 et économiste — L. a. s. 1848, 1 p.

1095.0 2609.0 809.0 41.0 in-8 montée sur bristol (cachet du gou¬

1094.0 2656.0 807.0 45.0 vernement provisoire). 12 fr.

1177.0 2717.0 727.0 36.0 Lettre en faveur du citoyen Savelli.

1043.0 2766.0 859.0 61.0 4244 BLISS (Arthur), compositeur an¬

1098.0 2818.0 801.0 55.0 glais. — Lettre a. s. (en anglais), s. d.

1092.0 2876.0 808.0 48.0 (1923), 3 p. gr. in-8, au crayon fixé.

1786.0 2925.0 113.0 31.0 25 fr.

1175.0 2975.0 726.0 38.0 Très importante lettre contenant la

1132.0 3013.0 769.0 36.0 liste chronologique complète des œuvres

1132.0 3053.0 313.0 33.0 du compositeur.

523.0 3138.0 961.0 34.0 ACHAT DE LIVRES ET D AUTOGRAPHES
