<?xml version="1.0" encoding="UTF-8"?>
<alto xmlns:xsi="http://www.w3.org/2001/XMLSchema-instance"
        xmlns="http://www.loc.gov/standards/alto/ns-v4#"
        xsi:schemaLocation="http://www.loc.gov/standards/alto/ns-v4# https://gitlab.inria.fr/scripta/escriptorium/-/raw/develop/app/escriptorium/static/alto-4-1-baselines.xsd">
        <Description>
                <MeasurementUnit>pixel</MeasurementUnit>
                <sourceImageInformation>
                        <fileName>1919_04_LAD_N507_2.jpg</fileName>
                </sourceImageInformation>
        </Description>

        <Tags>
                <OtherTag ID="BT230" LABEL="Figure" DESCRIPTION="block type Figure"/>
                <OtherTag ID="BT231" LABEL="Main" DESCRIPTION="block type Main"/>
                <OtherTag ID="BT232" LABEL="Numbering" DESCRIPTION="block type Numbering"/>
                <OtherTag ID="BT233" LABEL="Running Title" DESCRIPTION="block type Running Title"/>
                <OtherTag ID="BT234" LABEL="Stamp" DESCRIPTION="block type Stamp"/>
                <OtherTag ID="BT235" LABEL="Title" DESCRIPTION="block type Title"/>
                <OtherTag ID="LT96" LABEL="Default" DESCRIPTION="line type Default"/>
        </Tags>

        <Layout>
                <Page WIDTH="1913" HEIGHT="2972" PHYSICAL_IMG_NR="94" ID="eSc_dummypage_">
                        <PrintSpace HPOS="0" VPOS="0" WIDTH="1913" HEIGHT="2972">


                                <TextBlock HPOS="286" VPOS="361" WIDTH="1503" HEIGHT="368"
                                        ID="eSc_textblock_da5a9c6e" TAGREFS="BT235">
                                        <Shape>
                                                <Polygon POINTS="286 361 286 729 1789 729 1789 361"
                                                />
                                        </Shape>


                                        <TextLine ID="tl_1" TAGREFS="LT96"
                                                BASELINE="318 466 824 470 1770 476" HPOS="318"
                                                VPOS="396" WIDTH="1452" HEIGHT="80">
                                                <Shape>
                                                  <Polygon
                                                  POINTS="318 396 1770 396 1770 476 318 476"/>
                                                </Shape>
                                                <String CONTENT="LETTRES AUTOGRAPHES" HPOS="318"
                                                  VPOS="396" WIDTH="1452" HEIGHT="80"/>
                                        </TextLine>



                                        <TextLine ID="tl_2" TAGREFS="LT96"
                                                BASELINE="863 539 913 539 1081 540 1219 540"
                                                HPOS="863" VPOS="511" WIDTH="356" HEIGHT="30">
                                                <Shape>
                                                  <Polygon
                                                  POINTS="863 511 1219 511 1219 541 863 541"/>
                                                </Shape>
                                                <String CONTENT="EN VENTE CHEZ" HPOS="863"
                                                  VPOS="511" WIDTH="356" HEIGHT="30"/>
                                        </TextLine>



                                        <TextLine ID="tl_3" TAGREFS="LT96"
                                                BASELINE="452 630 565 629 971 639 1180 634 1277 633 1638 638"
                                                HPOS="452" VPOS="581" WIDTH="1186" HEIGHT="73">
                                                <Shape>
                                                  <Polygon
                                                  POINTS="452 581 1638 581 1638 654 452 654"/>
                                                </Shape>
                                                <String
                                                  CONTENT="Noël CHARAVAY, expert en autographes"
                                                  HPOS="452" VPOS="581" WIDTH="1186" HEIGHT="73"/>
                                        </TextLine>



                                        <TextLine ID="tl_4" TAGREFS="LT96"
                                                BASELINE="745 702 775 707 856 704 917 704 1176 710 1217 705 1335 706"
                                                HPOS="745" VPOS="678" WIDTH="590" HEIGHT="33">
                                                <Shape>
                                                  <Polygon
                                                  POINTS="745 678 1335 678 1335 711 745 711"/>
                                                </Shape>
                                                <String CONTENT="3, rue de Furstenberg, à Paris"
                                                  HPOS="745" VPOS="678" WIDTH="590" HEIGHT="33"/>
                                        </TextLine>


                                </TextBlock>

                                <TextBlock HPOS="224" VPOS="751" WIDTH="1549" HEIGHT="2022"
                                        ID="eSc_textblock_75a76d9b" TAGREFS="BT231">
                                        <Shape>
                                                <Polygon
                                                  POINTS="224 751 224 2773 1773 2773 1773 751"/>
                                        </Shape>


                                        <TextLine ID="tl_5" TAGREFS="LT96"
                                                BASELINE="351 820 494 814 550 814 654 814 792 813 916 819 1002 816 1090 815 1193 818 1437 820 1534 821 1579 821 1694 822 1772 822"
                                                HPOS="351" VPOS="780" WIDTH="1421" HEIGHT="44">
                                                <Shape>
                                                  <Polygon
                                                  POINTS="351 780 1772 780 1772 824 351 824"/>
                                                </Shape>
                                                <String
                                                  CONTENT="(Depuis le mois d’avril 1918, nos prix sont absolument nets à cause de"
                                                  HPOS="351" VPOS="780" WIDTH="1421" HEIGHT="44"/>
                                        </TextLine>



                                        <TextLine ID="tl_6" TAGREFS="LT96"
                                                BASELINE="306 869 339 869 441 869 502 869 535 868 596 857 637 874 710 868 769 869 890 871 949 872 1157 878 1261 875 1441 880 1652 883 1764 878"
                                                HPOS="306" VPOS="835" WIDTH="1458" HEIGHT="48">
                                                <Shape>
                                                  <Polygon
                                                  POINTS="306 835 1764 835 1764 883 306 883"/>
                                                </Shape>
                                                <String
                                                  CONTENT="la taxe de 10 % sur les objets de collection ; nous prenons, d’ailleurs, cette"
                                                  HPOS="306" VPOS="835" WIDTH="1458" HEIGHT="48"/>
                                        </TextLine>



                                        <TextLine ID="tl_7" TAGREFS="LT96"
                                                BASELINE="308 925 385 925 423 924 537 925 673 925 733 924 881 927 978 928 1028 928 1188 936"
                                                HPOS="308" VPOS="892" WIDTH="880" HEIGHT="44">
                                                <Shape>
                                                  <Polygon
                                                  POINTS="308 892 1188 892 1188 936 308 936"/>
                                                </Shape>
                                                <String
                                                  CONTENT="taxe à notre charge en compte avec le Trésor.)"
                                                  HPOS="308" VPOS="892" WIDTH="880" HEIGHT="44"/>
                                        </TextLine>



                                        <TextLine ID="tl_8" TAGREFS="LT96"
                                                BASELINE="302 1088 326 1088 702 1090 851 1092 897 1093 975 1092 1206 1094 1295 1101 1451 1095 1525 1095 1574 1094 1764 1102"
                                                HPOS="299" VPOS="1032" WIDTH="1462" HEIGHT="80">
                                                <Shape>
                                                  <Polygon
                                                  POINTS="299 1087 304 1037 349 1045 403 1032 423 1047 455 1047 498 1032 510 1045 574 1032 651 1047 674 1035 738 1035 775 1050 929 1047 954 1037 1001 1052 1095 1052 1147 1037 1159 1052 1184 1055 1263 1040 1291 1040 1303 1055 1348 1055 1370 1040 1390 1052 1486 1047 1504 1057 1543 1047 1561 1057 1628 1057 1670 1042 1742 1042 1754 1050 1761 1099 1675 1099 1665 1109 1578 1099 1541 1112 1479 1112 1464 1097 1417 1109 1375 1097 1352 1109 1214 1109 1169 1094 1147 1107 1122 1094 1082 1104 996 1097 981 1107 914 1094 897 1107 864 1092 778 1092 763 1104 681 1094 669 1104 607 1104 560 1092 522 1102 302 1099"
                                                  />
                                                </Shape>
                                                <String
                                                  CONTENT="88043 ALENÇON (René de Valois, duc d’), prince du XVe siècle,"
                                                  HPOS="299" VPOS="1032" WIDTH="1462" HEIGHT="80"/>
                                        </TextLine>



                                        <TextLine ID="tl_9" TAGREFS="LT96"
                                                BASELINE="530 1143 604 1145 748 1147 837 1147 911 1148 1131 1149 1256 1150 1360 1149 1481 1150 1556 1150 1641 1150 1766 1151"
                                                HPOS="527" VPOS="1099" WIDTH="1237" HEIGHT="67">
                                                <Shape>
                                                  <Polygon
                                                  POINTS="527 1141 532 1109 569 1099 587 1109 621 1109 631 1099 654 1109 862 1099 916 1112 978 1112 988 1102 1134 1112 1159 1102 1263 1112 1303 1102 1328 1114 1387 1114 1397 1104 1424 1114 1538 1114 1548 1104 1595 1104 1608 1114 1657 1114 1672 1104 1704 1114 1717 1104 1734 1114 1759 1107 1764 1149 1732 1166 1583 1166 1568 1154 1514 1164 1481 1154 1439 1166 1400 1166 1377 1154 1246 1164 1236 1154 1196 1161 1172 1151 1139 1151 1120 1164 1085 1151 1055 1164 966 1164 954 1151 889 1161 859 1149 820 1159 740 1149 716 1161 681 1151 644 1161 530 1161"
                                                  />
                                                </Shape>
                                                <String
                                                  CONTENT="que Louis XI fit enfermer dans une cage de fer pour"
                                                  HPOS="527" VPOS="1099" WIDTH="1237" HEIGHT="67"/>
                                        </TextLine>



                                        <TextLine ID="tl_10" TAGREFS="LT96"
                                                BASELINE="526 1202 635 1202 777 1202 945 1204 1036 1203 1186 1204 1257 1205 1355 1205 1425 1205 1689 1207 1764 1209"
                                                HPOS="525" VPOS="1154" WIDTH="1236" HEIGHT="66">
                                                <Shape>
                                                  <Polygon
                                                  POINTS="525 1201 527 1168 545 1164 572 1171 587 1156 614 1154 639 1168 698 1171 748 1154 778 1173 797 1164 822 1171 840 1159 852 1168 894 1159 954 1173 1003 1161 1050 1173 1075 1156 1087 1166 1100 1156 1117 1166 1174 1159 1191 1173 1253 1176 1286 1159 1330 1171 1370 1159 1392 1159 1405 1171 1449 1161 1509 1171 1523 1161 1538 1176 1608 1164 1680 1178 1754 1178 1761 1208 1727 1220 1694 1211 1471 1220 1432 1208 1340 1218 1288 1218 1278 1208 1243 1218 1206 1218 1196 1208 1167 1218 1134 1208 1033 1216 1020 1206 835 1216 763 1203 753 1213 716 1213 706 1203 527 1211"
                                                  />
                                                </Shape>
                                                <String
                                                  CONTENT="avoir voulu vendre son duché au duc de Bourgogne. —"
                                                  HPOS="525" VPOS="1154" WIDTH="1236" HEIGHT="66"/>
                                        </TextLine>



                                        <TextLine ID="tl_11" TAGREFS="LT96"
                                                BASELINE="526 1256 565 1258 637 1265 729 1258 875 1267 1088 1267 1164 1270 1291 1261 1417 1271 1563 1262 1763 1269"
                                                HPOS="526" VPOS="1222" WIDTH="1237" HEIGHT="51">
                                                <Shape>
                                                  <Polygon
                                                  POINTS="526 1222 1763 1222 1763 1273 526 1273"/>
                                                </Shape>
                                                <String
                                                  CONTENT="P. s., sur vélin; Alençon, 14 mars 1484 avant Pâques;"
                                                  HPOS="526" VPOS="1222" WIDTH="1237" HEIGHT="51"/>
                                        </TextLine>



                                        <TextLine ID="tl_12" TAGREFS="LT96"
                                                BASELINE="526 1313 544 1313 605 1314 732 1302 908 1316 1065 1315 1292 1316 1500 1317 1620 1317 1758 1318"
                                                HPOS="526" VPOS="1277" WIDTH="1232" HEIGHT="52">
                                                <Shape>
                                                  <Polygon
                                                  POINTS="526 1277 1758 1277 1758 1329 526 1329"/>
                                                </Shape>
                                                <String
                                                  CONTENT="1 p. in-4° oblong. Petite déchirure enlevant trois mots."
                                                  HPOS="526" VPOS="1277" WIDTH="1232" HEIGHT="52"/>
                                        </TextLine>



                                        <TextLine ID="tl_14" TAGREFS="LT96"
                                                BASELINE="495 1416 579 1415 634 1417 679 1416 814 1418 870 1418 944 1418 1052 1419 1147 1418 1192 1418 1344 1419 1399 1419 1471 1419 1583 1420"
                                                HPOS="495" VPOS="1389" WIDTH="1088" HEIGHT="38">
                                                <Shape>
                                                  <Polygon
                                                  POINTS="495 1389 1583 1389 1583 1427 495 1427"/>
                                                </Shape>
                                                <String
                                                  CONTENT="Reçu de la somme de 600 livres pour la dépense de son hôtel."
                                                  HPOS="495" VPOS="1389" WIDTH="1088" HEIGHT="38"/>
                                        </TextLine>



                                        <TextLine ID="tl_13"
                                                BASELINE="1636 1383 1657 1383 1761 1370" HPOS="1636"
                                                VPOS="1346" WIDTH="125" HEIGHT="37">
                                                <Shape>
                                                  <Polygon
                                                  POINTS="1636 1346 1761 1346 1761 1383 1636 1383"/>
                                                </Shape>
                                                <String CONTENT="50 »" HPOS="1636" VPOS="1346"
                                                  WIDTH="125" HEIGHT="37"/>
                                        </TextLine>



                                        <TextLine ID="tl_15" TAGREFS="LT96"
                                                BASELINE="296 1493 320 1493 696 1495 930 1504 1027 1497 1113 1504 1354 1497 1432 1498 1499 1498 1641 1498 1700 1498 1759 1498"
                                                HPOS="296" VPOS="1455" WIDTH="1463" HEIGHT="56">
                                                <Shape>
                                                  <Polygon
                                                  POINTS="296 1455 1759 1455 1759 1511 296 1511"/>
                                                </Shape>
                                                <String
                                                  CONTENT="88044 ALENÇON (François, duc d&#39;), cinquième fils de Henri II et"
                                                  HPOS="296" VPOS="1455" WIDTH="1463" HEIGHT="56"/>
                                        </TextLine>



                                        <TextLine ID="tl_16" TAGREFS="LT96"
                                                BASELINE="524 1550 571 1549 803 1551 874 1551 1070 1559 1334 1552 1380 1553 1442 1554 1572 1553 1761 1543"
                                                HPOS="524" VPOS="1508" WIDTH="1237" HEIGHT="58">
                                                <Shape>
                                                  <Polygon
                                                  POINTS="524 1508 1761 1508 1761 1566 524 1566"/>
                                                </Shape>
                                                <String
                                                  CONTENT="de Catherine de Médicis, prétendant à la main d’Élisa¬"
                                                  HPOS="524" VPOS="1508" WIDTH="1237" HEIGHT="58"/>
                                        </TextLine>



                                        <TextLine ID="tl_17" TAGREFS="LT96"
                                                BASELINE="522 1605 617 1605 918 1608 1053 1608 1121 1616 1209 1608 1351 1615 1499 1616 1542 1608 1768 1614"
                                                HPOS="520" VPOS="1555" WIDTH="1246" HEIGHT="77">
                                                <Shape>
                                                  <Polygon
                                                  POINTS="520 1604 525 1555 555 1570 612 1555 624 1567 661 1557 681 1567 728 1557 748 1572 768 1560 795 1572 817 1562 867 1577 882 1567 916 1587 951 1585 996 1560 1045 1560 1082 1570 1100 1590 1129 1590 1147 1572 1206 1572 1219 1582 1256 1562 1303 1562 1340 1592 1494 1592 1521 1572 1571 1592 1593 1575 1665 1567 1694 1577 1727 1567 1761 1582 1766 1612 1670 1629 1655 1619 1630 1632 1538 1614 1469 1614 1434 1629 1325 1629 1295 1612 1258 1612 1234 1627 1214 1612 1189 1622 1169 1612 1149 1627 1097 1627 1063 1609 1018 1622 961 1609 936 1624 909 1614 894 1622 882 1609 792 1619 783 1612 768 1622 651 1622 602 1607 562 1619 522 1612"
                                                  />
                                                </Shape>
                                                <String
                                                  CONTENT="beth d’Angleterre. — P. s., sur vélin ; Mons, 1 septem¬"
                                                  HPOS="520" VPOS="1555" WIDTH="1246" HEIGHT="77"/>
                                        </TextLine>



                                        <TextLine ID="tl_18" TAGREFS="LT96"
                                                BASELINE="521 1660 588 1660 763 1662 821 1664 998 1663 1173 1664 1680 1674 1760 1661"
                                                HPOS="520" VPOS="1612" WIDTH="1239" HEIGHT="74">
                                                <Shape>
                                                  <Polygon
                                                  POINTS="520 1659 522 1612 557 1627 574 1622 587 1634 609 1617 634 1614 654 1627 688 1612 738 1619 765 1637 812 1637 840 1617 864 1614 931 1624 993 1617 1011 1632 1028 1617 1090 1617 1102 1629 1191 1619 1224 1646 1328 1646 1345 1634 1380 1649 1558 1651 1598 1651 1645 1624 1682 1624 1722 1646 1744 1627 1759 1659 1751 1686 1729 1671 1655 1686 1628 1674 1600 1684 1583 1671 1568 1684 1541 1669 1338 1676 1325 1666 1221 1666 1211 1676 1162 1669 1149 1681 1090 1669 1077 1679 1035 1669 901 1676 892 1666 869 1676 758 1676 723 1661 706 1674 619 1674 597 1661 577 1674 522 1669"
                                                  />
                                                </Shape>
                                                <String
                                                  CONTENT="bre 1578, 1 p. in-folio oblong. 15 »"
                                                  HPOS="520" VPOS="1612" WIDTH="1239" HEIGHT="74"/>
                                        </TextLine>



                                        <TextLine ID="tl_19" TAGREFS="LT96"
                                                BASELINE="486 1719 691 1719 724 1719 915 1721 1016 1721 1108 1720 1151 1721 1277 1722 1331 1721 1522 1722 1690 1723 1759 1723"
                                                HPOS="486" VPOS="1691" WIDTH="1273" HEIGHT="39">
                                                <Shape>
                                                  <Polygon
                                                  POINTS="486 1691 1759 1691 1759 1730 486 1730"/>
                                                </Shape>
                                                <String
                                                  CONTENT="Commission à Guillaume Macé pour la charge de contrôleur ordinaire des"
                                                  HPOS="486" VPOS="1691" WIDTH="1273" HEIGHT="39"/>
                                        </TextLine>



                                        <TextLine ID="tl_20" TAGREFS="LT96"
                                                BASELINE="444 1770 566 1764 622 1763 765 1765 824 1765 902 1766 1102 1766"
                                                HPOS="444" VPOS="1736" WIDTH="658" HEIGHT="38">
                                                <Shape>
                                                  <Polygon
                                                  POINTS="444 1736 1102 1736 1102 1774 444 1774"/>
                                                </Shape>
                                                <String
                                                  CONTENT="guerres en l’armée du duc d’Alençon."
                                                  HPOS="444" VPOS="1736" WIDTH="658" HEIGHT="38"/>
                                        </TextLine>



                                        <TextLine ID="tl_21" TAGREFS="LT96"
                                                BASELINE="288 1839 311 1839 609 1840 1000 1849 1196 1841 1260 1842 1482 1842 1637 1849 1711 1841 1757 1841"
                                                HPOS="288" VPOS="1801" WIDTH="1469" HEIGHT="54">
                                                <Shape>
                                                  <Polygon
                                                  POINTS="288 1801 1757 1801 1757 1855 288 1855"/>
                                                </Shape>
                                                <String
                                                  CONTENT="88045 AMIEL (Henri-Frédéric), écrivain et moraliste suisse, né à"
                                                  HPOS="288" VPOS="1801" WIDTH="1469" HEIGHT="54"/>
                                        </TextLine>



                                        <TextLine ID="tl_22" TAGREFS="LT96"
                                                BASELINE="515 1896 682 1897 804 1898 855 1898 900 1898 941 1897 1008 1896 1138 1898 1157 1905 1409 1907 1628 1897 1753 1905"
                                                HPOS="512" VPOS="1847" WIDTH="1239" HEIGHT="69">
                                                <Shape>
                                                  <Polygon
                                                  POINTS="512 1894 515 1847 564 1862 592 1847 654 1862 726 1862 755 1847 787 1862 862 1862 897 1847 936 1847 958 1862 1055 1862 1077 1847 1115 1850 1129 1862 1157 1847 1191 1847 1204 1859 1271 1847 1295 1862 1328 1847 1367 1862 1382 1850 1417 1859 1429 1847 1457 1847 1494 1862 1519 1850 1640 1862 1670 1847 1689 1862 1744 1862 1751 1904 1737 1916 1677 1916 1632 1902 1575 1902 1561 1916 1462 1904 1442 1916 1291 1916 1276 1904 1224 1904 1201 1916 1134 1902 1075 1916 981 1916 968 1907 921 1916 899 1904 805 1916 758 1902 515 1907"
                                                  />
                                                </Shape>
                                                <String
                                                  CONTENT="Genève. — L. a. s. à un poète; Genève 24 décembre 1879,"
                                                  HPOS="512" VPOS="1847" WIDTH="1239" HEIGHT="69"/>
                                        </TextLine>



                                        <TextLine ID="tl_23" TAGREFS="LT96"
                                                BASELINE="516 1952 534 1952 592 1953 724 1953 1675 1963 1755 1950"
                                                HPOS="516" VPOS="1916" WIDTH="1239" HEIGHT="50">
                                                <Shape>
                                                  <Polygon
                                                  POINTS="516 1916 1755 1916 1755 1966 516 1966"/>
                                                </Shape>
                                                <String CONTENT="1 p. in-8°. 15 »" HPOS="516"
                                                  VPOS="1916" WIDTH="1239" HEIGHT="50"/>
                                        </TextLine>



                                        <TextLine ID="tl_24" TAGREFS="LT96"
                                                BASELINE="480 2009 505 2009 565 2009 729 2010 785 2011 944 2011 991 2011 1052 2011 1225 2012 1356 2012 1411 2012 1475 2013 1670 2011"
                                                HPOS="480" VPOS="1981" WIDTH="1190" HEIGHT="39">
                                                <Shape>
                                                  <Polygon
                                                  POINTS="480 1981 1670 1981 1670 2020 480 2020"/>
                                                </Shape>
                                                <String
                                                  CONTENT="Il lui reproche de l’oublier et lui demande l’envoi de ses brochures."
                                                  HPOS="480" VPOS="1981" WIDTH="1190" HEIGHT="39"/>
                                        </TextLine>



                                        <TextLine ID="tl_25" TAGREFS="LT96"
                                                BASELINE="288 2084 312 2084 758 2086 1201 2095 1373 2087 1548 2087 1608 2087 1748 2093"
                                                HPOS="287" VPOS="2023" WIDTH="1459" HEIGHT="84">
                                                <Shape>
                                                  <Polygon
                                                  POINTS="287 2082 292 2035 317 2023 379 2040 408 2028 423 2040 495 2028 535 2038 552 2025 572 2038 602 2025 624 2040 636 2028 835 2043 904 2030 924 2045 983 2045 1013 2030 1043 2045 1075 2030 1174 2030 1201 2048 1238 2048 1253 2033 1300 2033 1315 2048 1479 2035 1499 2050 1528 2035 1548 2050 1742 2035 1746 2092 1675 2107 1652 2095 1575 2102 1459 2092 1407 2105 1377 2092 1278 2105 1258 2095 1177 2105 1154 2092 1144 2102 1115 2092 1097 2102 1075 2092 1063 2102 911 2102 857 2087 842 2100 743 2100 721 2087 691 2100 612 2090 572 2097 562 2087 289 2095"
                                                  />
                                                </Shape>
                                                <String
                                                  CONTENT="88046 ANDRÉOSSY (Antoine-François), célèbre général et diplo¬"
                                                  HPOS="287" VPOS="2023" WIDTH="1459" HEIGHT="84"/>
                                        </TextLine>



                                        <TextLine ID="tl_26" TAGREFS="LT96"
                                                BASELINE="515 2140 633 2150 699 2141 737 2142 1075 2144 1200 2144 1247 2144 1317 2143 1490 2142 1593 2143 1611 2150 1752 2151"
                                                HPOS="512" VPOS="2092" WIDTH="1239" HEIGHT="67">
                                                <Shape>
                                                  <Polygon
                                                  POINTS="512 2139 517 2102 674 2107 706 2092 728 2105 765 2092 792 2107 849 2092 887 2105 939 2097 951 2107 1003 2095 1035 2110 1125 2110 1152 2095 1181 2110 1328 2110 1345 2095 1402 2112 1464 2112 1489 2097 1650 2097 1675 2107 1744 2097 1751 2149 1739 2159 1722 2149 1670 2159 1583 2149 1392 2159 1345 2147 1248 2147 1221 2157 1142 2147 941 2157 931 2144 889 2154 567 2154 530 2144 515 2152"
                                                  />
                                                </Shape>
                                                <String
                                                  CONTENT="mate, né à Castelnaudary. — L. s. au citoyen Gau; Paris,"
                                                  HPOS="512" VPOS="2092" WIDTH="1239" HEIGHT="67"/>
                                        </TextLine>



                                        <TextLine ID="tl_27" TAGREFS="LT96"
                                                BASELINE="516 2197 533 2197 680 2198 1047 2199 1092 2198 1216 2207 1261 2199 1321 2199 1457 2206 1658 2198 1753 2197"
                                                HPOS="515" VPOS="2149" WIDTH="1236" HEIGHT="65">
                                                <Shape>
                                                  <Polygon
                                                  POINTS="515 2196 517 2162 542 2149 594 2149 607 2162 681 2149 706 2162 755 2162 768 2152 802 2162 817 2149 864 2162 944 2162 963 2152 978 2159 993 2149 1013 2162 1127 2162 1142 2149 1194 2152 1204 2162 1238 2149 1253 2162 1295 2149 1308 2162 1338 2149 1377 2162 1466 2162 1496 2149 1561 2149 1573 2159 1583 2149 1595 2159 1615 2152 1632 2162 1704 2152 1744 2162 1751 2196 1717 2209 1608 2204 1590 2214 1494 2214 1484 2204 1466 2214 1432 2204 1417 2214 1370 2204 1300 2214 1258 2214 1248 2204 1234 2214 1181 2204 1122 2204 1112 2214 978 2214 968 2204 904 2204 894 2214 666 2214 626 2204 614 2214 574 2214 564 2204 517 2211"
                                                  />
                                                </Shape>
                                                <String
                                                  CONTENT="Ire jour complémentaire an IX, 1 p. in-4°, vignette im¬"
                                                  HPOS="515" VPOS="2149" WIDTH="1236" HEIGHT="65"/>
                                        </TextLine>



                                        <TextLine ID="tl_28" TAGREFS="LT96"
                                                BASELINE="511 2265 669 2255 1673 2264 1752 2252"
                                                HPOS="511" VPOS="2217" WIDTH="1241" HEIGHT="51">
                                                <Shape>
                                                  <Polygon
                                                  POINTS="511 2217 1752 2217 1752 2268 511 2268"/>
                                                </Shape>
                                                <String CONTENT="primée. 5 »" HPOS="511" VPOS="2217"
                                                  WIDTH="1241" HEIGHT="51"/>
                                        </TextLine>



                                        <TextLine ID="tl_29" TAGREFS="LT96"
                                                BASELINE="286 2330 310 2330 770 2333 934 2333 1232 2341 1409 2332 1524 2340 1750 2332"
                                                HPOS="286" VPOS="2288" WIDTH="1464" HEIGHT="60">
                                                <Shape>
                                                  <Polygon
                                                  POINTS="286 2288 1750 2288 1750 2348 286 2348"/>
                                                </Shape>
                                                <String
                                                  CONTENT="88047 ANGOULÊME (Jean d’ORLÉANS, comte d’), seigneur"
                                                  HPOS="286" VPOS="2288" WIDTH="1464" HEIGHT="60"/>
                                        </TextLine>



                                        <TextLine ID="tl_30" TAGREFS="LT96"
                                                BASELINE="512 2388 738 2400 816 2390 906 2389 1223 2396 1498 2389 1587 2389 1748 2394"
                                                HPOS="510" VPOS="2335" WIDTH="1236" HEIGHT="74">
                                                <Shape>
                                                  <Polygon
                                                  POINTS="510 2387 512 2340 567 2335 584 2352 678 2340 691 2352 802 2345 810 2355 844 2355 859 2340 899 2355 939 2337 973 2337 988 2352 1006 2340 1020 2352 1053 2340 1095 2342 1110 2357 1139 2340 1172 2340 1204 2357 1243 2357 1261 2345 1288 2357 1340 2357 1375 2342 1466 2342 1511 2362 1548 2345 1598 2362 1615 2345 1677 2345 1694 2357 1739 2352 1746 2392 1739 2409 1712 2394 1578 2394 1553 2409 1509 2392 1447 2392 1419 2407 1387 2392 1360 2407 1340 2392 1313 2407 1288 2394 1268 2404 1236 2394 1172 2404 1149 2394 1110 2402 1090 2392 1065 2402 1050 2392 966 2399 941 2389 892 2402 837 2402 825 2389 805 2399 512 2397"
                                                  />
                                                </Shape>
                                                <String
                                                  CONTENT="d’Épernay et de Romorantin, grand-père de Fran¬"
                                                  HPOS="510" VPOS="2335" WIDTH="1236" HEIGHT="74"/>
                                        </TextLine>



                                        <TextLine ID="tl_31" TAGREFS="LT96"
                                                BASELINE="512 2454 570 2444 676 2446 812 2446 880 2453 969 2445 1112 2452 1184 2456 1304 2444 1422 2454 1557 2445 1747 2451"
                                                HPOS="510" VPOS="2394" WIDTH="1236" HEIGHT="67">
                                                <Shape>
                                                  <Polygon
                                                  POINTS="510 2451 512 2407 547 2394 569 2409 592 2409 604 2397 678 2409 748 2409 773 2397 805 2409 887 2407 897 2397 916 2409 1001 2409 1020 2397 1058 2397 1070 2409 1167 2399 1177 2409 1231 2409 1286 2397 1333 2409 1357 2409 1370 2397 1464 2409 1481 2397 1536 2397 1546 2407 1642 2397 1657 2409 1692 2409 1714 2397 1739 2409 1746 2449 1732 2461 1704 2449 1685 2461 1625 2451 1590 2461 1573 2449 1514 2461 1402 2461 1385 2449 1372 2461 1328 2449 1266 2461 1234 2451 1080 2461 1025 2449 976 2449 966 2459 909 2449 877 2461 785 2449 676 2449 664 2461 547 2449 512 2459"
                                                  />
                                                </Shape>
                                                <String
                                                  CONTENT="çois Ier. — P. s., sur vélin ; 17 avril 1465 après Pâques,"
                                                  HPOS="510" VPOS="2394" WIDTH="1236" HEIGHT="67"/>
                                        </TextLine>



                                        <TextLine ID="tl_32" TAGREFS="LT96"
                                                BASELINE="511 2500 531 2500 586 2501 708 2489 776 2501 938 2500 1671 2500 1749 2496"
                                                HPOS="511" VPOS="2464" WIDTH="1239" HEIGHT="51">
                                                <Shape>
                                                  <Polygon
                                                  POINTS="511 2464 1750 2464 1750 2515 511 2515"/>
                                                </Shape>
                                                <String CONTENT="1 p. in-4° oblong. Rare. 50 »"
                                                  HPOS="511" VPOS="2464" WIDTH="1239" HEIGHT="51"/>
                                        </TextLine>



                                        <TextLine ID="tl_33" TAGREFS="LT96"
                                                BASELINE="476 2558 677 2559 722 2558 789 2559 937 2559 1104 2565 1277 2559 1426 2557 1507 2559 1680 2564 1746 2557"
                                                HPOS="476" VPOS="2526" WIDTH="1270" HEIGHT="41">
                                                <Shape>
                                                  <Polygon
                                                  POINTS="476 2526 1746 2526 1746 2567 476 2567"/>
                                                </Shape>
                                                <String
                                                  CONTENT="Mandement à M. Robert Bassart, receveur général des finances, de"
                                                  HPOS="476" VPOS="2526" WIDTH="1270" HEIGHT="41"/>
                                        </TextLine>



                                        <TextLine ID="tl_34" TAGREFS="LT96"
                                                BASELINE="434 2608 531 2602 570 2603 696 2604 856 2611 1020 2604 1081 2604 1316 2609 1368 2602 1509 2603 1569 2603 1650 2603 1745 2602"
                                                HPOS="434" VPOS="2572" WIDTH="1311" HEIGHT="42">
                                                <Shape>
                                                  <Polygon
                                                  POINTS="434 2572 1745 2572 1745 2614 434 2614"/>
                                                </Shape>
                                                <String
                                                  CONTENT="payer à Pierre Bragier, seigneur de Puygarreau, la somme de 500 écus"
                                                  HPOS="434" VPOS="2572" WIDTH="1311" HEIGHT="42"/>
                                        </TextLine>



                                        <TextLine ID="tl_35" TAGREFS="LT96"
                                                BASELINE="435 2646 501 2647 608 2648 663 2648 850 2648 907 2649 953 2648 1090 2649 1146 2649 1254 2648 1343 2648 1440 2646 1491 2648 1584 2646 1684 2646 1745 2645"
                                                HPOS="435" VPOS="2615" WIDTH="1310" HEIGHT="41">
                                                <Shape>
                                                  <Polygon
                                                  POINTS="435 2615 1745 2615 1745 2656 435 2656"/>
                                                </Shape>
                                                <String
                                                  CONTENT="d’or neufs en déduction de la somme de 4.500 écus pour ce qu’il reste lui"
                                                  HPOS="435" VPOS="2615" WIDTH="1310" HEIGHT="41"/>
                                        </TextLine>



                                        <TextLine ID="tl_36" TAGREFS="LT96"
                                                BASELINE="433 2690 540 2692 610 2693 840 2693 896 2694 944 2693 1043 2694 1093 2693 1283 2692 1340 2692 1634 2692 1746 2692"
                                                HPOS="431" VPOS="2652" WIDTH="1313" HEIGHT="72">
                                                <Shape>
                                                  <Polygon
                                                  POINTS="431 2689 433 2652 1687 2652 1737 2657 1744 2689 1727 2709 1712 2704 1667 2721 1657 2711 1623 2711 1608 2724 1553 2706 1519 2721 1476 2709 1434 2724 1390 2706 1345 2719 1328 2706 1293 2706 1273 2721 1256 2704 1174 2704 1152 2721 1134 2709 1122 2719 1092 2706 1070 2724 1038 2714 1020 2724 822 2724 805 2711 765 2724 664 2724 651 2714 597 2724 577 2711 537 2719 522 2704 433 2704"
                                                  />
                                                </Shape>
                                                <String
                                                  CONTENT="devoir sur l’acquisition de la terre et seigneurie de Bourg-Charente (Cha¬"
                                                  HPOS="431" VPOS="2652" WIDTH="1313" HEIGHT="72"/>
                                        </TextLine>



                                        <TextLine ID="tl_37" TAGREFS="LT96"
                                                BASELINE="428 2735 538 2737" HPOS="428" VPOS="2708"
                                                WIDTH="110" HEIGHT="36">
                                                <Shape>
                                                  <Polygon
                                                  POINTS="428 2708 538 2708 538 2744 428 2744"/>
                                                </Shape>
                                                <String CONTENT="rente)." HPOS="428" VPOS="2708"
                                                  WIDTH="110" HEIGHT="36"/>
                                        </TextLine>


                                </TextBlock>



                        </PrintSpace>
                </Page>
        </Layout>
</alto>
