1923 3050
488 437 1231 50 Désert, né à Cadenet (Vaucluse). — L. a. s. à M. A. Me¬

484 491 1234 51 réaux, à Rouen; (23 mars 1846), 1 p. 1/2 in-8°. 15 »

450 563 1171 38 Intéressante lettre pour la transposition du rôle du ténor du Désert.

255 634 1456 52 88080 DELAMBRE (Jean-Baptiste-Joseph), célèbre astronome,

484 692 1230 48 qui fut chargé, avec Méchain, de la mesure d’un arc du

483 748 1229 48 méridien, né à Amiens. — L. a. s. au général Sanson;

486 803 1228 49 (s. d., mais après 1799), 4 p. in-4°. 25 »

452 874 1260 36 Intéressante lettre scientifique entièrement relative à la confrontation et

407 917 1305 37 à la mesure des trois règles qui ont servi à la mesure des bases de Melun et

407 962 1306 36 de Perpignan. Il demande que l’on remettre au bureau des longitudes les

405 1007 1307 36 matériaux qu’il avait rassemblés pour servir à l’histoire de l’astronomie.

405 1051 1132 36 Ces matériaux sont complètement inutiles au dépôt de la guerre.

252 1122 1463 50 88081 DENECOURT (Claude-François), le Sylvain de la Forêt de

479 1180 1232 47 Fontainebleau. — L. a. s. à M. Alphonse Duchesne;

480 1235 1235 48 2 mars 1859, 4 p. 1/2. 10 »

445 1306 1263 35 Très curieuse lettre dans laquelle il se défend contre les attaques de

404 1350 1301 35 Champfleury, qui l’accusait d’avoir saccagé la forêt de Fontainebleau.

405 1394 1253 35 Denecourt proteste vigoureusement et donne des détails sur son œuvre.

250 1459 1464 54 88082 DESCHAMPS (Émile), célèbre poète de l’école romantique,

479 1520 1234 48 né.à Bourges. — P. de vers aut. sig. (10 vers), 1 p. in-4°.

1588 1584 128 26 20 »

446 1634 1010 35 Curieuse pièce dans laquelle il fait l’éloge de la musique :

494 1689 974 35 « Langue sainte, où jamais ne germe un mauvais livre !

494 1733 916 33 « S’il est des mortels sourds ou froids à tes accords,

487 1774 936 45 « C’est que Dieu n’a pas mis une âme dans leur corps.

246 1849 1468 48 88083 DESGENETTES (René Dufriche, baron), le célébré méde¬

472 1903 1240 49 cin militaire, né à Alençon (Orne). —L. a. s. à l’intendant

471 1959 1239 49 général de l’armée; quartier général à Berlin, 15 septem¬

472 2015 1237 48 bre 1807, 2 p. in-folio. 20 »

438 2085 1268 43 Il appelle son attention sur des inobservations des règlements militaires

397 2130 629 35 concernant l’évacuation des blessés.

241 2204 1464 48 88084 DESMOULINS (Camille), le célèbre publiciste, député de

469 2258 1236 48 Paris à la Convention, né à Guise (Aisne), décapité avec

469 2314 1238 49 Danton le 5 avril 1794. — Pièce aut., 1 p. in-4°. 30 »

437 2381 1178 44 Fragment d'un article où il met en cause La Fayette et Louis XVI.

239 2458 1469 54 88085 DETAILLE (Édouard), le célèbre peintre. — L. a. s. à

470 2518 1180 51 M. J. Doucet; 17 janvier 1889, 2 p. in-8°, enveloppe.

1581 2584 123 26 12 »

434 2639 1269 40 Il se plaint des faussaires et déclare qu’il n’a aucun croquis à vendre et

392 2684 1313 40 qu’il ne veut pas en vendre. Toutes ses affaires, d’ailleurs, sont traitées par

388 2731 332 34 la maison Boussod.

890 319 182 48 — 7 —
