1887 3095
843 282 171 43 — 8  —

220 394 1459 61 88086 DIAZ (Porfirio), général et homme politique mexicain. —

442 449 1235 57 P. s. ; Oaxaca, 14 novembre 1866, 3 p. in-folio. 10 »

407 515 1270 46 Note destinée au général Aymard relative à un échange de prisonniers.

220 582 1456 59 88087 DILLON (Arthur, comte), général, qui se distingua dans

439 637 1237 59 les guerres d’Amérique, commandant de l’armée du

440 694 1235 58 Nord en 1792, décapité le 13 avril 1794. — P. a. s.;

439 749 1240 58 Sivry-la-Perche, 6 octobre 1792, 1/2 p. in-8°. 10 »

410 816 1270 44 Ordre au sergent Louis Narbonne de faire enterrer six cadavres trouvés

365 865 641 39 dans les maisons de Sivry-la-Perche.

218 920 1461 66 88088 DILLON (Arthur, comte). — L. a. s. au rédacteur du Moni¬

440 985 1241 55 teur universel, 1 p. 1/2 in-4°. 10 »

414 1049 1265 46 Il proteste contre le texte d’une lettre, insérée dans le n° du 5 août, rela¬

371 1094 1309 45 tive à ce qu’on appelle le blocus de la ville de Saint-Pierre de la Martini¬

371 1138 1309 45 que. Le comte de Damas n’a commis aucun des excès qui lui sont reprochés

365 1192 317 30 dans cette lettre.

218 1251 1460 59 88089 DROZ (Gustave), célèbre romancier, auteur de Monsieur,

442 1308 1239 53 Madame et Bébé. — L. a. s. à un docteur; (10 décembre

445 1366 1237 55 1884), 4 p. in-8°. 15 »

414 1429 1268 45 Il lui signale l’état alarmant de son vieil ami Labiche père, dont la phy¬

375 1474 1308 43 sionomie reflète l’anxiété de ceux qui s’en vont. Il lui promet de lui cher¬

385 1517 1297 45 cher pour femme une parisienne qui consente à passer l’hiver dans le

388 1570 86 29 midi.

229 1629 1453 59 88090 DRYANDER (Jonas Eichmann, dit), naturaliste suédois,

449 1686 1235 57 qui se fixa en Angleterre et devint le bibliothécaire de

449 1742 1236 56 Banks. — L. a. s., en anglais; Londres, 23 septembre

449 1799 1239 55 1805, 2 p. in-4°. 15 »

413 1867 422 41 Belle lettre scientifique.

231 1928 1460 62 88091 DUCORNET (Louis-César-Joseph), peintre estimable, né

450 1987 1242 57 sans bras, à Lille. — i° L. a. s. à M. Legrip, 1 p. in-8°. —

453 2044 1236 56 2° Dessin au crayon, avec dédicace aut. sig., 1 p. in-4°.

1567 2107 126 39 25 »

421 2154 805 44 Joli dessin représentant un soldat napolitain.

233 2215 1461 65 88092 DUFOUR (Guillaume-Henri), général et homme d’État

453 2278 1239 55 suisse, né à Constance. — L. a. s. à M. Tognietti, 1 p.

453 2333 1241 52 in-8°. 5 »

231 2402 1466 62 88093 DUPUYTREN (Guillaume), célèbre chirurgien, né à Pierre-

455 2461 1238 58 Buffière (Haute-Vienne). — P. a. s.; 8 décembre 1827,

455 2519 1241 53 2 p. in-4°. 10 »

426 2583 1272 45 Procès-verbal de deux visites qu’il a faites à un blessé qui a reçu une

384 2627 1313 46 balle dans le cerveau. Il a reçu quarante francs pour chacune des visites,

379 2672 1317 45 mais aucune rétribution pour l’opération qu’il a faite au blessé, qui s’est

380 2721 555 35 trouvé mieux immédiatement.
