1818 2838
865.0 339.0 159.0 53.0 — 4 —

402.0 413.0 1083.0 52.0 7. BASAN (P.-Fr.), graveur et célèbre expert d'estampes

441.0 462.0 258.0 36.0 du xviiie siècle.

477.0 509.0 573.0 43.0 Pièce aut. sig., 1786, 1/2 p. in-4.

495.0 552.0 990.0 40.0 Estimation de divers portefeuilles d'estampes gravées par Surugue et au¬

463.0 589.0 429.0 35.0 tres, et de dessins de Desfossés.

398.0 627.0 1087.0 52.0 8. BAUSSET (le cardinal de), évêque d’Alais, historien

440.0 670.0 717.0 44.0 de Bossuet et de Fénelon, de l’Acad. franc.

476.0 718.0 971.0 46.0 L. a. 8. à l’abbé de Madières; Maffliers, 1821, 1 p. in-8.

496.0 764.0 989.0 47.0 Relative ii l'épitaphe en marbre blanc de M. de Jarente, évêque d’Orléans,

464.0 799.0 827.0 42.0 que le cardinal a fait placer dans la cathédrale de cette ville.

397.0 844.0 878.0 53.0 9. BAYLE (Pierre), illustre écrivain philosophe.

480.0 875.0 1006.0 66.0 L. aut. à M. Valhebert, bibliothécaire, chez l’abbé Bi¬

441.0 930.0 839.0 50.0 gnon; 26 sept. 1697, 1 p. in-4. Un peu fatiguée.

492.0 967.0 992.0 49.0 Nouvelles littéraires, relatives b Marsolier, Gregorio Loti, Travenol, Le¬

462.0 1020.0 132.0 30.0 clerc, etc.

402.0 1042.0 1080.0 62.0 10. BÉJART (Armande-Cres -Cl.-Elis.), célèbre actrice,

439.0 1102.0 310.0 34.0 femme de Molière.

476.0 1142.0 887.0 47.0 Quit. sig., sur vélin, 1678, in-8. Avec un portrait.

495.0 1187.0 992.0 42.0 Reçu dans lequel est qualifiée « veuve de J.-U. Duquel!», sieur de Mo¬

461.0 1225.0 554.0 36.0 lière, valet de chambre de Sa Majesté. °

398.0 1270.0 1018.0 52.0 11. BELLANGER (Hip.), célèbre peintre de batailles.

474.0 1321.0 903.0 45.0 L. a. s. à Alph. Giroux; Rouen, 1833, 1 p. 1/2 in-8.

497.0 1371.0 413.0 31.0 Relative b un de ses tableaux.

400.0 1406.0 1087.0 64.0 12. BÉRANGER (P.-J.), notre grand chansonnier na¬

441.0 1469.0 105.0 32.0 tional.

478.0 1508.0 1006.0 48.0 L. a. s. (à Madier de Montjeau); Sainte-Pélagie, 23 fév.

444.0 1552.0 310.0 40.0 1822, 4 p. pl. in-4.

494.0 1577.0 990.0 50.0 Epitre du plus grand intérêt. — La captivité a pour lui des compensa¬

465.0 1622.0 1022.0 41.0 tions : il reçoit de tous côtés, de gens qu’il ne connaît pas même de noms,

464.0 1655.0 1024.0 43.0 du vin, du gibier, du poisson ; les vers et les chansons pleuve»! aussi. Il n’est

465.0 1688.0 1024.0 43.0 pas sans inquiétude sur les poursuites qu’on lui intente !i propos de la pu¬

465.0 1715.0 1023.0 49.0 blication de son procès. Il en aurait pour deux ans, et comme les prison¬

465.0 1753.0 1022.0 43.0 niers ne peuvent recevoir que leur femme, et qu’il est célibataire, on lui

464.0 1786.0 1025.0 41.0 conseille de se marier. » Voyez, dit-il, toutes les conséquences d'une con¬

465.0 1818.0 1023.0 40.0 damnation. » Il se console un peu en faisant des chansons, qui circulent au

466.0 1850.0 1021.0 48.0 dehors. Vue des dernières a été copiée à l’audience, pendant son procès,

464.0 1877.0 1025.0 48.0 jusque sur le bureau des juges, au nez de Marchangy. Des avis sinistres

465.0 1915.0 1023.0 41.0 ont été donnés ti Manuel. » Je tremble toujours, dit-il, qu'un coup de poi¬

466.0 1944.0 1020.0 44.0 gnard n'en prive la patrie. » Détails sur Mme Bérard, qui vient le visiter, et

466.0 1980.0 811.0 40.0 sur Cauchois-Lemaire, qui est dans la même prison que lui.

400.0 2010.0 1086.0 68.0 13. BERRIAT-SAINT-PRIX (Jacques), juriscon¬

443.0 2069.0 1043.0 48.0 sulte et érudit, commentateur de Boileau, de l’Acad. des Insc.,

442.0 2119.0 249.0 36.0 né à Grenoble.

479.0 2165.0 1009.0 49.0 3 let. aut. sig. au bibliophile Bérard; Paris, 1827-28,

443.0 2212.0 158.0 40.0 4 p. in-8.

498.0 2254.0 990.0 42.0 Toutes relatives aux éditions princeps de Boileau, et particulièrement à

466.0 2293.0 397.0 29.0 celles attribuées aux Elzévirs.

400.0 2338.0 1090.0 47.0 14. BILLAUD-VARENNE, conventionnel, célèbre

444.0 2380.0 592.0 48.0 membre du Comité de salut public.
