3237 5381
1463.0 116.0 323.0 71.0 —6—

134.0 292.0 2925.0 160.0 43484. CAVALOTTI (Felice de), célèbre écrivain et homme d’Etat

493.0 384.0 2562.0 156.0 italien, tué récemment en duel. — L. a. s. à un ami ; Meina,

491.0 474.0 2569.0 154.0 12 juillet 1887, 6 p. in-8. 25 »

112.0 1371.0 2944.0 134.0 43485. CAVELIER (Jules), célèbre sculpteur, membre de l’Institut.

479.0 1462.0 2581.0 131.0 — L. a. s. à Anatole de La Forge ; Paris, 8 janvier 1886,

102.0 1909.0 2965.0 125.0 43486. CHANZY (Eugène), illustre général, qui battit les Allemands

470.0 2002.0 2585.0 120.0 à Coulmiers et à Patay. — L. a. s. ; (1872), 1 p. in-8. 10 »

97.0 2157.0 2971.0 119.0 43487. CHARLOTTE DE PRUSSE, sœur du grand Frédéric, du¬

467.0 2252.0 2603.0 114.0 chesse de Brunswick-Wolffenbuttel, protectrice des arts et

464.0 2342.0 2598.0 110.0 des lettres, correspondante et amie de Voltaire, — L. a.

462.0 2432.0 2601.0 107.0 s., en français (à Voltaire) ; Berlin, 10 décembre, 1/2 p.

464.0 2524.0 2603.0 107.0 in-8. Très jolie et rare pièce. 25 »

79.0 3215.0 3006.0 123.0 43488. CHARRAS (Jean-Baptiste-Adolphe), célèbre homme poli¬

449.0 3312.0 2635.0 120.0 tique républicain. et écrivain militaire. — L. a. s. CH. (à

449.0 3404.0 2631.0 118.0 Jules Barni) ; Bâle, 23 avril 1863, 4 p. in-8. 10»

73.0 3896.0 3003.0 138.0 43489. CHARTRAN (Théobald), célèbre peintre contemporain. —

446.0 3989.0 2630.0 139.0 L. a. s.; 1 p. in-4. 5»

70.0 4143.0 3013.0 145.0 43490. CHAUDES-AIGUES (Jacques), littérateur et critique, dont

441.0 4235.0 2640.0 147.0 les ouvrages sont recherchés par les bibliophiles, né à

447.0 4325.0 2630.0 153.0 Sauthia (Piémont). — L. a. s. à M. de Béthune, 1 p. in-12.

443.0 4420.0 2637.0 130.0 Rare. 5 »

68.0 4564.0 3019.0 169.0 43491. CHÊNEDOLLÉ (Charles-Julien LIOUT de), poète, auteur du

444.0 4673.0 2642.0 153.0 Génie de l’homme, né à Vire. — L. a. s. à Choron; (Vire),

441.0 4767.0 2647.0 159.0 3 novembre 1809, 1 p. in-8. 10 »

465.0 628.0 2598.0 134.0 LETTRE DES PLUS CURIEUSES, où il le remercie de l’affectueuse lettre qu’il

393.0 693.0 2668.0 130.0 lui a adressée par le canal de l'Evénement. Il est absolument d’accord avec

391.0 760.0 2667.0 132.0 lui sur la nécessité de dissiper les nuages entre l’Italie et la France. Il faut,

393.0 828.0 2667.0 128.0 dit-il, abandonner les voies d’une politique mesquine pour les grands idéals

391.0 895.0 2668.0 129.0 d’un commun destin. Il rappelle que les grands deuils comme ceux de

389.0 963.0 2672.0 125.0 Garibaldi et de Victor Hugo ont fait battre a l’unisson les cœurs des deux

385.0 1032.0 2675.0 121.0 peuples, et cependant la mort de Garibaldi est survenue après Tunis et celle

385.0 1087.0 2673.0 143.0 Victor Hugo après la conclusion de la triple alliance. Il espère que l’Italie

385.0 1167.0 2679.0 109.0 prendra part a la prochaine fête de sa sœur latine et que l’heure sonnera

386.0 1232.0 1893.0 92.0 bientôt de se sortir des pattes de sang de la Triplice.

475.0 1552.0 2587.0 130.0 3 p. in-8. 8 »

450.0 1706.0 2614.0 107.0 Il recommande un de ses élèves. La lettre porte une apostille aut. sig. de

382.0 1779.0 395.0 54.0 M. Barrias.

435.0 2676.0 2637.0 88.0 Charmante épître: «Je ne possède point l’heureux talent de faire des

361.0 2748.0 2710.0 84.0 vers. Fautte de cest avantage, j’espère que vous voudrés rescevoir mes

365.0 2814.0 2711.0 88.0 remercimens en prose pour votre billet obligent. Je regrette de ne pouvoir

363.0 2884.0 2711.0 87.0 profitter de votre conversation. Je suis persuadée qu’elle ce distingue tou¬

355.0 2952.0 2722.0 87.0 jours. L’esprit, le sçavoir, l’enjouement et la gayeté sont des dons qui vous

363.0 3018.0 2717.0 89.0 sont si naturels qu’ils ne peuvent que contribués au charmes de la

363.0 3094.0 373.0 59.0 société...»

427.0 3557.0 2658.0 102.0 CURIEUSE LETTRE, Il l’entretient de ses travaux et lui annonce qu’il a fait

354.0 3625.0 2730.0 104.0 une réfutation de 150 pages sur Thiers qu’il veut mettre «en figure d’âne et

346.0 3693.0 2735.0 106.0 de menteur. On regrette bien de n’avoir pu vous entendre, une fois au

353.0 3780.0 1568.0 85.0 moins, sur cet affreux petit bonapartiste.»

418.0 4927.0 2676.0 144.0 Choron lui ayant fait présenter une lettre de change pour se faire payer

348.0 4993.0 2745.0 149.0 d’une dette, Chênedollé lui témoigne son étonnement de le voir user, vis-

346.0 5113.0 1370.0 92.0 à-vis de lui, d’un semblable procédé.
