2057 3133
1035.0 454.0 214.0 49.0 — 78 —

726.0 540.0 985.0 50.0 SACHY (Henri DE), élève de P. Colin, A. Ca¬

778.0 576.0 860.0 68.0 banel, E. Dubof et Mazerolles, né à Paris.

771.0 639.0 548.0 65.0 Paris, Ecole des Beaux-Arts.

561.0 710.0 453.0 70.0 689 — Au printemps.

721.0 827.0 800.0 78.0 SAGE (Mlle Gabrielle LE), née à Paris.

773.0 898.0 426.0 62.0 Paris, 57, rue Pigalle.

561.0 973.0 607.0 63.0 690 — Pivoines et Aubépine.

561.0 1028.0 327.0 58.0 691 — Pensées.

724.0 1122.0 967.0 97.0 SAIN (Paul), élève de Guilbert d’Anelle et Gé

768.0 1195.0 429.0 55.0 rôme, né à Avignon.

768.0 1250.0 512.0 71.0 Paris, 33, rue du Dragon.

554.0 1315.0 1016.0 81.0 692 — Le châtaigneraie du château de Corbeville.

554.0 1378.0 857.0 65.0 693 — Le Pont Saint-Bénézet à Avignon.

551.0 1425.0 609.0 76.0 694 — Le Rhône à Avignon.

718.0 1522.0 980.0 94.0 SARAZIN (Mlle Marguerite), élève de Damas,

769.0 1604.0 367.0 36.0 née à Charleville.

770.0 1663.0 646.0 46.0 Charleville, 8, rue Victor-Cousin.

554.0 1725.0 551.0 58.0 695 — Reines-Marguerite.

559.0 1780.0 716.0 55.0 696 — Pommes et chrysanthèmes.

551.0 1827.0 596.0 55.0 697 — Giroflées et narcisses.

556.0 1879.0 463.0 60.0 698 — Fleurs de Nice.

720.0 2003.0 981.0 50.0 SCHIFF(J.-M.), élève de l’Ecole des Beaux-Arts

765.0 2041.0 931.0 68.0 de Nancy, né à Rettel-les-Siercke (Lorraine).

768.0 2099.0 580.0 75.0 Nancy, 3 bis, rue de La Salle.

556.0 2164.0 549.0 73.0 699 — Portrait de M. A...

554.0 2227.0 548.0 57.0 700 — id. M. M...

551.0 2276.0 580.0 55.0 701 — id. Mme H...

556.0 2321.0 578.0 73.0 702 — id. MlIe D...

554.0 2370.0 292.0 84.0 703 — Etude.
