2300 3643
989 485 558 38 LES FEMMES DU CAIRE.

610 487 44 31 20

615 584 1312 65 si petit seigneur que moi. C’est à Alexandrie, sur le

611 678 1317 64 pont du bateau à vapeur <i>le Léonidas</i>, qu’il m’était

616 769 1310 64 apparu dans toute sa gloire. Il avait accosté le na¬

612 863 1313 65 vire avec une barque à ses ordres, ayant un petit

611 956 1316 65 noir pour porter sa longue pipe et un drogman plus

608 1048 1319 62 jeune pour lui faire cortége. Une longue tunique

612 1139 1315 49 blanche couvrait ses habits et faisait ressortir le ton

612 1230 1316 64 de sa figure, où le sang nubien colorait un masque

611 1307 1319 74 emprunté aux têtes de sphinx de l’Égypte; c’était

611 1409 1319 63 sans doute le produit de deux races mélangées; de

615 1503 1315 62 larges anneaux d’or pesaient à ses oreilles, et sa

614 1595 1316 62 marche indolente dans ses longs vêtements ache¬

614 1688 1316 64 vait d’en faire pour moi le portrait idéal d’un

613 1780 630 64 affranchi du bas-empire.

679 1874 1245 63 Il n’y avait pas d’Anglais parmi les passagers;

615 1966 1316 63 notre homme un peu contrarié, s’attache à moi faute

614 2054 1318 64 de mieux. Nous débarquons; il loue quatre ânes

615 2143 1318 66 pour lui, pour sa suite et pour moi, et me conduit

614 2236 1318 64 tout droit à l’hôtel d’Angleterre, où l’on veut bien

616 2328 1313 65 me recevoir moyennant soixante piastres par jour;

619 2416 1312 65 quant à lui-même, il bornait ses prétentions à la

622 2505 1310 65 moitié de cette somme, sur laquelle il se chargeait

621 2596 1205 65 d’entretenir le second drogman et le petit noir.

687 2692 1247 64 Après avoir promené tout le jour cette escorte

621 2777 1312 74 imposante, je m’avisai de l’inutilité du second drog¬
