2550 3299
669 264 778 304 Sala
814 264 923 307 VII.

687 381 792 413 umili
830 381 960 414 ricami
998 380 1195 413 domestici
1223 381 1296 413 alle
1336 380 1493 413 facciate
1518 378 1578 411 elei
1605 378 1750 411 castelli
1782 377 1977 419 padronali
2003 377 2063 409 del

685 441 811 472 secolo
838 442 964 479 XVII,
991 440 1145 481 quando
1172 440 1193 472 il
1223 440 1365 480 regime
1396 439 1592 472 nazionale
1617 439 1677 470 dei
1704 437 1865 478 principi
1891 437 1929 469 di
1948 438 2066 469 Tran-

686 500 849 533 silvania
875 500 953 533 fece
978 500 1172 533 sbocciare
1198 500 1233 532 la
1259 500 1481 532 rinascenza
1506 499 1731 539 ungherese.
1759 498 1892 538 Questi
1919 496 2063 529 motivi,

687 569 757 600 pur
783 571 855 592 non
884 560 1175 600 raggiungendo
1200 559 1222 591 il
1249 559 1368 600 garbo
1403 560 1577 600 elegante
1603 571 1623 590 e
1649 559 1684 591 la
1710 558 1894 590 ricercata
1923 557 2066 588 finezza

686 619 745 651 dei
774 620 984 660 capilavori
1009 620 1068 652 del
1099 619 1397 658 Rinascimento,
1425 619 1552 651 hanno
1570 617 1592 650 il
1613 617 1766 658 duplice
1792 616 1999 656 vantaggio
2028 616 2063 647 di

690 679 893 720 possedere
920 690 995 712 una
1020 681 1151 713 chiara
1176 680 1366 721 impronta
1393 689 1557 720 paesana
1576 690 1595 711 e
1613 678 1650 710 di
1670 678 1925 719 rispecchiare
1952 677 2065 709 fedel¬

688 744 811 771 mente
827 739 985 772 l’anima
1001 739 1061 772 del
1077 741 1228 781 popolo.
1247 739 1335 772 Così
1355 740 1378 771 il
1397 744 1570 772 concetto
1587 738 1848 771 ornamentale
1866 737 1926 770 del
1946 736 2066 777 fregio

689 810 708 829 e
734 798 833 831 delle
860 798 1009 832 nicchie
1036 809 1102 840 per
1130 800 1165 832 la
1189 804 1318 832 nostra
1343 799 1431 832 Sala
1457 809 1579 831 venne
1604 798 1801 839 suggerito
1818 797 1866 830 da
1884 797 1976 830 certi
2003 807 2067 828 an¬

687 857 777 890 tichi
804 858 963 890 mattoni
988 858 1035 891 da
1062 858 1226 891 focolare
1251 859 1321 891 che
1347 858 1375 890 si
1403 863 1562 891 trovano
1588 858 1624 889 in
1651 867 1727 890 una
1750 856 1910 890 vecchia
1945 856 2065 888 curio¬

684 917 835 950 sissima
860 928 947 950 casa
972 928 993 949 a
1022 917 1315 958 Kis-Borosnyò,
1347 918 1447 950 nella
1472 922 1605 950 contea
1622 917 1659 948 di
1691 914 1940 949 Hàromszék.
1969 917 2065 955 Que¬

686 976 733 1008 sti
760 977 931 1015 mattoni,
959 977 1092 1009 avanzi
1119 977 1153 1008 di
1183 988 1257 1009 una
1282 977 1470 1009 industria
1496 977 1596 1009 nella
1615 976 1729 1016 quale
1747 976 1755 1007 i
1775 974 1879 1008 vasai
1906 974 2062 1014 magiari

687 1036 878 1067 eccelsero
905 1046 971 1075 per
997 1036 1066 1068 ben
1094 1041 1246 1076 quattro
1271 1036 1399 1073 secoli,
1426 1047 1521 1068 sono
1538 1034 1616 1068 così
1642 1034 1832 1067 numerosi
1851 1045 1870 1066 e
1889 1032 1966 1066 così
1983 1034 2063 1065 vari

687 1094 734 1126 da
762 1094 923 1127 formare
950 1106 1024 1127 una
1050 1106 1139 1127 vera
1165 1096 1295 1127 sintesi
1322 1094 1752 1128 dell’ornamentazione
1780 1094 2003 1134 ungherese.

778 1154 1031 1193 Scegliemmo
1076 1155 1098 1187 1’
1116 1164 1182 1186 oro
1219 1156 1331 1195 quale
1370 1154 1484 1187 fondo
1524 1154 1611 1186 dell’
1631 1153 1767 1186 intiera
1808 1154 1888 1185 sala
1929 1152 2066 1193 poiché

692 1233 728 1236 —
754 1213 1034 1254 prescindendo
1066 1215 1156 1246 dall’
1176 1215 1424 1255 impressione
1448 1213 1667 1247 decorativa
1693 1213 1722 1245 sì
1751 1213 1967 1245 favorevole
1993 1213 2066 1244 alle

685 1283 799 1313 opere
824 1293 864 1295 —
890 1284 975 1305 esso
1000 1275 1032 1305 ci
1060 1285 1176 1314 parve
1201 1274 1409 1312 rievocare,
1437 1275 1594 1306 insieme
1619 1274 1681 1306 all’
1700 1278 1857 1313 argento
1881 1284 1901 1304 e
1927 1272 2066 1305 all’ori-

688 1333 842 1372 fìcieria,
872 1334 905 1365 la
929 1334 1053 1373 gloria
1079 1333 1136 1366 del
1167 1344 1291 1374 paese,
1322 1334 1420 1366 ricco
1445 1334 1483 1366 di
1511 1333 1671 1374 preziosi
1697 1333 1839 1365 metalli
1858 1343 1878 1364 e
1896 1331 1931 1364 di
1962 1331 2067 1363 indu¬

687 1391 777 1424 strie
801 1393 948 1432 gentili.

782 1451 835 1483 La
874 1452 1015 1492 pittura
1041 1463 1060 1483 e
1088 1451 1122 1484 la
1149 1452 1318 1484 scultura
1355 1451 1527 1483 debbono
1566 1452 1587 1483 il
1628 1453 1707 1484 loro
1745 1450 1964 1492 progredire
1989 1450 2064 1482 alla

686 1509 870 1543 «Società
895 1511 931 1542 di
955 1512 1052 1543 belle
1078 1511 1195 1550 arti»,
1222 1521 1372 1552 sempre
1397 1516 1710 1550 generosamente
1731 1511 1897 1543 assistita
1913 1510 1974 1543 dal
1997 1511 2068 1542 Go¬

690 1580 818 1609 verno,
848 1576 991 1603 mentre
1020 1572 1051 1603 le
1077 1571 1147 1604 arti
1176 1572 1310 1603 minori
1339 1577 1543 1603 trovarono
1581 1571 1708 1604 valido
1733 1583 1752 1602 e
1778 1570 2066 1603 disinteressato

690 1630 883 1670 appoggio
909 1631 1008 1663 nella
1034 1629 1221 1663 «Società
1247 1632 1380 1664 (l’Arte
1410 1631 1662 1663 decorativa»
1688 1642 1707 1662 e
1735 1632 1792 1662 nel
1821 1644 1840 1659 «
1861 1631 1902 1662 R.
1934 1632 2069 1661 Museo

687 1688 820 1721 d’Arte
845 1688 1065 1722 decorativa
1084 1703 1114 1721 ».

778 1750 808 1781 E
834 1759 904 1789 pur
929 1750 1090 1783 tacendo
1115 1750 1175 1783 dei
1208 1750 1356 1791 quadri,
1394 1751 1493 1783 delle
1528 1756 1665 1788 statue,
1691 1750 1791 1790 degli
1830 1749 1973 1790 oggetti
2000 1749 2064 1789 qui

691 1808 846 1849 esposti,
872 1809 1075 1842 dobbiamo
1112 1814 1242 1842 notare
1268 1811 1337 1842 che
1364 1811 1480 1843 l’arte
1506 1815 1827 1851 contemporanea
1853 1809 2066 1850 ungherese

687 1879 802 1909 segue
829 1879 899 1901 con
925 1879 1036 1909 passo
1062 1869 1187 1901 sicuro
1206 1869 1230 1901 il
1252 1870 1484 1903 movimento
1510 1870 1703 1908 moderno,
1731 1880 1803 1911 pur
1825 1880 1898 1902 non
1924 1869 2067 1901 dimen¬

688 1927 840 1960 ticando
867 1929 996 1969 quegli
1023 1929 1179 1968 speciali
1207 1929 1383 1961 caratteri
1412 1930 1481 1962 che
1509 1930 1755 1962 l’avvincono
1781 1930 1855 1961 alle
1881 1939 1967 1961 care
1994 1935 2065 1960 tra¬

689 1986 830 2020 dizioni
858 1997 1033 2028 paesane.

784 2046 903 2078 Infine
930 2047 961 2078 ci
989 2046 1008 2079 è
1026 2047 1214 2079 doveroso
1241 2053 1495 2081 rammentare
1513 2050 1548 2081 la
1565 2048 1731 2081 cordiale
1757 2053 1969 2089 spontanea
1994 2048 2068 2079 col¬

690 2106 930 2138 laborazione
955 2106 1016 2138 dei
1044 2107 1159 2138 nostri
1186 2108 1440 2147 compatrioti,
1468 2118 1618 2148 sempre
1643 2108 1802 2148 disposti
1821 2108 1855 2140 al
1880 2107 2068 2139 sacrifìcio

685 2166 839 2207 quando
865 2167 1010 2199 l’onore
1036 2167 1234 2200 nazionale
1262 2169 1296 2200 lo
1322 2169 1505 2202 richieda.
1528 2168 1629 2207 Così,
1649 2169 1771 2202 anche
1797 2173 1931 2209 questa
1950 2168 2065 2202 volta,

689 2227 696 2257 i
725 2227 856 2258 marmi
885 2226 943 2258 del
971 2227 1161 2258 cammino
1187 2240 1206 2259 e
1232 2227 1333 2260 dello
1358 2229 1524 2267 zoccolo,
1564 2228 1800 2269 provenienti
1840 2227 1940 2260 dalle
1975 2238 2068 2260 cave¬

686 2286 724 2317 di
751 2285 931 2319 Soborsin
960 2296 1126 2319 vennero
1165 2286 1305 2325 forniti,
1334 2289 1368 2319 al
1397 2298 1532 2327 prezzo
1557 2288 1593 2320 di
1622 2293 1743 2323 costo,
1771 2288 1874 2319 dallo
1900 2287 2066 2319 scultore

693 2346 847 2378 Xicolas
869 2346 1040 2378 Seidner.

1156 2407 1178 2437 /
1197 2407 1365 2445 delegati
1388 2408 1448 2438 del
1466 2417 1635 2447 governo
1656 2408 1867 2447 ungherese

905 2482 1180 2522 Bertalan
1220 2483 1563 2524 Karlovszky
1583 2508 1600 2513 -
1613 2485 1744 2538 Jenò
1761 2495 1828 2524 de
1849 2483 2088 2524 Radisics

1203 2554 1405 2597 MiKLÒS
1439 2557 1797 2600 SZMRECSÀNYl
