1749 2481
672 691 1029 735 PORTRAITS

570 1002 722 1037 Portrait
734 1002 778 1038 de
793 1002 953 1037 l’auteur.

596 1101 676 1135 Signé
708 1101 723 1127 à
752 1101 865 1135 gauche,
892 1108 927 1126 en
959 1100 1021 1127 bleu
1037 1109 1045 1127 :
1070 1100 1144 1135 1842,
1172 1102 1292 1128 Gustave

568 1142 695 1168 Courbet.

598 1183 669 1209 C’est
680 1191 729 1216 par
745 1191 774 1209 ce
788 1183 894 1209 tableau
910 1190 967 1217 que
987 1182 1098 1209 l’artiste
1113 1190 1128 1208 a
1145 1182 1244 1209 débuté
1258 1190 1294 1209 nu

566 1224 648 1250 Salon
663 1223 695 1250 de
717 1224 790 1258 1844.

867 1291 900 1317 T.
915 1305 947 1310 —
962 1290 996 1316 H.
1011 1290 1087 1324 0.46.
1106 1291 1133 1317 L.
1153 1291 1231 1317 o.56.

568 1439 768 1475 L’Homme
783 1442 803 1475 à
818 1440 850 1475 la
873 1437 1027 1474 ceinture
1046 1440 1088 1476 de
1103 1439 1190 1484 cuir,
1215 1450 1297 1487 por¬

615 1498 696 1533 trait
711 1498 758 1533 du
774 1498 908 1545 peintre
922 1498 1036 1543 jeune.

597 1583 679 1617 Signé
687 1585 702 1609 à
716 1584 821 1618 gauche
832 1593 840 1610 :
855 1584 977 1609 Gustave
992 1583 1120 1610 Courbet.

597 1624 757 1657 Exposition
770 1623 944 1657 particulière
955 1623 989 1649 de
1008 1622 1081 1650 1855.

603 1665 640 1690 Ce
661 1665 777 1699 portrait
797 1664 883 1698 paraît
903 1664 960 1690 être
983 1664 1051 1690 celui
1073 1672 1127 1698 que
1141 1664 1167 1690 le
1178 1664 1294 1698 peintre,

566 1706 635 1732 dans
649 1707 675 1732 le
683 1706 823 1739 catalogue
838 1704 871 1730 de
891 1709 960 1730 cette
974 1704 1134 1738 exposition,
1160 1704 1259 1738 plaçait
1279 1705 1294 1730 à

568 1747 593 1773 la
616 1746 678 1773 date
701 1746 734 1773 de
753 1746 828 1780 1849,
852 1751 879 1772 et
897 1744 1033 1779 désignait
1053 1752 1086 1771 en
1112 1752 1154 1772 ces
1176 1749 1278 1772 termes

568 1797 579 1813 11
598 1787 724 1814 Portrait
741 1787 775 1814 de
789 1787 909 1820 l’auteur,
926 1785 1008 1812 étude
1023 1785 1070 1812 des
1083 1786 1231 1813 Vénitiens.
1253 1794 1265 1811 »

881 1854 914 1881 T.
926 1868 959 1873 —
974 1854 1007 1880 H.
1024 1862 1097 1882 1.00.
1111 1854 1138 1880 L.
1157 1854 1235 1887 0.78.

612 1923 712 1950 Acheté
730 1931 799 1958 pour
831 1916 910 1949 l’État
939 1922 954 1948 à
988 1922 1012 1947 la
1038 1926 1116 1948 vente
1143 1921 1179 1947 du
1205 1929 1221 1956 9
1250 1920 1298 1946 dé¬

567 1964 676 1991 cembre
695 1963 770 1990 1881.
