1749 2481
843 362 878 388 42
894 369 924 374 -

435 440 490 477 26.
519 462 560 468 —
583 441 727 476 Femme
742 440 939 484 endormie,
952 440 1066 475 ctude.

610 525 689 560 Signé
703 526 717 551 à
732 525 854 560 gauche:
879 525 909 551 G.
928 525 1056 551 Courbet.

880 593 913 619 T.
929 607 960 612 —
975 593 1008 620 H.
1027 601 1104 626 0.70.
1121 593 1150 619 L.
1168 602 1244 627 0.1J4.

432 759 488 794 27.
515 769 558 774 —
585 749 662 784 Une
679 749 891 791 Dormeuse,
907 749 974 783 tête
989 749 1138 784 d’étude.

607 832 688 865 Signé
703 832 717 857 à
733 831 840 866 gauche
856 840 863 857 :
883 832 914 857 G.
932 832 1059 858 Courbet.

608 872 675 898 Sans
694 872 767 898 date.

875 930 905 957 T.
924 946 956 952 —
973 931 1004 958 H.
1023 932 1099 965 0.57.
1119 931 1148 957 L.
1167 939 1245 966 0.47.

611 1013 773 1047 Appartient
787 1013 802 1038 à
814 1013 848 1038 M.
863 1012 945 1038 Henri
959 1013 1053 1039 Hecht.

434 1173 491 1208 28.
516 1194 559 1199 —
585 1174 748 1218 Emiiius,
760 1175 881 1209 cheval
900 1175 942 1209 de
956 1186 1079 1209 course
1094 1176 1142 1210 du
1155 1175 1257 1210 haras
1268 1175 1310 1209 de
1356 1194 1361 1199 •

629 1231 776 1270 Saintes.

581 1328 584 1331 .
607 1305 688 1339 Signé
704 1306 718 1331 à
729 1305 837 1338 gauche
850 1314 857 1332 :
872 1306 989 1332 Gustave
1007 1305 1136 1332 Courbet.

610 1346 646 1372 Le
661 1353 726 1372 nom
736 1346 775 1371 du
786 1345 882 1372 cheval
894 1351 933 1372 est
944 1346 1007 1372 écrit
1021 1355 1054 1372 en
1072 1346 1147 1379 haut,
1164 1346 1179 1372 à
1193 1346 1308 1380 gauche.

610 1404 771 1438 Exposition
803 1404 976 1437 particulière
1002 1404 1034 1430 de
1066 1403 1131 1437 1867
1155 1404 1162 1430 :
1194 1403 1311 1430 Emiiius

579 1443 664 1478 ligure
679 1452 727 1470 sur
742 1445 767 1470 le
779 1444 920 1478 catalogue
931 1452 993 1470 avec
1008 1445 1032 1470 la
1044 1445 1106 1470 date
1121 1445 1153 1470 de
1172 1443 1248 1470 1868.

880 1512 913 1538 T.
928 1528 959 1532 —
976 1512 1008 1538 H.
1028 1521 1054 1538 o.
1062 1513 1076 1538 5
1080 1521 1104 1539 o,
1123 1512 1152 1538 L.
1172 1511 1247 1540 0.60.

436 1681 492 1717 29.
520 1691 564 1696 —
589 1671 637 1705 Le
654 1670 748 1706 Petit
764 1682 882 1716 poney
903 1671 1063 1714 écossais,
1081 1671 1196 1705 étude.

610 1764 691 1798 Signé
701 1773 707 1790 :
722 1765 754 1790 G.
769 1764 900 1791 Courbet.

610 1809 768 1843 Exposition
785 1808 958 1845 particulière
973 1810 1005 1836 de
1025 1810 1101 1844 1867.

883 1879 916 1904 T.
931 1893 961 1898 —
976 1879 1008 1904 H.
1027 1889 1053 1905 o.
1060 1878 1093 1904 65
1096 1897 1104 1904 .
1123 1878 1151 1903 L.
1171 1878 1248 1904 0.81.

612 1962 774 1999 Appartient
787 1965 802 1991 à
818 1965 855 1991 M.
870 1964 953 1991 Henri
969 1964 1047 1991 Vion.
