<?xml version="1.0" encoding="UTF-8" standalone="yes"?>
<PcGts xmlns="http://schema.primaresearch.org/PAGE/gts/pagecontent/2013-07-15" xmlns:xsi="http://www.w3.org/2001/XMLSchema-instance" xsi:schemaLocation="http://schema.primaresearch.org/PAGE/gts/pagecontent/2013-07-15 http://schema.primaresearch.org/PAGE/gts/pagecontent/2013-07-15/pagecontent.xsd">
    <Metadata>
        <Creator>Transkribus</Creator>
        <Created>2020-06-12T14:10:28.324+02:00</Created>
        <LastChange>2020-06-12T14:40:11.457+02:00</LastChange>
        <Comments>
                Measurement unit: pixel
                PrimaryLanguage: English
                Language: FrenchStandard
                Producer: Transkribus
            </Comments>
        <TranskribusMetadata docId="407982" pageId="16134692" pageNr="5" tsid="31473704" status="DONE" userId="54377" imgUrl="https://files.transkribus.eu/Get?id=NROTQUGNBWXNIEUERQBFVYLS&amp;fileType=view" xmlUrl="https://files.transkribus.eu/Get?id=FPWOBCKDFDTUPMIWTJDWUYJX" imageId="11941130"/>
    </Metadata>
    <Page imageFilename="Cat_Paris_1969_typo_0005.jpg" imageWidth="1101" imageHeight="2361">
        <PrintSpace>
            <Coords points="68,51 1098,51 1100,2361 70,2361"/>
        </PrintSpace>
        <ReadingOrder>
            <OrderedGroup id="ro_1604240037965" caption="Regions reading order">
                <RegionRefIndexed index="0" regionRef="r_1_1"/>
                <RegionRefIndexed index="1" regionRef="r_2_1"/>
                <RegionRefIndexed index="2" regionRef="region_1591965486158_473"/>
                <RegionRefIndexed index="3" regionRef="r_2_2"/>
                <RegionRefIndexed index="4" regionRef="region_1591965464578_462"/>
            </OrderedGroup>
        </ReadingOrder>
        <TextRegion type="paragraph" id="r_1_1" custom="readingOrder {index:0;}">
            <Coords points="241,471 964,471 964,571 241,571"/>
            <TextLine id="tl_1" primaryLanguage="English" custom="readingOrder {index:0;}">
                <Coords points="242,472 963,472 963,522 242,522"/>
                <Baseline points="242,522 460,514 506,519 633,508 798,503 962,499"/>
                <Word id="w_w2aab1b1b2b1b1ab1" language="English" custom="readingOrder {index:0;}">
                    <Coords points="242,485 460,485 460,522 242,522"/>
                    <TextEquiv>
                        <Unicode>Commissaire</Unicode>
                    </TextEquiv>
                    <TextStyle fontFamily="Arial" fontSize="7.0"/>
                </Word>
                <Word id="w_w2aab1b1b2b1b1ac25" language="English" custom="readingOrder {index:1;}">
                    <Coords points="487,479 612,479 612,519 487,519"/>
                    <TextEquiv>
                        <Unicode>général</Unicode>
                    </TextEquiv>
                    <TextStyle fontFamily="Arial" fontSize="7.0"/>
                </Word>
                <Word id="w_w2aab1b1b2b1b1b1b1" language="English" custom="readingOrder {index:2;}">
                    <Coords points="629,491 633,491 633,508 629,508"/>
                    <TextEquiv>
                        <Unicode>:</Unicode>
                    </TextEquiv>
                    <TextStyle fontFamily="Arial" fontSize="8.5" bold="true"/>
                </Word>
                <Word id="w_w2aab1b1b2b1b1b1b5" language="English" custom="readingOrder {index:3;}">
                    <Coords points="666,474 798,474 798,506 666,506"/>
                    <TextEquiv>
                        <Unicode>Kristian</Unicode>
                    </TextEquiv>
                    <TextStyle fontFamily="Arial" fontSize="8.5" bold="true"/>
                </Word>
                <Word id="w_w2aab1b1b2b1b1b1c23" language="English" custom="readingOrder {index:4;}">
                    <Coords points="830,472 962,472 962,502 830,502"/>
                    <TextEquiv>
                        <Unicode>Romare</Unicode>
                    </TextEquiv>
                    <TextStyle fontFamily="Arial" fontSize="8.5" bold="true"/>
                </Word>
                <TextEquiv>
                    <Unicode>Commissaire général :&lt;b&gt; Kristian Romare&lt;/b&gt;</Unicode>
                </TextEquiv>
            </TextLine>
            <TextLine id="tl_2" primaryLanguage="English" custom="readingOrder {index:1;}">
                <Coords points="244,534 452,534 452,570 244,570"/>
                <Baseline points="244,566 357,562 452,559"/>
                <Word id="w_w2aab1b1b2b1b3ab1" language="English" custom="readingOrder {index:0;}">
                    <Coords points="244,538 357,538 357,569 244,569"/>
                    <TextEquiv>
                        <Unicode>Critique</Unicode>
                    </TextEquiv>
                    <TextStyle fontFamily="Arial" fontSize="7.0"/>
                </Word>
                <Word id="w_w2aab1b1b2b1b3ac19" language="English" custom="readingOrder {index:1;}">
                    <Coords points="381,535 452,535 452,561 381,561"/>
                    <TextEquiv>
                        <Unicode>d’art.</Unicode>
                    </TextEquiv>
                    <TextStyle fontFamily="Arial" fontSize="7.0"/>
                </Word>
                <TextEquiv>
                    <Unicode>Critique d’art.</Unicode>
                </TextEquiv>
                <TextStyle fontFamily="Arial" fontSize="7.0"/>
            </TextLine>
            <TextEquiv>
                <Unicode>Commissaire général :&lt;b&gt; Kristian Romare&lt;/b&gt;
Critique d’art.</Unicode>
            </TextEquiv>
        </TextRegion>
        <TextRegion type="paragraph" id="r_2_1" custom="readingOrder {index:1;}">
            <Coords points="159,956 1055,956 1055,1757 159,1757"/>
            <TextLine id="tl_3" primaryLanguage="English" custom="readingOrder {index:0;}">
                <Coords points="212,957 1039,957 1039,1010 212,1010"/>
                <Baseline points="212,1004 246,1004 491,998 676,994 723,993 782,992 968,988 1039,987"/>
                <Word id="w_w2aab1b3b2b1b1ab1" language="English" custom="readingOrder {index:0;}">
                    <Coords points="212,976 246,976 246,1004 212,1004"/>
                    <TextEquiv>
                        <Unicode>La</Unicode>
                    </TextEquiv>
                    <TextStyle fontFamily="Arial" fontSize="8.0"/>
                </Word>
                <Word id="w_w2aab1b3b2b1b1ab7" language="English" custom="readingOrder {index:1;}">
                    <Coords points="277,970 491,970 491,1009 277,1009"/>
                    <TextEquiv>
                        <Unicode>participation</Unicode>
                    </TextEquiv>
                    <TextStyle fontFamily="Arial" fontSize="8.0"/>
                </Word>
                <Word id="w_w2aab1b3b2b1b1ac35" language="English" custom="readingOrder {index:2;}">
                    <Coords points="522,966 676,966 676,998 522,998"/>
                    <TextEquiv>
                        <Unicode>suédoise</Unicode>
                    </TextEquiv>
                    <TextStyle fontFamily="Arial" fontSize="8.0"/>
                </Word>
                <Word id="w_w2aab1b3b2b1b1ac53" language="English" custom="readingOrder {index:3;}">
                    <Coords points="706,963 723,963 723,993 706,993"/>
                    <TextEquiv>
                        <Unicode>à</Unicode>
                    </TextEquiv>
                    <TextStyle fontFamily="Arial" fontSize="8.0"/>
                </Word>
                <Word id="w_w2aab1b3b2b1b1ac57" language="English" custom="readingOrder {index:4;}">
                    <Coords points="756,963 782,963 782,992 756,992"/>
                    <TextEquiv>
                        <Unicode>la</Unicode>
                    </TextEquiv>
                    <TextStyle fontFamily="Arial" fontSize="8.0"/>
                </Word>
                <Word id="w_w2aab1b3b2b1b1ac63" language="English" custom="readingOrder {index:5;}">
                    <Coords points="815,959 968,959 968,991 815,991"/>
                    <TextEquiv>
                        <Unicode>Biennale</Unicode>
                    </TextEquiv>
                    <TextStyle fontFamily="Arial" fontSize="8.0"/>
                </Word>
                <Word id="w_w2aab1b3b2b1b1ac81" language="English" custom="readingOrder {index:6;}">
                    <Coords points="999,958 1039,958 1039,988 999,988"/>
                    <TextEquiv>
                        <Unicode>de</Unicode>
                    </TextEquiv>
                    <TextStyle fontFamily="Arial" fontSize="8.0"/>
                </Word>
                <TextEquiv>
                    <Unicode>La participation suédoise à la Biennale de</Unicode>
                </TextEquiv>
                <TextStyle fontFamily="Arial" fontSize="8.0"/>
            </TextLine>
            <TextLine id="tl_4" primaryLanguage="English" custom="readingOrder {index:1;}">
                <Coords points="161,999 1038,999 1038,1049 161,1049"/>
                <Baseline points="161,1046 237,1045 283,1044 365,1042 563,1039 651,1037 710,1036 865,1032 1038,1028"/>
                <Word id="w_w2aab1b3b2b1b3ab1" language="English" custom="readingOrder {index:0;}">
                    <Coords points="161,1016 237,1016 237,1046 161,1046"/>
                    <TextEquiv>
                        <Unicode>Paris</Unicode>
                    </TextEquiv>
                    <TextStyle fontFamily="Arial" fontSize="8.0"/>
                </Word>
                <Word id="w_w2aab1b3b2b1b3ac13" language="English" custom="readingOrder {index:1;}">
                    <Coords points="267,1022 283,1022 283,1044 267,1044"/>
                    <TextEquiv>
                        <Unicode>a</Unicode>
                    </TextEquiv>
                    <TextStyle fontFamily="Arial" fontSize="8.0"/>
                </Word>
                <Word id="w_w2aab1b3b2b1b3ac17" language="English" custom="readingOrder {index:2;}">
                    <Coords points="315,1012 365,1012 365,1043 315,1043"/>
                    <TextEquiv>
                        <Unicode>été</Unicode>
                    </TextEquiv>
                    <TextStyle fontFamily="Arial" fontSize="8.0"/>
                </Word>
                <Word id="w_w2aab1b3b2b1b3ac25" language="English" custom="readingOrder {index:3;}">
                    <Coords points="396,1008 563,1008 563,1048 396,1048"/>
                    <TextEquiv>
                        <Unicode>organisée</Unicode>
                    </TextEquiv>
                    <TextStyle fontFamily="Arial" fontSize="8.0"/>
                </Word>
                <Word id="w_w2aab1b3b2b1b3ac45" language="English" custom="readingOrder {index:4;}">
                    <Coords points="595,1013 651,1013 651,1046 595,1046"/>
                    <TextEquiv>
                        <Unicode>par</Unicode>
                    </TextEquiv>
                    <TextStyle fontFamily="Arial" fontSize="8.0"/>
                </Word>
                <Word id="w_w2aab1b3b2b1b3ac53" language="English" custom="readingOrder {index:5;}">
                    <Coords points="683,1006 710,1006 710,1036 683,1036"/>
                    <TextEquiv>
                        <Unicode>le</Unicode>
                    </TextEquiv>
                    <TextStyle fontFamily="Arial" fontSize="8.0"/>
                </Word>
                <Word id="w_w2aab1b3b2b1b3ac59" language="English" custom="readingOrder {index:6;}">
                    <Coords points="742,1002 865,1002 865,1035 742,1035"/>
                    <TextEquiv>
                        <Unicode>Comité</Unicode>
                    </TextEquiv>
                    <TextStyle fontFamily="Arial" fontSize="8.0"/>
                </Word>
                <Word id="w_w2aab1b3b2b1b3ac73" language="English" custom="readingOrder {index:7;}">
                    <Coords points="899,999 1038,999 1038,1031 899,1031"/>
                    <TextEquiv>
                        <Unicode>national</Unicode>
                    </TextEquiv>
                    <TextStyle fontFamily="Arial" fontSize="8.0"/>
                </Word>
                <TextEquiv>
                    <Unicode>Paris a été organisée par le Comité national</Unicode>
                </TextEquiv>
                <TextStyle fontFamily="Arial" fontSize="8.0"/>
            </TextLine>
            <TextLine id="tl_5" primaryLanguage="English" custom="readingOrder {index:2;}">
                <Coords points="160,1042 1042,1042 1042,1094 160,1094"/>
                <Baseline points="160,1094 230,1087 299,1085 518,1081 623,1079 801,1076 845,1075 1041,1071"/>
                <Word id="w_w2aab1b3b2b1b5ab1" language="English" custom="readingOrder {index:0;}">
                    <Coords points="160,1065 230,1065 230,1094 160,1094"/>
                    <TextEquiv>
                        <Unicode>pour</Unicode>
                    </TextEquiv>
                    <TextStyle fontFamily="Arial" fontSize="8.0"/>
                </Word>
                <Word id="w_w2aab1b3b2b1b5ac11" language="English" custom="readingOrder {index:1;}">
                    <Coords points="254,1057 299,1057 299,1086 254,1086"/>
                    <TextEquiv>
                        <Unicode>les</Unicode>
                    </TextEquiv>
                    <TextStyle fontFamily="Arial" fontSize="8.0"/>
                </Word>
                <Word id="w_w2aab1b3b2b1b5ac19" language="English" custom="readingOrder {index:2;}">
                    <Coords points="324,1052 518,1052 518,1091 324,1091"/>
                    <TextEquiv>
                        <Unicode>expositions</Unicode>
                    </TextEquiv>
                    <TextStyle fontFamily="Arial" fontSize="8.0"/>
                </Word>
                <Word id="w_w2aab1b3b2b1b5ac43" language="English" custom="readingOrder {index:3;}">
                    <Coords points="544,1051 623,1051 623,1080 544,1080"/>
                    <TextEquiv>
                        <Unicode>d'art</Unicode>
                    </TextEquiv>
                    <TextStyle fontFamily="Arial" fontSize="8.0"/>
                </Word>
                <Word id="w_w2aab1b3b2b1b5ac55" language="English" custom="readingOrder {index:4;}">
                    <Coords points="649,1047 801,1047 801,1078 649,1078"/>
                    <TextEquiv>
                        <Unicode>moderne</Unicode>
                    </TextEquiv>
                    <TextStyle fontFamily="Arial" fontSize="8.0"/>
                </Word>
                <Word id="w_w2aab1b3b2b1b5ac71" language="English" custom="readingOrder {index:5;}">
                    <Coords points="828,1044 845,1044 845,1075 828,1075"/>
                    <TextEquiv>
                        <Unicode>à</Unicode>
                    </TextEquiv>
                    <TextStyle fontFamily="Arial" fontSize="8.0"/>
                </Word>
                <Word id="w_w2aab1b3b2b1b5ac75" language="English" custom="readingOrder {index:6;}">
                    <Coords points="875,1043 1041,1043 1041,1079 875,1079"/>
                    <TextEquiv>
                        <Unicode>l’étranger</Unicode>
                    </TextEquiv>
                    <TextStyle fontFamily="Arial" fontSize="8.0"/>
                </Word>
                <TextEquiv>
                    <Unicode>pour les expositions d'art moderne à l’étranger</Unicode>
                </TextEquiv>
                <TextStyle fontFamily="Arial" fontSize="8.0"/>
            </TextLine>
            <TextLine id="tl_6" primaryLanguage="English" custom="readingOrder {index:3;}">
                <Coords points="161,1085 1042,1085 1042,1127 161,1127"/>
                <Baseline points="161,1127 190,1127 227,1126 395,1125 451,1124 484,1123 552,1122 695,1119 728,1119 880,1116 1042,1118"/>
                <Word id="w_w2aab1b3b2b1b7ab1" language="English" custom="readingOrder {index:0;}">
                    <Coords points="161,1100 190,1100 190,1127 161,1127"/>
                    <TextEquiv>
                        <Unicode>et</Unicode>
                    </TextEquiv>
                    <TextStyle fontFamily="Arial" fontSize="8.0"/>
                </Word>
                <Word id="w_w2aab1b3b2b1b7ab7" language="English" custom="readingOrder {index:1;}">
                    <Coords points="204,1098 227,1098 227,1127 204,1127"/>
                    <TextEquiv>
                        <Unicode>la</Unicode>
                    </TextEquiv>
                    <TextStyle fontFamily="Arial" fontSize="8.0"/>
                </Word>
                <Word id="w_w2aab1b3b2b1b7ac13" language="English" custom="readingOrder {index:2;}">
                    <Coords points="243,1096 395,1096 395,1127 243,1127"/>
                    <TextEquiv>
                        <Unicode>sélection</Unicode>
                    </TextEquiv>
                    <TextStyle fontFamily="Arial" fontSize="8.0"/>
                </Word>
                <Word id="w_w2aab1b3b2b1b7ac33" language="English" custom="readingOrder {index:3;}">
                    <Coords points="412,1103 451,1103 451,1124 412,1124"/>
                    <TextEquiv>
                        <Unicode>en</Unicode>
                    </TextEquiv>
                    <TextStyle fontFamily="Arial" fontSize="8.0"/>
                </Word>
                <Word id="w_w2aab1b3b2b1b7ac39" language="English" custom="readingOrder {index:4;}">
                    <Coords points="468,1102 484,1102 484,1123 468,1123"/>
                    <TextEquiv>
                        <Unicode>a</Unicode>
                    </TextEquiv>
                    <TextStyle fontFamily="Arial" fontSize="8.0"/>
                </Word>
                <Word id="w_w2aab1b3b2b1b7ac43" language="English" custom="readingOrder {index:5;}">
                    <Coords points="501,1091 552,1091 552,1122 501,1122"/>
                    <TextEquiv>
                        <Unicode>été</Unicode>
                    </TextEquiv>
                    <TextStyle fontFamily="Arial" fontSize="8.0"/>
                </Word>
                <Word id="w_w2aab1b3b2b1b7ac51" language="English" custom="readingOrder {index:6;}">
                    <Coords points="568,1089 695,1089 695,1122 568,1122"/>
                    <TextEquiv>
                        <Unicode>confiée</Unicode>
                    </TextEquiv>
                    <TextStyle fontFamily="Arial" fontSize="8.0"/>
                </Word>
                <Word id="w_w2aab1b3b2b1b7ac67" language="English" custom="readingOrder {index:7;}">
                    <Coords points="711,1088 728,1088 728,1119 711,1119"/>
                    <TextEquiv>
                        <Unicode>à</Unicode>
                    </TextEquiv>
                    <TextStyle fontFamily="Arial" fontSize="8.0"/>
                </Word>
                <Word id="w_w2aab1b3b2b1b7ac71" language="English" custom="readingOrder {index:8;}">
                    <Coords points="747,1087 880,1087 880,1118 747,1118"/>
                    <TextEquiv>
                        <Unicode>Kristian</Unicode>
                    </TextEquiv>
                    <TextStyle fontFamily="Arial" fontSize="8.0"/>
                </Word>
                <Word id="w_w2aab1b3b2b1b7ac89" language="English" custom="readingOrder {index:9;}">
                    <Coords points="900,1086 1042,1086 1042,1118 900,1118"/>
                    <TextEquiv>
                        <Unicode>Romare,</Unicode>
                    </TextEquiv>
                    <TextStyle fontFamily="Arial" fontSize="8.0"/>
                </Word>
                <TextEquiv>
                    <Unicode>et la sélection en a été confiée à Kristian Romare,</Unicode>
                </TextEquiv>
                <TextStyle fontFamily="Arial" fontSize="8.0"/>
            </TextLine>
            <TextLine id="tl_7" primaryLanguage="English" custom="readingOrder {index:4;}">
                <Coords points="161,1125 1043,1125 1043,1175 161,1175"/>
                <Baseline points="161,1168 283,1166 399,1165 472,1166 690,1161 760,1160 852,1159 1043,1156"/>
                <Word id="w_w2aab1b3b2b1b9ab1" language="English" custom="readingOrder {index:0;}">
                    <Coords points="161,1138 283,1138 283,1175 161,1175"/>
                    <TextEquiv>
                        <Unicode>critique</Unicode>
                    </TextEquiv>
                    <TextStyle fontFamily="Arial" fontSize="8.0"/>
                </Word>
                <Word id="w_w2aab1b3b2b1b9ac19" language="English" custom="readingOrder {index:1;}">
                    <Coords points="313,1137 399,1137 399,1166 313,1166"/>
                    <TextEquiv>
                        <Unicode>d'art.</Unicode>
                    </TextEquiv>
                    <TextStyle fontFamily="Arial" fontSize="8.0"/>
                </Word>
                <Word id="w_w2aab1b3b2b1b9ac33" language="English" custom="readingOrder {index:2;}">
                    <Coords points="432,1136 472,1136 472,1166 432,1166"/>
                    <TextEquiv>
                        <Unicode>En</Unicode>
                    </TextEquiv>
                    <TextStyle fontFamily="Arial" fontSize="8.0"/>
                </Word>
                <Word id="w_w2aab1b3b2b1b9ac39" language="English" custom="readingOrder {index:3;}">
                    <Coords points="504,1133 690,1133 690,1172 504,1172"/>
                    <TextEquiv>
                        <Unicode>présentant</Unicode>
                    </TextEquiv>
                    <TextStyle fontFamily="Arial" fontSize="8.0"/>
                </Word>
                <Word id="w_w2aab1b3b2b1b9ac61" language="English" custom="readingOrder {index:4;}">
                    <Coords points="721,1138 760,1138 760,1160 721,1160"/>
                    <TextEquiv>
                        <Unicode>un</Unicode>
                    </TextEquiv>
                    <TextStyle fontFamily="Arial" fontSize="8.0"/>
                </Word>
                <Word id="w_w2aab1b3b2b1b9ac67" language="English" custom="readingOrder {index:5;}">
                    <Coords points="792,1130 852,1130 852,1160 792,1160"/>
                    <TextEquiv>
                        <Unicode>des</Unicode>
                    </TextEquiv>
                    <TextStyle fontFamily="Arial" fontSize="8.0"/>
                </Word>
                <Word id="w_w2aab1b3b2b1b9ac75" language="English" custom="readingOrder {index:6;}">
                    <Coords points="882,1126 1043,1126 1043,1158 882,1158"/>
                    <TextEquiv>
                        <Unicode>collectifs</Unicode>
                    </TextEquiv>
                    <TextStyle fontFamily="Arial" fontSize="8.0"/>
                </Word>
                <TextEquiv>
                    <Unicode>critique d'art. En présentant un des collectifs</Unicode>
                </TextEquiv>
                <TextStyle fontFamily="Arial" fontSize="8.0"/>
            </TextLine>
            <TextLine id="tl_8" primaryLanguage="English" custom="readingOrder {index:5;}">
                <Coords points="161,1169 1043,1169 1043,1216 161,1216"/>
                <Baseline points="161,1210 333,1207 418,1206 528,1205 817,1207 885,1200 1043,1198"/>
                <Word id="w_w2aab1b3b2b1c11ab1" language="English" custom="readingOrder {index:0;}">
                    <Coords points="161,1179 333,1179 333,1216 161,1216"/>
                    <TextEquiv>
                        <Unicode>artistiques</Unicode>
                    </TextEquiv>
                    <TextStyle fontFamily="Arial" fontSize="8.0"/>
                </Word>
                <Word id="w_w2aab1b3b2b1c11ac25" language="English" custom="readingOrder {index:1;}">
                    <Coords points="372,1178 418,1178 418,1206 372,1206"/>
                    <TextEquiv>
                        <Unicode>les</Unicode>
                    </TextEquiv>
                    <TextStyle fontFamily="Arial" fontSize="8.0"/>
                </Word>
                <Word id="w_w2aab1b3b2b1c11ac33" language="English" custom="readingOrder {index:2;}">
                    <Coords points="456,1176 528,1176 528,1212 456,1212"/>
                    <TextEquiv>
                        <Unicode>plus</Unicode>
                    </TextEquiv>
                    <TextStyle fontFamily="Arial" fontSize="8.0"/>
                </Word>
                <Word id="w_w2aab1b3b2b1c11ac43" language="English" custom="readingOrder {index:3;}">
                    <Coords points="567,1172 817,1172 817,1211 567,1211"/>
                    <TextEquiv>
                        <Unicode>représentatifs,</Unicode>
                    </TextEquiv>
                    <TextStyle fontFamily="Arial" fontSize="8.0"/>
                </Word>
                <Word id="w_w2aab1b3b2b1c11ac75" language="English" custom="readingOrder {index:4;}">
                    <Coords points="858,1170 885,1170 885,1200 858,1200"/>
                    <TextEquiv>
                        <Unicode>le</Unicode>
                    </TextEquiv>
                    <TextStyle fontFamily="Arial" fontSize="8.0"/>
                </Word>
                <Word id="w_w2aab1b3b2b1c11ac81" language="English" custom="readingOrder {index:5;}">
                    <Coords points="923,1175 1043,1175 1043,1206 923,1206"/>
                    <TextEquiv>
                        <Unicode>groupe</Unicode>
                    </TextEquiv>
                    <TextStyle fontFamily="Arial" fontSize="8.0"/>
                </Word>
                <TextEquiv>
                    <Unicode>artistiques les plus représentatifs, le groupe</Unicode>
                </TextEquiv>
                <TextStyle fontFamily="Arial" fontSize="8.0"/>
            </TextLine>
            <TextLine id="tl_9" primaryLanguage="English" custom="readingOrder {index:6;}">
                <Coords points="164,1211 1047,1211 1047,1257 164,1257"/>
                <Baseline points="164,1251 183,1251 317,1249 570,1245 651,1245 768,1243 959,1240 1047,1239"/>
                <Word id="w_w2aab1b3b2b1c13ab1" language="English" custom="readingOrder {index:0;}">
                    <Coords points="164,1220 245,1220 245,1257 164,1257"/>
                    <TextEquiv>
                        <Unicode>Puss,</Unicode>
                    </TextEquiv>
                    <TextStyle fontFamily="Arial" fontSize="8.5" bold="true"/>
                </Word>
                <Word id="w_w2aab1b3b2b1c13b1b1" language="English" custom="readingOrder {index:1;}">
                    <Coords points="272,1220 317,1220 317,1249 272,1249"/>
                    <TextEquiv>
                        <Unicode>les</Unicode>
                    </TextEquiv>
                    <TextStyle fontFamily="Arial" fontSize="8.0"/>
                </Word>
                <Word id="w_w2aab1b3b2b1c13b1b9" language="English" custom="readingOrder {index:2;}">
                    <Coords points="342,1216 570,1216 570,1255 342,1255"/>
                    <TextEquiv>
                        <Unicode>responsables</Unicode>
                    </TextEquiv>
                    <TextStyle fontFamily="Arial" fontSize="8.0"/>
                </Word>
                <Word id="w_w2aab1b3b2b1c13b1c35" language="English" custom="readingOrder {index:3;}">
                    <Coords points="596,1216 651,1216 651,1245 596,1245"/>
                    <TextEquiv>
                        <Unicode>ont</Unicode>
                    </TextEquiv>
                    <TextStyle fontFamily="Arial" fontSize="8.0"/>
                </Word>
                <Word id="w_w2aab1b3b2b1c13b1c43" language="English" custom="readingOrder {index:4;}">
                    <Coords points="675,1214 768,1214 768,1243 675,1243"/>
                    <TextEquiv>
                        <Unicode>voulu</Unicode>
                    </TextEquiv>
                    <TextStyle fontFamily="Arial" fontSize="8.0"/>
                </Word>
                <Word id="w_w2aab1b3b2b1c13b1c55" language="English" custom="readingOrder {index:5;}">
                    <Coords points="796,1212 959,1212 959,1249 796,1249"/>
                    <TextEquiv>
                        <Unicode>souligner</Unicode>
                    </TextEquiv>
                    <TextStyle fontFamily="Arial" fontSize="8.0"/>
                </Word>
                <Word id="w_w2aab1b3b2b1c13b1c75" language="English" custom="readingOrder {index:6;}">
                    <Coords points="985,1217 1047,1217 1047,1240 985,1240"/>
                    <TextEquiv>
                        <Unicode>une</Unicode>
                    </TextEquiv>
                    <TextStyle fontFamily="Arial" fontSize="8.0"/>
                </Word>
                <TextEquiv>
                    <Unicode>Puss, les responsables ont voulu souligner une</Unicode>
                </TextEquiv>
            </TextLine>
            <TextLine id="tl_10" primaryLanguage="English" custom="readingOrder {index:7;}">
                <Coords points="163,1252 1048,1252 1048,1299 163,1299"/>
                <Baseline points="163,1292 314,1290 442,1288 524,1288 669,1285 741,1285 883,1284 987,1283 1048,1281"/>
                <Word id="w_w2aab1b3b2b1c15ab1" language="English" custom="readingOrder {index:0;}">
                    <Coords points="163,1263 314,1263 314,1293 163,1293"/>
                    <TextEquiv>
                        <Unicode>tendance</Unicode>
                    </TextEquiv>
                    <TextStyle fontFamily="Arial" fontSize="8.0"/>
                </Word>
                <Word id="w_w2aab1b3b2b1c15ac19" language="English" custom="readingOrder {index:1;}">
                    <Coords points="345,1259 442,1259 442,1298 345,1298"/>
                    <TextEquiv>
                        <Unicode>parmi</Unicode>
                    </TextEquiv>
                    <TextStyle fontFamily="Arial" fontSize="8.0"/>
                </Word>
                <Word id="w_w2aab1b3b2b1c15ac31" language="English" custom="readingOrder {index:2;}">
                    <Coords points="476,1258 524,1258 524,1288 476,1288"/>
                    <TextEquiv>
                        <Unicode>les</Unicode>
                    </TextEquiv>
                    <TextStyle fontFamily="Arial" fontSize="8.0"/>
                </Word>
                <Word id="w_w2aab1b3b2b1c15ac39" language="English" custom="readingOrder {index:3;}">
                    <Coords points="553,1257 669,1257 669,1294 553,1294"/>
                    <TextEquiv>
                        <Unicode>jeunes</Unicode>
                    </TextEquiv>
                    <TextStyle fontFamily="Arial" fontSize="8.0"/>
                </Word>
                <Word id="w_w2aab1b3b2b1c15ac53" language="English" custom="readingOrder {index:4;}">
                    <Coords points="701,1263 741,1263 741,1285 701,1285"/>
                    <TextEquiv>
                        <Unicode>en</Unicode>
                    </TextEquiv>
                    <TextStyle fontFamily="Arial" fontSize="8.0"/>
                </Word>
                <Word id="w_w2aab1b3b2b1c15ac59" language="English" custom="readingOrder {index:5;}">
                    <Coords points="774,1253 883,1253 883,1285 774,1285"/>
                    <TextEquiv>
                        <Unicode>Suède</Unicode>
                    </TextEquiv>
                    <TextStyle fontFamily="Arial" fontSize="8.0"/>
                </Word>
                <Word id="w_w2aab1b3b2b1c15ac71" language="English" custom="readingOrder {index:6;}">
                    <Coords points="914,1261 987,1261 987,1283 914,1283"/>
                    <TextEquiv>
                        <Unicode>vers</Unicode>
                    </TextEquiv>
                    <TextStyle fontFamily="Arial" fontSize="8.0"/>
                </Word>
                <Word id="w_w2aab1b3b2b1c15ac81" language="English" custom="readingOrder {index:7;}">
                    <Coords points="1020,1253 1048,1253 1048,1282 1020,1282"/>
                    <TextEquiv>
                        <Unicode>le</Unicode>
                    </TextEquiv>
                    <TextStyle fontFamily="Arial" fontSize="8.0"/>
                </Word>
                <TextEquiv>
                    <Unicode>tendance parmi les jeunes en Suède vers le</Unicode>
                </TextEquiv>
                <TextStyle fontFamily="Arial" fontSize="8.0"/>
            </TextLine>
            <TextLine id="tl_11" primaryLanguage="English" custom="readingOrder {index:8;}">
                <Coords points="164,1294 1049,1294 1049,1340 164,1340"/>
                <Baseline points="164,1334 262,1333 450,1330 504,1329 581,1329 706,1328 821,1332 1049,1328"/>
                <Word id="w_w2aab1b3b2b1c17ab1" language="English" custom="readingOrder {index:0;}">
                    <Coords points="164,1304 262,1304 262,1334 164,1334"/>
                    <TextEquiv>
                        <Unicode>travail</Unicode>
                    </TextEquiv>
                    <TextStyle fontFamily="Arial" fontSize="8.0"/>
                </Word>
                <Word id="w_w2aab1b3b2b1c17ac17" language="English" custom="readingOrder {index:1;}">
                    <Coords points="295,1301 450,1301 450,1339 295,1339"/>
                    <TextEquiv>
                        <Unicode>d’équipe.</Unicode>
                    </TextEquiv>
                    <TextStyle fontFamily="Arial" fontSize="8.0"/>
                </Word>
                <Word id="w_w2aab1b3b2b1c17ac37" language="English" custom="readingOrder {index:2;}">
                    <Coords points="487,1300 504,1300 504,1329 487,1329"/>
                    <TextEquiv>
                        <Unicode>Il</Unicode>
                    </TextEquiv>
                    <TextStyle fontFamily="Arial" fontSize="8.0"/>
                </Word>
                <Word id="w_w2aab1b3b2b1c17ac43" language="English" custom="readingOrder {index:3;}">
                    <Coords points="540,1307 581,1307 581,1329 540,1329"/>
                    <TextEquiv>
                        <Unicode>ne</Unicode>
                    </TextEquiv>
                    <TextStyle fontFamily="Arial" fontSize="8.0"/>
                </Word>
                <Word id="w_w2aab1b3b2b1c17ac49" language="English" custom="readingOrder {index:4;}">
                    <Coords points="613,1297 706,1297 706,1334 613,1334"/>
                    <TextEquiv>
                        <Unicode>s’agit</Unicode>
                    </TextEquiv>
                    <TextStyle fontFamily="Arial" fontSize="8.0"/>
                </Word>
                <Word id="w_w2aab1b3b2b1c17ac63" language="English" custom="readingOrder {index:5;}">
                    <Coords points="740,1297 821,1297 821,1334 740,1334"/>
                    <TextEquiv>
                        <Unicode>plus,</Unicode>
                    </TextEquiv>
                    <TextStyle fontFamily="Arial" fontSize="8.0"/>
                </Word>
                <Word id="w_w2aab1b3b2b1c17ac75" language="English" custom="readingOrder {index:6;}">
                    <Coords points="855,1294 1049,1294 1049,1332 855,1332"/>
                    <TextEquiv>
                        <Unicode>cependant,</Unicode>
                    </TextEquiv>
                    <TextStyle fontFamily="Arial" fontSize="8.0"/>
                </Word>
                <TextEquiv>
                    <Unicode>travail d’équipe. Il ne s’agit plus, cependant,</Unicode>
                </TextEquiv>
                <TextStyle fontFamily="Arial" fontSize="8.0"/>
            </TextLine>
            <TextLine id="tl_12" primaryLanguage="English" custom="readingOrder {index:9;}">
                <Coords points="166,1336 1050,1336 1050,1382 166,1382"/>
                <Baseline points="166,1376 251,1376 467,1372 541,1371 643,1370 708,1369 780,1369 1050,1365"/>
                <Word id="w_w2aab1b3b2b1c19ab1" language="English" custom="readingOrder {index:0;}">
                    <Coords points="166,1346 251,1346 251,1376 166,1376"/>
                    <TextEquiv>
                        <Unicode>d’une</Unicode>
                    </TextEquiv>
                    <TextStyle fontFamily="Arial" fontSize="8.0"/>
                </Word>
                <Word id="w_w2aab1b3b2b1c19ac13" language="English" custom="readingOrder {index:1;}">
                    <Coords points="285,1343 467,1343 467,1381 285,1381"/>
                    <TextEquiv>
                        <Unicode>intégration</Unicode>
                    </TextEquiv>
                    <TextStyle fontFamily="Arial" fontSize="8.0"/>
                </Word>
                <Word id="w_w2aab1b3b2b1c19ac37" language="English" custom="readingOrder {index:2;}">
                    <Coords points="502,1342 541,1342 541,1371 502,1371"/>
                    <TextEquiv>
                        <Unicode>de</Unicode>
                    </TextEquiv>
                    <TextStyle fontFamily="Arial" fontSize="8.0"/>
                </Word>
                <Word id="w_w2aab1b3b2b1c19ac43" language="English" custom="readingOrder {index:3;}">
                    <Coords points="577,1340 643,1340 643,1370 577,1370"/>
                    <TextEquiv>
                        <Unicode>l’art</Unicode>
                    </TextEquiv>
                    <TextStyle fontFamily="Arial" fontSize="8.0"/>
                </Word>
                <Word id="w_w2aab1b3b2b1c19ac55" language="English" custom="readingOrder {index:4;}">
                    <Coords points="675,1341 708,1341 708,1370 675,1370"/>
                    <TextEquiv>
                        <Unicode>et</Unicode>
                    </TextEquiv>
                    <TextStyle fontFamily="Arial" fontSize="8.0"/>
                </Word>
                <Word id="w_w2aab1b3b2b1c19ac61" language="English" custom="readingOrder {index:5;}">
                    <Coords points="740,1339 780,1339 780,1369 740,1369"/>
                    <TextEquiv>
                        <Unicode>de</Unicode>
                    </TextEquiv>
                    <TextStyle fontFamily="Arial" fontSize="8.0"/>
                </Word>
                <Word id="w_w2aab1b3b2b1c19ac67" language="English" custom="readingOrder {index:6;}">
                    <Coords points="816,1337 1050,1337 1050,1368 816,1368"/>
                    <TextEquiv>
                        <Unicode>l’architecture</Unicode>
                    </TextEquiv>
                    <TextStyle fontFamily="Arial" fontSize="8.0"/>
                </Word>
                <TextEquiv>
                    <Unicode>d’une intégration de l’art et de l’architecture</Unicode>
                </TextEquiv>
                <TextStyle fontFamily="Arial" fontSize="8.0"/>
            </TextLine>
            <TextLine id="tl_13" primaryLanguage="English" custom="readingOrder {index:10;}">
                <Coords points="166,1377 1050,1377 1050,1423 166,1423"/>
                <Baseline points="166,1417 201,1417 317,1416 494,1414 561,1413 656,1413 714,1411 780,1410 836,1409 1050,1412"/>
                <Word id="w_w2aab1b3b2b1c21ab1" language="English" custom="readingOrder {index:0;}">
                    <Coords points="166,1396 201,1396 201,1417 166,1417"/>
                    <TextEquiv>
                        <Unicode>ou</Unicode>
                    </TextEquiv>
                    <TextStyle fontFamily="Arial" fontSize="8.0"/>
                </Word>
                <Word id="w_w2aab1b3b2b1c21ab7" language="English" custom="readingOrder {index:1;}">
                    <Coords points="227,1387 317,1387 317,1417 227,1417"/>
                    <TextEquiv>
                        <Unicode>d’une</Unicode>
                    </TextEquiv>
                    <TextStyle fontFamily="Arial" fontSize="8.0"/>
                </Word>
                <Word id="w_w2aab1b3b2b1c21ac19" language="English" custom="readingOrder {index:2;}">
                    <Coords points="343,1384 494,1384 494,1422 343,1422"/>
                    <TextEquiv>
                        <Unicode>synthèse</Unicode>
                    </TextEquiv>
                    <TextStyle fontFamily="Arial" fontSize="8.0"/>
                </Word>
                <Word id="w_w2aab1b3b2b1c21ac37" language="English" custom="readingOrder {index:3;}">
                    <Coords points="521,1383 561,1383 561,1413 521,1413"/>
                    <TextEquiv>
                        <Unicode>de</Unicode>
                    </TextEquiv>
                    <TextStyle fontFamily="Arial" fontSize="8.0"/>
                </Word>
                <Word id="w_w2aab1b3b2b1c21ac43" language="English" custom="readingOrder {index:4;}">
                    <Coords points="590,1383 656,1383 656,1413 590,1413"/>
                    <TextEquiv>
                        <Unicode>l'art</Unicode>
                    </TextEquiv>
                    <TextStyle fontFamily="Arial" fontSize="8.0"/>
                </Word>
                <Word id="w_w2aab1b3b2b1c21ac55" language="English" custom="readingOrder {index:5;}">
                    <Coords points="682,1383 714,1383 714,1411 682,1411"/>
                    <TextEquiv>
                        <Unicode>et</Unicode>
                    </TextEquiv>
                    <TextStyle fontFamily="Arial" fontSize="8.0"/>
                </Word>
                <Word id="w_w2aab1b3b2b1c21ac61" language="English" custom="readingOrder {index:6;}">
                    <Coords points="741,1381 780,1381 780,1410 741,1410"/>
                    <TextEquiv>
                        <Unicode>de</Unicode>
                    </TextEquiv>
                    <TextStyle fontFamily="Arial" fontSize="8.0"/>
                </Word>
                <Word id="w_w2aab1b3b2b1c21ac67" language="English" custom="readingOrder {index:7;}">
                    <Coords points="810,1380 836,1380 836,1409 810,1409"/>
                    <TextEquiv>
                        <Unicode>la</Unicode>
                    </TextEquiv>
                    <TextStyle fontFamily="Arial" fontSize="8.0"/>
                </Word>
                <Word id="w_w2aab1b3b2b1c21ac73" language="English" custom="readingOrder {index:8;}">
                    <Coords points="864,1378 1050,1378 1050,1415 864,1415"/>
                    <TextEquiv>
                        <Unicode>technique,</Unicode>
                    </TextEquiv>
                    <TextStyle fontFamily="Arial" fontSize="8.0"/>
                </Word>
                <TextEquiv>
                    <Unicode>ou d’une synthèse de l'art et de la technique,</Unicode>
                </TextEquiv>
                <TextStyle fontFamily="Arial" fontSize="8.0"/>
            </TextLine>
            <TextLine id="tl_14" primaryLanguage="English" custom="readingOrder {index:11;}">
                <Coords points="168,1419 1051,1419 1051,1459 168,1459"/>
                <Baseline points="168,1459 242,1459 362,1458 564,1455 715,1453 801,1452 892,1451 1051,1449"/>
                <Word id="w_w2aab1b3b2b1c23ab1" language="English" custom="readingOrder {index:0;}">
                    <Coords points="168,1429 242,1429 242,1459 168,1459"/>
                    <TextEquiv>
                        <Unicode>mais</Unicode>
                    </TextEquiv>
                    <TextStyle fontFamily="Arial" fontSize="8.0"/>
                </Word>
                <Word id="w_w2aab1b3b2b1c23ac11" language="English" custom="readingOrder {index:1;}">
                    <Coords points="271,1428 362,1428 362,1458 271,1458"/>
                    <TextEquiv>
                        <Unicode>d’une</Unicode>
                    </TextEquiv>
                    <TextStyle fontFamily="Arial" fontSize="8.0"/>
                </Word>
                <Word id="w_w2aab1b3b2b1c23ac23" language="English" custom="readingOrder {index:2;}">
                    <Coords points="393,1425 564,1425 564,1457 393,1457"/>
                    <TextEquiv>
                        <Unicode>démarche</Unicode>
                    </TextEquiv>
                    <TextStyle fontFamily="Arial" fontSize="8.0"/>
                </Word>
                <Word id="w_w2aab1b3b2b1c23ac41" language="English" custom="readingOrder {index:3;}">
                    <Coords points="595,1422 715,1422 715,1454 595,1454"/>
                    <TextEquiv>
                        <Unicode>fondée</Unicode>
                    </TextEquiv>
                    <TextStyle fontFamily="Arial" fontSize="8.0"/>
                </Word>
                <Word id="w_w2aab1b3b2b1c23ac55" language="English" custom="readingOrder {index:4;}">
                    <Coords points="747,1430 801,1430 801,1452 747,1452"/>
                    <TextEquiv>
                        <Unicode>sur</Unicode>
                    </TextEquiv>
                    <TextStyle fontFamily="Arial" fontSize="8.0"/>
                </Word>
                <Word id="w_w2aab1b3b2b1c23ac63" language="English" custom="readingOrder {index:5;}">
                    <Coords points="833,1421 892,1421 892,1452 833,1452"/>
                    <TextEquiv>
                        <Unicode>des</Unicode>
                    </TextEquiv>
                    <TextStyle fontFamily="Arial" fontSize="8.0"/>
                </Word>
                <Word id="w_w2aab1b3b2b1c23ac71" language="English" custom="readingOrder {index:6;}">
                    <Coords points="926,1420 1051,1420 1051,1450 926,1450"/>
                    <TextEquiv>
                        <Unicode>raisons</Unicode>
                    </TextEquiv>
                    <TextStyle fontFamily="Arial" fontSize="8.0"/>
                </Word>
                <TextEquiv>
                    <Unicode>mais d’une démarche fondée sur des raisons</Unicode>
                </TextEquiv>
                <TextStyle fontFamily="Arial" fontSize="8.0"/>
            </TextLine>
            <TextLine id="tl_15" primaryLanguage="English" custom="readingOrder {index:12;}">
                <Coords points="169,1461 1052,1461 1052,1507 169,1507"/>
                <Baseline points="170,1500 386,1499 443,1498 572,1496 702,1495 872,1494 949,1492 1052,1491"/>
                <Word id="w_w2aab1b3b2b1c25ab1" language="English" custom="readingOrder {index:0;}">
                    <Coords points="170,1469 386,1469 386,1506 170,1506"/>
                    <TextEquiv>
                        <Unicode>idéologiques.</Unicode>
                    </TextEquiv>
                    <TextStyle fontFamily="Arial" fontSize="8.0"/>
                </Word>
                <Word id="w_w2aab1b3b2b1c25ac29" language="English" custom="readingOrder {index:1;}">
                    <Coords points="420,1469 443,1469 443,1498 420,1498"/>
                    <TextEquiv>
                        <Unicode>A</Unicode>
                    </TextEquiv>
                    <TextStyle fontFamily="Arial" fontSize="8.0"/>
                </Word>
                <Word id="w_w2aab1b3b2b1c25ac33" language="English" custom="readingOrder {index:2;}">
                    <Coords points="478,1467 572,1467 572,1505 478,1505"/>
                    <TextEquiv>
                        <Unicode>partir</Unicode>
                    </TextEquiv>
                    <TextStyle fontFamily="Arial" fontSize="8.0"/>
                </Word>
                <Word id="w_w2aab1b3b2b1c25ac47" language="English" custom="readingOrder {index:3;}">
                    <Coords points="605,1466 702,1466 702,1496 605,1496"/>
                    <TextEquiv>
                        <Unicode>d’une</Unicode>
                    </TextEquiv>
                    <TextStyle fontFamily="Arial" fontSize="8.0"/>
                </Word>
                <Word id="w_w2aab1b3b2b1c25ac59" language="English" custom="readingOrder {index:4;}">
                    <Coords points="737,1464 872,1464 872,1501 737,1501"/>
                    <TextEquiv>
                        <Unicode>critique</Unicode>
                    </TextEquiv>
                    <TextStyle fontFamily="Arial" fontSize="8.0"/>
                </Word>
                <Word id="w_w2aab1b3b2b1c25ac77" language="English" custom="readingOrder {index:5;}">
                    <Coords points="907,1463 949,1463 949,1493 907,1493"/>
                    <TextEquiv>
                        <Unicode>du</Unicode>
                    </TextEquiv>
                    <TextStyle fontFamily="Arial" fontSize="8.0"/>
                </Word>
                <Word id="w_w2aab1b3b2b1c25ac83" language="English" custom="readingOrder {index:6;}">
                    <Coords points="988,1462 1052,1462 1052,1492 988,1492"/>
                    <TextEquiv>
                        <Unicode>rôle</Unicode>
                    </TextEquiv>
                    <TextStyle fontFamily="Arial" fontSize="8.0"/>
                </Word>
                <TextEquiv>
                    <Unicode>idéologiques. A partir d’une critique du rôle</Unicode>
                </TextEquiv>
                <TextStyle fontFamily="Arial" fontSize="8.0"/>
            </TextLine>
            <TextLine id="tl_16" primaryLanguage="English" custom="readingOrder {index:13;}">
                <Coords points="169,1503 1054,1503 1054,1547 169,1547"/>
                <Baseline points="169,1542 206,1542 350,1542 551,1545 633,1538 773,1536 831,1537 930,1535 1054,1525"/>
                <Word id="w_w2aab1b3b2b1c27ab1" language="English" custom="readingOrder {index:0;}">
                    <Coords points="169,1512 206,1512 206,1542 169,1542"/>
                    <TextEquiv>
                        <Unicode>de</Unicode>
                    </TextEquiv>
                    <TextStyle fontFamily="Arial" fontSize="8.0"/>
                </Word>
                <Word id="w_w2aab1b3b2b1c27ab7" language="English" custom="readingOrder {index:1;}">
                    <Coords points="228,1511 350,1511 350,1542 228,1542"/>
                    <TextEquiv>
                        <Unicode>l'artiste</Unicode>
                    </TextEquiv>
                    <TextStyle fontFamily="Arial" fontSize="8.0"/>
                </Word>
                <Word id="w_w2aab1b3b2b1c27ac27" language="English" custom="readingOrder {index:2;}">
                    <Coords points="374,1509 551,1509 551,1545 374,1545"/>
                    <TextEquiv>
                        <Unicode>individuel,</Unicode>
                    </TextEquiv>
                    <TextStyle fontFamily="Arial" fontSize="8.0"/>
                </Word>
                <Word id="w_w2aab1b3b2b1c27ac51" language="English" custom="readingOrder {index:3;}">
                    <Coords points="576,1516 633,1516 633,1539 576,1539"/>
                    <TextEquiv>
                        <Unicode>ces</Unicode>
                    </TextEquiv>
                    <TextStyle fontFamily="Arial" fontSize="8.0"/>
                </Word>
                <Word id="w_w2aab1b3b2b1c27ac59" language="English" custom="readingOrder {index:4;}">
                    <Coords points="655,1507 773,1507 773,1544 655,1544"/>
                    <TextEquiv>
                        <Unicode>jeunes</Unicode>
                    </TextEquiv>
                    <TextStyle fontFamily="Arial" fontSize="8.0"/>
                </Word>
                <Word id="w_w2aab1b3b2b1c27ac73" language="English" custom="readingOrder {index:5;}">
                    <Coords points="795,1514 831,1514 831,1537 795,1537"/>
                    <TextEquiv>
                        <Unicode>se</Unicode>
                    </TextEquiv>
                    <TextStyle fontFamily="Arial" fontSize="8.0"/>
                </Word>
                <Word id="w_w2aab1b3b2b1c27ac79" language="English" custom="readingOrder {index:6;}">
                    <Coords points="856,1506 930,1506 930,1535 856,1535"/>
                    <TextEquiv>
                        <Unicode>sont</Unicode>
                    </TextEquiv>
                    <TextStyle fontFamily="Arial" fontSize="8.0"/>
                </Word>
                <Word id="w_w2aab1b3b2b1c27ac89" language="English" custom="readingOrder {index:7;}">
                    <Coords points="952,1504 1054,1504 1054,1535 952,1535"/>
                    <TextEquiv>
                        <Unicode>orien¬</Unicode>
                    </TextEquiv>
                    <TextStyle fontFamily="Arial" fontSize="8.0"/>
                </Word>
                <TextEquiv>
                    <Unicode>de l'artiste individuel, ces jeunes se sont orien¬</Unicode>
                </TextEquiv>
                <TextStyle fontFamily="Arial" fontSize="8.0"/>
            </TextLine>
            <TextLine id="tl_17" primaryLanguage="English" custom="readingOrder {index:14;}">
                <Coords points="169,1546 1052,1546 1052,1589 169,1589"/>
                <Baseline points="169,1584 216,1584 315,1582 410,1582 573,1580 663,1579 849,1578 1052,1581"/>
                <Word id="w_w2aab1b3b2b1c29ab1" language="English" custom="readingOrder {index:0;}">
                    <Coords points="169,1553 216,1553 216,1584 169,1584"/>
                    <TextEquiv>
                        <Unicode>tés</Unicode>
                    </TextEquiv>
                    <TextStyle fontFamily="Arial" fontSize="8.0"/>
                </Word>
                <Word id="w_w2aab1b3b2b1c29ab9" language="English" custom="readingOrder {index:1;}">
                    <Coords points="247,1561 315,1561 315,1583 247,1583"/>
                    <TextEquiv>
                        <Unicode>vers</Unicode>
                    </TextEquiv>
                    <TextStyle fontFamily="Arial" fontSize="8.0"/>
                </Word>
                <Word id="w_w2aab1b3b2b1c29ac19" language="English" custom="readingOrder {index:2;}">
                    <Coords points="351,1561 410,1561 410,1582 351,1582"/>
                    <TextEquiv>
                        <Unicode>une</Unicode>
                    </TextEquiv>
                    <TextStyle fontFamily="Arial" fontSize="8.0"/>
                </Word>
                <Word id="w_w2aab1b3b2b1c29ac27" language="English" custom="readingOrder {index:3;}">
                    <Coords points="447,1550 573,1550 573,1582 447,1582"/>
                    <TextEquiv>
                        <Unicode>activité</Unicode>
                    </TextEquiv>
                    <TextStyle fontFamily="Arial" fontSize="8.0"/>
                </Word>
                <Word id="w_w2aab1b3b2b1c29ac45" language="English" custom="readingOrder {index:4;}">
                    <Coords points="610,1557 663,1557 663,1580 610,1580"/>
                    <TextEquiv>
                        <Unicode>sur</Unicode>
                    </TextEquiv>
                    <TextStyle fontFamily="Arial" fontSize="8.0"/>
                </Word>
                <Word id="w_w2aab1b3b2b1c29ac53" language="English" custom="readingOrder {index:5;}">
                    <Coords points="701,1548 849,1548 849,1586 701,1586"/>
                    <TextEquiv>
                        <Unicode>l’opinion</Unicode>
                    </TextEquiv>
                    <TextStyle fontFamily="Arial" fontSize="8.0"/>
                </Word>
                <Word id="w_w2aab1b3b2b1c29ac73" language="English" custom="readingOrder {index:6;}">
                    <Coords points="889,1547 1052,1547 1052,1584 889,1584"/>
                    <TextEquiv>
                        <Unicode>publique,</Unicode>
                    </TextEquiv>
                    <TextStyle fontFamily="Arial" fontSize="8.0"/>
                </Word>
                <TextEquiv>
                    <Unicode>tés vers une activité sur l’opinion publique,</Unicode>
                </TextEquiv>
                <TextStyle fontFamily="Arial" fontSize="8.0"/>
            </TextLine>
            <TextLine id="tl_18" primaryLanguage="English" custom="readingOrder {index:15;}">
                <Coords points="169,1588 1048,1588 1048,1632 169,1632"/>
                <Baseline points="169,1624 211,1625 378,1624 429,1624 639,1622 792,1620 847,1620 879,1616 1021,1619 1048,1614"/>
                <Word id="w_w2aab1b3b2b1c31ab1" language="English" custom="readingOrder {index:0;}">
                    <Coords points="169,1595 211,1595 211,1625 169,1625"/>
                    <TextEquiv>
                        <Unicode>les</Unicode>
                    </TextEquiv>
                    <TextStyle fontFamily="Arial" fontSize="8.0"/>
                </Word>
                <Word id="w_w2aab1b3b2b1c31ab9" language="English" custom="readingOrder {index:1;}">
                    <Coords points="226,1594 378,1594 378,1625 226,1625"/>
                    <TextEquiv>
                        <Unicode>collectifs</Unicode>
                    </TextEquiv>
                    <TextStyle fontFamily="Arial" fontSize="8.0"/>
                </Word>
                <Word id="w_w2aab1b3b2b1c31ac31" language="English" custom="readingOrder {index:2;}">
                    <Coords points="394,1602 429,1602 429,1624 394,1624"/>
                    <TextEquiv>
                        <Unicode>se</Unicode>
                    </TextEquiv>
                    <TextStyle fontFamily="Arial" fontSize="8.0"/>
                </Word>
                <Word id="w_w2aab1b3b2b1c31ac37" language="English" custom="readingOrder {index:3;}">
                    <Coords points="447,1594 639,1594 639,1630 447,1630"/>
                    <TextEquiv>
                        <Unicode>composant</Unicode>
                    </TextEquiv>
                    <TextStyle fontFamily="Arial" fontSize="8.0"/>
                </Word>
                <Word id="w_w2aab1b3b2b1c31ac57" language="English" custom="readingOrder {index:4;}">
                    <Coords points="654,1592 792,1592 792,1621 654,1621"/>
                    <TextEquiv>
                        <Unicode>souvent</Unicode>
                    </TextEquiv>
                    <TextStyle fontFamily="Arial" fontSize="8.0"/>
                </Word>
                <Word id="w_w2aab1b3b2b1c31ac73" language="English" custom="readingOrder {index:5;}">
                    <Coords points="807,1591 847,1591 847,1620 807,1620"/>
                    <TextEquiv>
                        <Unicode>de</Unicode>
                    </TextEquiv>
                    <TextStyle fontFamily="Arial" fontSize="8.0"/>
                </Word>
                <Word id="w_w2aab1b3b2b1c31ac79" language="English" custom="readingOrder {index:6;}">
                    <Coords points="867,1603 879,1603 879,1616 867,1616"/>
                    <TextEquiv>
                        <Unicode>«</Unicode>
                    </TextEquiv>
                    <TextStyle fontFamily="Arial" fontSize="8.0"/>
                </Word>
                <Word id="w_w2aab1b3b2b1c31ac83" language="English" custom="readingOrder {index:7;}">
                    <Coords points="897,1589 1021,1589 1021,1626 897,1626"/>
                    <TextEquiv>
                        <Unicode>laïques</Unicode>
                    </TextEquiv>
                    <TextStyle fontFamily="Arial" fontSize="8.0"/>
                </Word>
                <Word id="w_w2aab1b3b2b1c31ac99" language="English" custom="readingOrder {index:8;}">
                    <Coords points="1037,1602 1048,1602 1048,1614 1037,1614"/>
                    <TextEquiv>
                        <Unicode>»</Unicode>
                    </TextEquiv>
                    <TextStyle fontFamily="Arial" fontSize="8.0"/>
                </Word>
                <TextEquiv>
                    <Unicode>les collectifs se composant souvent de « laïques »</Unicode>
                </TextEquiv>
                <TextStyle fontFamily="Arial" fontSize="8.0"/>
            </TextLine>
            <TextLine id="tl_19" primaryLanguage="English" custom="readingOrder {index:16;}">
                <Coords points="168,1630 1052,1630 1052,1672 168,1672"/>
                <Baseline points="168,1666 198,1666 372,1666 572,1664 773,1662 840,1662 986,1660 1052,1659"/>
                <Word id="w_w2aab1b3b2b1c33ab1" language="English" custom="readingOrder {index:0;}">
                    <Coords points="168,1638 198,1638 198,1666 168,1666"/>
                    <TextEquiv>
                        <Unicode>et</Unicode>
                    </TextEquiv>
                    <TextStyle fontFamily="Arial" fontSize="8.0"/>
                </Word>
                <Word id="w_w2aab1b3b2b1c33ab7" language="English" custom="readingOrder {index:1;}">
                    <Coords points="218,1636 372,1636 372,1666 218,1666"/>
                    <TextEquiv>
                        <Unicode>d’artistes</Unicode>
                    </TextEquiv>
                    <TextStyle fontFamily="Arial" fontSize="8.0"/>
                </Word>
                <Word id="w_w2aab1b3b2b1c33ac29" language="English" custom="readingOrder {index:2;}">
                    <Coords points="394,1635 572,1635 572,1665 394,1665"/>
                    <TextEquiv>
                        <Unicode>travaillant</Unicode>
                    </TextEquiv>
                    <TextStyle fontFamily="Arial" fontSize="8.0"/>
                </Word>
                <Word id="w_w2aab1b3b2b1c33ac53" language="English" custom="readingOrder {index:3;}">
                    <Coords points="594,1633 773,1633 773,1664 594,1664"/>
                    <TextEquiv>
                        <Unicode>ensemble.</Unicode>
                    </TextEquiv>
                    <TextStyle fontFamily="Arial" fontSize="8.0"/>
                </Word>
                <Word id="w_w2aab1b3b2b1c33ac73" language="English" custom="readingOrder {index:4;}">
                    <Coords points="800,1633 840,1633 840,1662 800,1662"/>
                    <TextEquiv>
                        <Unicode>Le</Unicode>
                    </TextEquiv>
                    <TextStyle fontFamily="Arial" fontSize="8.0"/>
                </Word>
                <Word id="w_w2aab1b3b2b1c33ac79" language="English" custom="readingOrder {index:5;}">
                    <Coords points="864,1639 986,1639 986,1668 864,1668"/>
                    <TextEquiv>
                        <Unicode>groupe</Unicode>
                    </TextEquiv>
                    <TextStyle fontFamily="Arial" fontSize="8.0"/>
                </Word>
                <Word id="w_w2aab1b3b2b1c33ac93" language="English" custom="readingOrder {index:6;}">
                    <Coords points="1010,1631 1052,1631 1052,1660 1010,1660"/>
                    <TextEquiv>
                        <Unicode>de</Unicode>
                    </TextEquiv>
                    <TextStyle fontFamily="Arial" fontSize="8.0"/>
                </Word>
                <TextEquiv>
                    <Unicode>et d’artistes travaillant ensemble. Le groupe de</Unicode>
                </TextEquiv>
                <TextStyle fontFamily="Arial" fontSize="8.0"/>
            </TextLine>
            <TextLine id="tl_20" primaryLanguage="English" custom="readingOrder {index:17;}">
                <Coords points="172,1672 1052,1672 1052,1715 172,1715"/>
                <Baseline points="172,1707 244,1708 284,1707 414,1707 468,1707 631,1705 686,1705 788,1704 1052,1702"/>
                <Word id="w_w2aab1b3b2b1c35ab1" language="English" custom="readingOrder {index:0;}">
                    <Coords points="172,1678 244,1678 244,1708 172,1708"/>
                    <TextEquiv>
                        <Unicode>Puss</Unicode>
                    </TextEquiv>
                    <TextStyle fontFamily="Arial" fontSize="8.0"/>
                </Word>
                <Word id="w_w2aab1b3b2b1c35ac11" language="English" custom="readingOrder {index:1;}">
                    <Coords points="268,1685 284,1685 284,1707 268,1707"/>
                    <TextEquiv>
                        <Unicode>a</Unicode>
                    </TextEquiv>
                    <TextStyle fontFamily="Arial" fontSize="8.0"/>
                </Word>
                <Word id="w_w2aab1b3b2b1c35ac15" language="English" custom="readingOrder {index:2;}">
                    <Coords points="309,1677 414,1677 414,1707 309,1707"/>
                    <TextEquiv>
                        <Unicode>trouvé</Unicode>
                    </TextEquiv>
                    <TextStyle fontFamily="Arial" fontSize="8.0"/>
                </Word>
                <Word id="w_w2aab1b3b2b1c35ac29" language="English" custom="readingOrder {index:3;}">
                    <Coords points="443,1678 468,1678 468,1707 443,1707"/>
                    <TextEquiv>
                        <Unicode>la</Unicode>
                    </TextEquiv>
                    <TextStyle fontFamily="Arial" fontSize="8.0"/>
                </Word>
                <Word id="w_w2aab1b3b2b1c35ac35" language="English" custom="readingOrder {index:4;}">
                    <Coords points="496,1676 631,1676 631,1706 496,1706"/>
                    <TextEquiv>
                        <Unicode>formule</Unicode>
                    </TextEquiv>
                    <TextStyle fontFamily="Arial" fontSize="8.0"/>
                </Word>
                <Word id="w_w2aab1b3b2b1c35ac51" language="English" custom="readingOrder {index:5;}">
                    <Coords points="660,1675 686,1675 686,1705 660,1705"/>
                    <TextEquiv>
                        <Unicode>la</Unicode>
                    </TextEquiv>
                    <TextStyle fontFamily="Arial" fontSize="8.0"/>
                </Word>
                <Word id="w_w2aab1b3b2b1c35ac57" language="English" custom="readingOrder {index:6;}">
                    <Coords points="716,1675 788,1675 788,1712 716,1712"/>
                    <TextEquiv>
                        <Unicode>plus</Unicode>
                    </TextEquiv>
                    <TextStyle fontFamily="Arial" fontSize="8.0"/>
                </Word>
                <Word id="w_w2aab1b3b2b1c35ac67" language="English" custom="readingOrder {index:7;}">
                    <Coords points="814,1673 1052,1673 1052,1704 814,1704"/>
                    <TextEquiv>
                        <Unicode>traditionnelle</Unicode>
                    </TextEquiv>
                    <TextStyle fontFamily="Arial" fontSize="8.0"/>
                </Word>
                <TextEquiv>
                    <Unicode>Puss a trouvé la formule la plus traditionnelle</Unicode>
                </TextEquiv>
                <TextStyle fontFamily="Arial" fontSize="8.0"/>
            </TextLine>
            <TextLine id="tl_21" primaryLanguage="English" custom="readingOrder {index:18;}">
                <Coords points="172,1716 793,1716 793,1756 172,1756"/>
                <Baseline points="172,1748 208,1748 373,1755 477,1748 595,1747 793,1746"/>
                <Word id="w_w2aab1b3b2b1c37ab1" language="English" custom="readingOrder {index:0;}">
                    <Coords points="172,1719 208,1719 208,1748 172,1748"/>
                    <TextEquiv>
                        <Unicode>du</Unicode>
                    </TextEquiv>
                    <TextStyle fontFamily="Arial" fontSize="8.0"/>
                </Word>
                <Word id="w_w2aab1b3b2b1c37ab7" language="English" custom="readingOrder {index:1;}">
                    <Coords points="231,1719 373,1719 373,1755 231,1755"/>
                    <TextEquiv>
                        <Unicode>collectif,</Unicode>
                    </TextEquiv>
                    <TextStyle fontFamily="Arial" fontSize="8.0"/>
                </Word>
                <Word id="w_w2aab1b3b2b1c37ac29" language="English" custom="readingOrder {index:2;}">
                    <Coords points="397,1719 477,1719 477,1748 397,1748"/>
                    <TextEquiv>
                        <Unicode>celle</Unicode>
                    </TextEquiv>
                    <TextStyle fontFamily="Arial" fontSize="8.0"/>
                </Word>
                <Word id="w_w2aab1b3b2b1c37ac41" language="English" custom="readingOrder {index:3;}">
                    <Coords points="500,1718 595,1718 595,1748 500,1748"/>
                    <TextEquiv>
                        <Unicode>d’une</Unicode>
                    </TextEquiv>
                    <TextStyle fontFamily="Arial" fontSize="8.0"/>
                </Word>
                <Word id="w_w2aab1b3b2b1c37ac53" language="English" custom="readingOrder {index:4;}">
                    <Coords points="621,1716 793,1716 793,1747 621,1747"/>
                    <TextEquiv>
                        <Unicode>rédaction.</Unicode>
                    </TextEquiv>
                    <TextStyle fontFamily="Arial" fontSize="8.0"/>
                </Word>
                <TextEquiv>
                    <Unicode>du collectif, celle d’une rédaction.</Unicode>
                </TextEquiv>
                <TextStyle fontFamily="Arial" fontSize="8.0"/>
            </TextLine>
            <TextEquiv>
                <Unicode>La participation suédoise à la Biennale de
Paris a été organisée par le Comité national
pour les expositions d'art moderne à l’étranger
et la sélection en a été confiée à Kristian Romare,
critique d'art. En présentant un des collectifs
artistiques les plus représentatifs, le groupe
Puss, les responsables ont voulu souligner une
tendance parmi les jeunes en Suède vers le
travail d’équipe. Il ne s’agit plus, cependant,
d’une intégration de l’art et de l’architecture
ou d’une synthèse de l'art et de la technique,
mais d’une démarche fondée sur des raisons
idéologiques. A partir d’une critique du rôle
de l'artiste individuel, ces jeunes se sont orien¬
tés vers une activité sur l’opinion publique,
les collectifs se composant souvent de « laïques »
et d’artistes travaillant ensemble. Le groupe de
Puss a trouvé la formule la plus traditionnelle
du collectif, celle d’une rédaction.</Unicode>
            </TextEquiv>
        </TextRegion>
        <TextRegion id="region_1591965486158_473" custom="readingOrder {index:2;}">
            <Coords points="902,74 902,133 1094,133 1094,74"/>
            <TextLine id="line_1591965486307_476" custom="readingOrder {index:0;}">
                <Coords points="902,83 1092,74 1094,124 904,133"/>
                <Baseline points="904,128 1094,119"/>
                <TextEquiv>
                    <Unicode>&lt;b&gt;SUEDE&lt;/b&gt;</Unicode>
                </TextEquiv>
            </TextLine>
            <TextEquiv>
                <Unicode>&lt;b&gt;SUEDE&lt;/b&gt;</Unicode>
            </TextEquiv>
        </TextRegion>
        <TextRegion type="paragraph" id="r_2_2" custom="readingOrder {index:3;}">
            <Coords points="174,1776 1061,1776 1061,2236 174,2236"/>
            <TextLine id="tl_22" primaryLanguage="English" custom="readingOrder {index:0;}">
                <Coords points="226,1777 1053,1777 1053,1819 226,1819"/>
                <Baseline points="226,1812 299,1812 357,1812 482,1810 733,1815 829,1809 1053,1812"/>
                <Word id="w_w2aab1b3b2b3b1ab1" language="English" custom="readingOrder {index:0;}">
                    <Coords points="226,1783 299,1783 299,1813 226,1813"/>
                    <TextEquiv>
                        <Unicode>Hors</Unicode>
                    </TextEquiv>
                    <TextStyle fontFamily="Arial" fontSize="8.0"/>
                </Word>
                <Word id="w_w2aab1b3b2b3b1ac11" language="English" custom="readingOrder {index:1;}">
                    <Coords points="318,1783 357,1783 357,1812 318,1812"/>
                    <TextEquiv>
                        <Unicode>du</Unicode>
                    </TextEquiv>
                    <TextStyle fontFamily="Arial" fontSize="8.0"/>
                </Word>
                <Word id="w_w2aab1b3b2b3b1ac17" language="English" custom="readingOrder {index:2;}">
                    <Coords points="378,1781 482,1781 482,1812 378,1812"/>
                    <TextEquiv>
                        <Unicode>travail</Unicode>
                    </TextEquiv>
                    <TextStyle fontFamily="Arial" fontSize="8.0"/>
                </Word>
                <Word id="w_w2aab1b3b2b3b1ac33" language="English" custom="readingOrder {index:3;}">
                    <Coords points="506,1780 733,1780 733,1815 506,1815"/>
                    <TextEquiv>
                        <Unicode>rédactionnel,</Unicode>
                    </TextEquiv>
                    <TextStyle fontFamily="Arial" fontSize="8.0"/>
                </Word>
                <Word id="w_w2aab1b3b2b3b1ac61" language="English" custom="readingOrder {index:4;}">
                    <Coords points="757,1780 829,1780 829,1809 757,1809"/>
                    <TextEquiv>
                        <Unicode>Lars</Unicode>
                    </TextEquiv>
                    <TextStyle fontFamily="Arial" fontSize="8.0"/>
                </Word>
                <Word id="w_w2aab1b3b2b3b1ac71" language="English" custom="readingOrder {index:5;}">
                    <Coords points="852,1778 1053,1778 1053,1815 852,1815"/>
                    <TextEquiv>
                        <Unicode>Hillersberg,</Unicode>
                    </TextEquiv>
                    <TextStyle fontFamily="Arial" fontSize="8.0"/>
                </Word>
                <TextEquiv>
                    <Unicode>Hors du travail rédactionnel, Lars Hillersberg,</Unicode>
                </TextEquiv>
                <TextStyle fontFamily="Arial" fontSize="8.0"/>
            </TextLine>
            <TextLine id="tl_23" primaryLanguage="English" custom="readingOrder {index:1;}">
                <Coords points="175,1818 1054,1818 1054,1862 175,1862"/>
                <Baseline points="175,1854 220,1854 412,1860 465,1853 569,1852 757,1858 835,1851 1012,1849 1054,1849"/>
                <Word id="w_w2aab1b3b2b3b3ab1" language="English" custom="readingOrder {index:0;}">
                    <Coords points="175,1824 220,1824 220,1854 175,1854"/>
                    <TextEquiv>
                        <Unicode>Ulf</Unicode>
                    </TextEquiv>
                    <TextStyle fontFamily="Arial" fontSize="8.0"/>
                </Word>
                <Word id="w_w2aab1b3b2b3b3ab9" language="English" custom="readingOrder {index:1;}">
                    <Coords points="242,1824 412,1824 412,1860 242,1860"/>
                    <TextEquiv>
                        <Unicode>Rahmberg</Unicode>
                    </TextEquiv>
                    <TextStyle fontFamily="Arial" fontSize="8.0"/>
                </Word>
                <Word id="w_w2aab1b3b2b3b3ac27" language="English" custom="readingOrder {index:2;}">
                    <Coords points="433,1824 465,1824 465,1853 433,1853"/>
                    <TextEquiv>
                        <Unicode>et</Unicode>
                    </TextEquiv>
                    <TextStyle fontFamily="Arial" fontSize="8.0"/>
                </Word>
                <Word id="w_w2aab1b3b2b3b3ac33" language="English" custom="readingOrder {index:3;}">
                    <Coords points="488,1823 569,1823 569,1852 488,1852"/>
                    <TextEquiv>
                        <Unicode>Lena</Unicode>
                    </TextEquiv>
                    <TextStyle fontFamily="Arial" fontSize="8.0"/>
                </Word>
                <Word id="w_w2aab1b3b2b3b3ac43" language="English" custom="readingOrder {index:4;}">
                    <Coords points="593,1822 757,1822 757,1858 593,1858"/>
                    <TextEquiv>
                        <Unicode>Svedberg</Unicode>
                    </TextEquiv>
                    <TextStyle fontFamily="Arial" fontSize="8.0"/>
                </Word>
                <Word id="w_w2aab1b3b2b3b3ac61" language="English" custom="readingOrder {index:5;}">
                    <Coords points="779,1823 835,1823 835,1851 779,1851"/>
                    <TextEquiv>
                        <Unicode>ont</Unicode>
                    </TextEquiv>
                    <TextStyle fontFamily="Arial" fontSize="8.0"/>
                </Word>
                <Word id="w_w2aab1b3b2b3b3ac69" language="English" custom="readingOrder {index:6;}">
                    <Coords points="857,1819 1012,1819 1012,1858 857,1858"/>
                    <TextEquiv>
                        <Unicode>participé</Unicode>
                    </TextEquiv>
                    <TextStyle fontFamily="Arial" fontSize="8.0"/>
                </Word>
                <Word id="w_w2aab1b3b2b3b3ac89" language="English" custom="readingOrder {index:7;}">
                    <Coords points="1036,1818 1054,1818 1054,1849 1036,1849"/>
                    <TextEquiv>
                        <Unicode>à</Unicode>
                    </TextEquiv>
                    <TextStyle fontFamily="Arial" fontSize="8.0"/>
                </Word>
                <TextEquiv>
                    <Unicode>Ulf Rahmberg et Lena Svedberg ont participé à</Unicode>
                </TextEquiv>
                <TextStyle fontFamily="Arial" fontSize="8.0"/>
            </TextLine>
            <TextLine id="tl_24" primaryLanguage="English" custom="readingOrder {index:2;}">
                <Coords points="176,1860 1056,1860 1056,1904 176,1904"/>
                <Baseline points="176,1894 357,1895 561,1894 654,1894 783,1893 1056,1891"/>
                <Word id="w_w2aab1b3b2b3b5ab1" language="English" custom="readingOrder {index:0;}">
                    <Coords points="176,1865 357,1865 357,1903 176,1903"/>
                    <TextEquiv>
                        <Unicode>l’exposition</Unicode>
                    </TextEquiv>
                    <TextStyle fontFamily="Arial" fontSize="8.0"/>
                </Word>
                <Word id="w_w2aab1b3b2b3b5ac27" language="English" custom="readingOrder {index:1;}">
                    <Coords points="410,1864 561,1864 561,1902 410,1902"/>
                    <TextEquiv>
                        <Unicode>politique</Unicode>
                    </TextEquiv>
                    <TextStyle fontFamily="Arial" fontSize="8.0"/>
                </Word>
                <Word id="w_w2aab1b3b2b3b5ac47" language="English" custom="readingOrder {index:2;}">
                    <Coords points="612,1864 654,1864 654,1894 612,1894"/>
                    <TextEquiv>
                        <Unicode>du</Unicode>
                    </TextEquiv>
                    <TextStyle fontFamily="Arial" fontSize="8.0"/>
                </Word>
                <Word id="w_w2aab1b3b2b3b5ac53" language="English" custom="readingOrder {index:3;}">
                    <Coords points="708,1871 783,1871 783,1901 708,1901"/>
                    <TextEquiv>
                        <Unicode>parc</Unicode>
                    </TextEquiv>
                    <TextStyle fontFamily="Arial" fontSize="8.0"/>
                </Word>
                <Word id="w_w2aab1b3b2b3b5ac63" language="English" custom="readingOrder {index:4;}">
                    <Coords points="834,1862 1056,1862 1056,1893 834,1893"/>
                    <TextEquiv>
                        <Unicode>d’attractions</Unicode>
                    </TextEquiv>
                    <TextStyle fontFamily="Arial" fontSize="8.0"/>
                </Word>
                <TextEquiv>
                    <Unicode>l’exposition politique du parc d’attractions</Unicode>
                </TextEquiv>
                <TextStyle fontFamily="Arial" fontSize="8.0"/>
            </TextLine>
            <TextLine id="tl_25" primaryLanguage="English" custom="readingOrder {index:3;}">
                <Coords points="177,1902 1058,1902 1058,1945 177,1945"/>
                <Baseline points="177,1932 334,1937 392,1936 546,1932 609,1936 940,1940 1058,1924"/>
                <Word id="w_w2aab1b3b2b3b7ab1" language="English" custom="readingOrder {index:0;}">
                    <Coords points="177,1907 334,1907 334,1937 177,1937"/>
                    <TextEquiv>
                        <Unicode>«Moment</Unicode>
                    </TextEquiv>
                    <TextStyle fontFamily="Arial" fontSize="8.0"/>
                </Word>
                <Word id="w_w2aab1b3b2b3b7ac17" language="English" custom="readingOrder {index:1;}">
                    <Coords points="353,1907 392,1907 392,1936 353,1936"/>
                    <TextEquiv>
                        <Unicode>de</Unicode>
                    </TextEquiv>
                    <TextStyle fontFamily="Arial" fontSize="8.0"/>
                </Word>
                <Word id="w_w2aab1b3b2b3b7ac23" language="English" custom="readingOrder {index:2;}">
                    <Coords points="414,1906 546,1906 546,1944 414,1944"/>
                    <TextEquiv>
                        <Unicode>plaisir»</Unicode>
                    </TextEquiv>
                    <TextStyle fontFamily="Arial" fontSize="8.0"/>
                </Word>
                <Word id="w_w2aab1b3b2b3b7ac41" language="English" custom="readingOrder {index:3;}">
                    <Coords points="569,1906 609,1906 609,1936 569,1936"/>
                    <TextEquiv>
                        <Unicode>de</Unicode>
                    </TextEquiv>
                    <TextStyle fontFamily="Arial" fontSize="8.0"/>
                </Word>
                <Word id="w_w2aab1b3b2b3b7ac47" language="English" custom="readingOrder {index:4;}">
                    <Coords points="634,1904 940,1904 940,1941 634,1941"/>
                    <TextEquiv>
                        <Unicode>RiksutstalIningar,</Unicode>
                    </TextEquiv>
                    <TextStyle fontFamily="Arial" fontSize="8.0"/>
                </Word>
                <Word id="w_w2aab1b3b2b3b7ac85" language="English" custom="readingOrder {index:5;}">
                    <Coords points="964,1911 1058,1911 1058,1941 964,1941"/>
                    <TextEquiv>
                        <Unicode>expo¬</Unicode>
                    </TextEquiv>
                    <TextStyle fontFamily="Arial" fontSize="8.0"/>
                </Word>
                <TextEquiv>
                    <Unicode>« Moment de plaisir » de RiksutstälIningar, expo¬</Unicode>
                </TextEquiv>
                <TextStyle fontFamily="Arial" fontSize="8.0"/>
            </TextLine>
            <TextLine id="tl_26" primaryLanguage="English" custom="readingOrder {index:4;}">
                <Coords points="176,1943 1058,1943 1058,1987 176,1987"/>
                <Baseline points="176,1977 261,1978 435,1978 505,1977 637,1978 696,1977 835,1977 939,1976 1058,1966"/>
                <Word id="w_w2aab1b3b2b3b9ab1" language="English" custom="readingOrder {index:0;}">
                    <Coords points="176,1948 261,1948 261,1978 176,1978"/>
                    <TextEquiv>
                        <Unicode>sition</Unicode>
                    </TextEquiv>
                    <TextStyle fontFamily="Arial" fontSize="8.0"/>
                </Word>
                <Word id="w_w2aab1b3b2b3b9ac15" language="English" custom="readingOrder {index:1;}">
                    <Coords points="281,1948 435,1948 435,1978 281,1978"/>
                    <TextEquiv>
                        <Unicode>nationale</Unicode>
                    </TextEquiv>
                    <TextStyle fontFamily="Arial" fontSize="8.0"/>
                </Word>
                <Word id="w_w2aab1b3b2b3b9ac35" language="English" custom="readingOrder {index:2;}">
                    <Coords points="455,1948 505,1948 505,1986 455,1986"/>
                    <TextEquiv>
                        <Unicode>qui</Unicode>
                    </TextEquiv>
                    <TextStyle fontFamily="Arial" fontSize="8.0"/>
                </Word>
                <Word id="w_w2aab1b3b2b3b9ac43" language="English" custom="readingOrder {index:3;}">
                    <Coords points="525,1949 637,1949 637,1978 525,1978"/>
                    <TextEquiv>
                        <Unicode>tourne</Unicode>
                    </TextEquiv>
                    <TextStyle fontFamily="Arial" fontSize="8.0"/>
                </Word>
                <Word id="w_w2aab1b3b2b3b9ac57" language="English" custom="readingOrder {index:4;}">
                    <Coords points="657,1955 696,1955 696,1977 657,1977"/>
                    <TextEquiv>
                        <Unicode>en</Unicode>
                    </TextEquiv>
                    <TextStyle fontFamily="Arial" fontSize="8.0"/>
                </Word>
                <Word id="w_w2aab1b3b2b3b9ac63" language="English" custom="readingOrder {index:5;}">
                    <Coords points="718,1946 835,1946 835,1977 718,1977"/>
                    <TextEquiv>
                        <Unicode>Suède.</Unicode>
                    </TextEquiv>
                    <TextStyle fontFamily="Arial" fontSize="8.0"/>
                </Word>
                <Word id="w_w2aab1b3b2b3b9ac77" language="English" custom="readingOrder {index:6;}">
                    <Coords points="858,1947 939,1947 939,1976 858,1976"/>
                    <TextEquiv>
                        <Unicode>Lena</Unicode>
                    </TextEquiv>
                    <TextStyle fontFamily="Arial" fontSize="8.0"/>
                </Word>
                <Word id="w_w2aab1b3b2b3b9ac87" language="English" custom="readingOrder {index:7;}">
                    <Coords points="961,1946 1058,1946 1058,1976 961,1976"/>
                    <TextEquiv>
                        <Unicode>Sved¬</Unicode>
                    </TextEquiv>
                    <TextStyle fontFamily="Arial" fontSize="8.0"/>
                </Word>
                <TextEquiv>
                    <Unicode>sition nationale qui tourne en Suède. Lena Sved¬</Unicode>
                </TextEquiv>
                <TextStyle fontFamily="Arial" fontSize="8.0"/>
            </TextLine>
            <TextLine id="tl_27" primaryLanguage="English" custom="readingOrder {index:5;}">
                <Coords points="177,1984 1058,1984 1058,2029 177,2029"/>
                <Baseline points="177,2018 253,2025 479,2019 542,2019 686,2018 726,2019 778,2019 943,2018 1058,2009"/>
                <Word id="w_w2aab1b3b2b3c11ab1" language="English" custom="readingOrder {index:0;}">
                    <Coords points="177,1989 253,1989 253,2026 177,2026"/>
                    <TextEquiv>
                        <Unicode>berg,</Unicode>
                    </TextEquiv>
                    <TextStyle fontFamily="Arial" fontSize="8.0"/>
                </Word>
                <Word id="w_w2aab1b3b2b3c11ac13" language="English" custom="readingOrder {index:1;}">
                    <Coords points="277,1990 479,1990 479,2027 277,2027"/>
                    <TextEquiv>
                        <Unicode>responsable</Unicode>
                    </TextEquiv>
                    <TextStyle fontFamily="Arial" fontSize="8.0"/>
                </Word>
                <Word id="w_w2aab1b3b2b3c11ac37" language="English" custom="readingOrder {index:2;}">
                    <Coords points="502,1989 542,1989 542,2019 502,2019"/>
                    <TextEquiv>
                        <Unicode>du</Unicode>
                    </TextEquiv>
                    <TextStyle fontFamily="Arial" fontSize="8.0"/>
                </Word>
                <Word id="w_w2aab1b3b2b3c11ac43" language="English" custom="readingOrder {index:3;}">
                    <Coords points="566,1997 686,1997 686,2027 566,2027"/>
                    <TextEquiv>
                        <Unicode>groupe</Unicode>
                    </TextEquiv>
                    <TextStyle fontFamily="Arial" fontSize="8.0"/>
                </Word>
                <Word id="w_w2aab1b3b2b3c11ac57" language="English" custom="readingOrder {index:4;}">
                    <Coords points="709,1988 726,1988 726,2019 709,2019"/>
                    <TextEquiv>
                        <Unicode>à</Unicode>
                    </TextEquiv>
                    <TextStyle fontFamily="Arial" fontSize="8.0"/>
                </Word>
                <Word id="w_w2aab1b3b2b3c11ac61" language="English" custom="readingOrder {index:5;}">
                    <Coords points="752,1989 778,1989 778,2019 752,2019"/>
                    <TextEquiv>
                        <Unicode>la</Unicode>
                    </TextEquiv>
                    <TextStyle fontFamily="Arial" fontSize="8.0"/>
                </Word>
                <Word id="w_w2aab1b3b2b3c11ac67" language="English" custom="readingOrder {index:6;}">
                    <Coords points="803,1987 943,1987 943,2019 803,2019"/>
                    <TextEquiv>
                        <Unicode>Sixième</Unicode>
                    </TextEquiv>
                    <TextStyle fontFamily="Arial" fontSize="8.0"/>
                </Word>
                <Word id="w_w2aab1b3b2b3c11ac83" language="English" custom="readingOrder {index:7;}">
                    <Coords points="968,1988 1058,1988 1058,2018 968,2018"/>
                    <TextEquiv>
                        <Unicode>Bien¬</Unicode>
                    </TextEquiv>
                    <TextStyle fontFamily="Arial" fontSize="8.0"/>
                </Word>
                <TextEquiv>
                    <Unicode>berg, responsable du groupe à la Sixième Bien¬</Unicode>
                </TextEquiv>
                <TextStyle fontFamily="Arial" fontSize="8.0"/>
            </TextLine>
            <TextLine id="tl_28" primaryLanguage="English" custom="readingOrder {index:6;}">
                <Coords points="178,2026 1056,2026 1056,2070 178,2070"/>
                <Baseline points="178,2059 252,2067 293,2060 435,2061 538,2061 579,2058 653,2062 798,2061 825,2057 872,2060 988,2060 1056,2059"/>
                <Word id="w_w2aab1b3b2b3c13ab1" language="English" custom="readingOrder {index:0;}">
                    <Coords points="178,2031 252,2031 252,2067 178,2067"/>
                    <TextEquiv>
                        <Unicode>nale,</Unicode>
                    </TextEquiv>
                    <TextStyle fontFamily="Arial" fontSize="8.0"/>
                </Word>
                <Word id="w_w2aab1b3b2b3c13ac13" language="English" custom="readingOrder {index:1;}">
                    <Coords points="276,2039 293,2039 293,2060 276,2060"/>
                    <TextEquiv>
                        <Unicode>a</Unicode>
                    </TextEquiv>
                    <TextStyle fontFamily="Arial" fontSize="8.0"/>
                </Word>
                <Word id="w_w2aab1b3b2b3c13ac17" language="English" custom="readingOrder {index:2;}">
                    <Coords points="319,2031 435,2031 435,2069 319,2069"/>
                    <TextEquiv>
                        <Unicode>exposé</Unicode>
                    </TextEquiv>
                    <TextStyle fontFamily="Arial" fontSize="8.0"/>
                </Word>
                <Word id="w_w2aab1b3b2b3c13ac31" language="English" custom="readingOrder {index:3;}">
                    <Coords points="460,2039 538,2039 538,2061 460,2061"/>
                    <TextEquiv>
                        <Unicode>avec</Unicode>
                    </TextEquiv>
                    <TextStyle fontFamily="Arial" fontSize="8.0"/>
                </Word>
                <Word id="w_w2aab1b3b2b3c13ac41" language="English" custom="readingOrder {index:4;}">
                    <Coords points="567,2045 579,2045 579,2058 567,2058"/>
                    <TextEquiv>
                        <Unicode>«</Unicode>
                    </TextEquiv>
                    <TextStyle fontFamily="Arial" fontSize="8.0"/>
                </Word>
                <Word id="w_w2aab1b3b2b3c13ac45" language="English" custom="readingOrder {index:5;}">
                    <Coords points="595,2032 653,2032 653,2062 595,2062"/>
                    <TextEquiv>
                        <Unicode>Les</Unicode>
                    </TextEquiv>
                    <TextStyle fontFamily="Arial" fontSize="8.0"/>
                </Word>
                <Word id="w_w2aab1b3b2b3c13ac53" language="English" custom="readingOrder {index:6;}">
                    <Coords points="679,2031 798,2031 798,2061 679,2061"/>
                    <TextEquiv>
                        <Unicode>Vilains</Unicode>
                    </TextEquiv>
                    <TextStyle fontFamily="Arial" fontSize="8.0"/>
                </Word>
                <Word id="w_w2aab1b3b2b3c13ac69" language="English" custom="readingOrder {index:7;}">
                    <Coords points="813,2045 825,2045 825,2057 813,2057"/>
                    <TextEquiv>
                        <Unicode>»</Unicode>
                    </TextEquiv>
                    <TextStyle fontFamily="Arial" fontSize="8.0"/>
                </Word>
                <Word id="w_w2aab1b3b2b3c13ac73" language="English" custom="readingOrder {index:8;}">
                    <Coords points="855,2029 872,2029 872,2060 855,2060"/>
                    <TextEquiv>
                        <Unicode>à</Unicode>
                    </TextEquiv>
                    <TextStyle fontFamily="Arial" fontSize="8.0"/>
                </Word>
                <Word id="w_w2aab1b3b2b3c13ac77" language="English" custom="readingOrder {index:9;}">
                    <Coords points="902,2031 988,2031 988,2060 902,2060"/>
                    <TextEquiv>
                        <Unicode>Lund</Unicode>
                    </TextEquiv>
                    <TextStyle fontFamily="Arial" fontSize="8.0"/>
                </Word>
                <Word id="w_w2aab1b3b2b3c13ac87" language="English" custom="readingOrder {index:10;}">
                    <Coords points="1016,2038 1056,2038 1056,2061 1016,2061"/>
                    <TextEquiv>
                        <Unicode>en</Unicode>
                    </TextEquiv>
                    <TextStyle fontFamily="Arial" fontSize="8.0"/>
                </Word>
                <TextEquiv>
                    <Unicode>nale, a exposé avec « Les Vilains » à Lund en</Unicode>
                </TextEquiv>
                <TextStyle fontFamily="Arial" fontSize="8.0"/>
            </TextLine>
            <TextLine id="tl_29" primaryLanguage="English" custom="readingOrder {index:7;}">
                <Coords points="180,2066 1060,2066 1060,2112 180,2112"/>
                <Baseline points="180,2100 246,2102 294,2102 327,2102 360,2099 599,2103 627,2100 688,2102 793,2102 935,2102 1060,2093"/>
                <Word id="w_w2aab1b3b2b3c15ab1" language="English" custom="readingOrder {index:0;}">
                    <Coords points="180,2071 246,2071 246,2102 180,2102"/>
                    <TextEquiv>
                        <Unicode>1968</Unicode>
                    </TextEquiv>
                    <TextStyle fontFamily="Arial" fontSize="8.0"/>
                </Word>
                <Word id="w_w2aab1b3b2b3c15ac11" language="English" custom="readingOrder {index:1;}">
                    <Coords points="264,2074 294,2074 294,2103 264,2103"/>
                    <TextEquiv>
                        <Unicode>et</Unicode>
                    </TextEquiv>
                    <TextStyle fontFamily="Arial" fontSize="8.0"/>
                </Word>
                <Word id="w_w2aab1b3b2b3c15ac17" language="English" custom="readingOrder {index:2;}">
                    <Coords points="311,2072 327,2072 327,2102 311,2102"/>
                    <TextEquiv>
                        <Unicode>à</Unicode>
                    </TextEquiv>
                    <TextStyle fontFamily="Arial" fontSize="8.0"/>
                </Word>
                <Word id="w_w2aab1b3b2b3c15ac21" language="English" custom="readingOrder {index:3;}">
                    <Coords points="349,2087 360,2087 360,2099 349,2099"/>
                    <TextEquiv>
                        <Unicode>«</Unicode>
                    </TextEquiv>
                    <TextStyle fontFamily="Arial" fontSize="8.0"/>
                </Word>
                <Word id="w_w2aab1b3b2b3c15ac25" language="English" custom="readingOrder {index:4;}">
                    <Coords points="376,2073 599,2073 599,2110 376,2110"/>
                    <TextEquiv>
                        <Unicode>Underground</Unicode>
                    </TextEquiv>
                    <TextStyle fontFamily="Arial" fontSize="8.0"/>
                </Word>
                <Word id="w_w2aab1b3b2b3c15ac49" language="English" custom="readingOrder {index:5;}">
                    <Coords points="615,2087 627,2087 627,2100 615,2100"/>
                    <TextEquiv>
                        <Unicode>»</Unicode>
                    </TextEquiv>
                    <TextStyle fontFamily="Arial" fontSize="8.0"/>
                </Word>
                <Word id="w_w2aab1b3b2b3c15ac53" language="English" custom="readingOrder {index:6;}">
                    <Coords points="649,2081 688,2081 688,2103 649,2103"/>
                    <TextEquiv>
                        <Unicode>en</Unicode>
                    </TextEquiv>
                    <TextStyle fontFamily="Arial" fontSize="8.0"/>
                </Word>
                <Word id="w_w2aab1b3b2b3c15ac59" language="English" custom="readingOrder {index:7;}">
                    <Coords points="711,2073 793,2073 793,2103 711,2103"/>
                    <TextEquiv>
                        <Unicode>1969.</Unicode>
                    </TextEquiv>
                    <TextStyle fontFamily="Arial" fontSize="8.0"/>
                </Word>
                <Word id="w_w2aab1b3b2b3c15ac71" language="English" custom="readingOrder {index:8;}">
                    <Coords points="813,2073 935,2073 935,2103 813,2103"/>
                    <TextEquiv>
                        <Unicode>Anders</Unicode>
                    </TextEquiv>
                    <TextStyle fontFamily="Arial" fontSize="8.0"/>
                </Word>
                <Word id="w_w2aab1b3b2b3c15ac85" language="English" custom="readingOrder {index:9;}">
                    <Coords points="957,2073 1060,2073 1060,2103 957,2103"/>
                    <TextEquiv>
                        <Unicode>Peter¬</Unicode>
                    </TextEquiv>
                    <TextStyle fontFamily="Arial" fontSize="8.0"/>
                </Word>
                <TextEquiv>
                    <Unicode>1968 et à « Underground » en 1969. Anders Peter¬</Unicode>
                </TextEquiv>
                <TextStyle fontFamily="Arial" fontSize="8.0"/>
            </TextLine>
            <TextLine id="tl_30" primaryLanguage="English" custom="readingOrder {index:8;}">
                <Coords points="179,2109 1059,2109 1059,2156 179,2156"/>
                <Baseline points="179,2142 239,2150 481,2150 523,2145 710,2144 774,2145 876,2144 918,2144 1059,2135"/>
                <Word id="w_w2aab1b3b2b3c17ab1" language="English" custom="readingOrder {index:0;}">
                    <Coords points="179,2120 239,2120 239,2150 179,2150"/>
                    <TextEquiv>
                        <Unicode>sen,</Unicode>
                    </TextEquiv>
                    <TextStyle fontFamily="Arial" fontSize="8.0"/>
                </Word>
                <Word id="w_w2aab1b3b2b3c17ac11" language="English" custom="readingOrder {index:1;}">
                    <Coords points="264,2113 481,2113 481,2152 264,2152"/>
                    <TextEquiv>
                        <Unicode>photographe,</Unicode>
                    </TextEquiv>
                    <TextStyle fontFamily="Arial" fontSize="8.0"/>
                </Word>
                <Word id="w_w2aab1b3b2b3c17ac37" language="English" custom="readingOrder {index:2;}">
                    <Coords points="507,2123 523,2123 523,2145 507,2145"/>
                    <TextEquiv>
                        <Unicode>a</Unicode>
                    </TextEquiv>
                    <TextStyle fontFamily="Arial" fontSize="8.0"/>
                </Word>
                <Word id="w_w2aab1b3b2b3c17ac41" language="English" custom="readingOrder {index:3;}">
                    <Coords points="549,2113 710,2113 710,2145 549,2145"/>
                    <TextEquiv>
                        <Unicode>collaboré</Unicode>
                    </TextEquiv>
                    <TextStyle fontFamily="Arial" fontSize="8.0"/>
                </Word>
                <Word id="w_w2aab1b3b2b3c17ac61" language="English" custom="readingOrder {index:4;}">
                    <Coords points="735,2123 774,2123 774,2145 735,2145"/>
                    <TextEquiv>
                        <Unicode>en</Unicode>
                    </TextEquiv>
                    <TextStyle fontFamily="Arial" fontSize="8.0"/>
                </Word>
                <Word id="w_w2aab1b3b2b3c17ac67" language="English" custom="readingOrder {index:5;}">
                    <Coords points="802,2114 876,2114 876,2145 802,2145"/>
                    <TextEquiv>
                        <Unicode>1969</Unicode>
                    </TextEquiv>
                    <TextStyle fontFamily="Arial" fontSize="8.0"/>
                </Word>
                <Word id="w_w2aab1b3b2b3c17ac77" language="English" custom="readingOrder {index:6;}">
                    <Coords points="901,2114 918,2114 918,2144 901,2144"/>
                    <TextEquiv>
                        <Unicode>à</Unicode>
                    </TextEquiv>
                    <TextStyle fontFamily="Arial" fontSize="8.0"/>
                </Word>
                <Word id="w_w2aab1b3b2b3c17ac81" language="English" custom="readingOrder {index:7;}">
                    <Coords points="947,2115 1059,2115 1059,2152 947,2152"/>
                    <TextEquiv>
                        <Unicode>l’expo¬</Unicode>
                    </TextEquiv>
                    <TextStyle fontFamily="Arial" fontSize="8.0"/>
                </Word>
                <TextEquiv>
                    <Unicode>sen, photographe, a collaboré en 1969 à l’expo¬</Unicode>
                </TextEquiv>
                <TextStyle fontFamily="Arial" fontSize="8.0"/>
            </TextLine>
            <TextLine id="tl_31" primaryLanguage="English" custom="readingOrder {index:9;}">
                <Coords points="179,2149 1058,2149 1058,2197 179,2197"/>
                <Baseline points="179,2183 264,2185 493,2185 524,2182 577,2186 666,2187 838,2187 865,2182 925,2186 1058,2186"/>
                <Word id="w_w2aab1b3b2b3c19ab1" language="English" custom="readingOrder {index:0;}">
                    <Coords points="179,2154 264,2154 264,2185 179,2185"/>
                    <TextEquiv>
                        <Unicode>sition</Unicode>
                    </TextEquiv>
                    <TextStyle fontFamily="Arial" fontSize="8.0"/>
                </Word>
                <Word id="w_w2aab1b3b2b3c19ac15" language="English" custom="readingOrder {index:1;}">
                    <Coords points="282,2156 493,2156 493,2194 282,2194"/>
                    <TextEquiv>
                        <Unicode>sociologique</Unicode>
                    </TextEquiv>
                    <TextStyle fontFamily="Arial" fontSize="8.0"/>
                </Word>
                <Word id="w_w2aab1b3b2b3c19ac41" language="English" custom="readingOrder {index:2;}">
                    <Coords points="512,2170 524,2170 524,2182 512,2182"/>
                    <TextEquiv>
                        <Unicode>«</Unicode>
                    </TextEquiv>
                    <TextStyle fontFamily="Arial" fontSize="8.0"/>
                </Word>
                <Word id="w_w2aab1b3b2b3c19ac45" language="English" custom="readingOrder {index:3;}">
                    <Coords points="541,2157 577,2157 577,2186 541,2186"/>
                    <TextEquiv>
                        <Unicode>La</Unicode>
                    </TextEquiv>
                    <TextStyle fontFamily="Arial" fontSize="8.0"/>
                </Word>
                <Word id="w_w2aab1b3b2b3c19ac51" language="English" custom="readingOrder {index:4;}">
                    <Coords points="595,2157 666,2157 666,2187 595,2187"/>
                    <TextEquiv>
                        <Unicode>ville</Unicode>
                    </TextEquiv>
                    <TextStyle fontFamily="Arial" fontSize="8.0"/>
                </Word>
                <Word id="w_w2aab1b3b2b3c19ac63" language="English" custom="readingOrder {index:5;}">
                    <Coords points="684,2156 838,2156 838,2194 684,2194"/>
                    <TextEquiv>
                        <Unicode>renvoyée</Unicode>
                    </TextEquiv>
                    <TextStyle fontFamily="Arial" fontSize="8.0"/>
                </Word>
                <Word id="w_w2aab1b3b2b3c19ac81" language="English" custom="readingOrder {index:6;}">
                    <Coords points="854,2170 865,2170 865,2182 854,2182"/>
                    <TextEquiv>
                        <Unicode>»</Unicode>
                    </TextEquiv>
                    <TextStyle fontFamily="Arial" fontSize="8.0"/>
                </Word>
                <Word id="w_w2aab1b3b2b3c19ac85" language="English" custom="readingOrder {index:7;}">
                    <Coords points="885,2165 925,2165 925,2186 885,2186"/>
                    <TextEquiv>
                        <Unicode>au</Unicode>
                    </TextEquiv>
                    <TextStyle fontFamily="Arial" fontSize="8.0"/>
                </Word>
                <Word id="w_w2aab1b3b2b3c19ac91" language="English" custom="readingOrder {index:8;}">
                    <Coords points="946,2156 1058,2156 1058,2187 946,2187"/>
                    <TextEquiv>
                        <Unicode>Musée</Unicode>
                    </TextEquiv>
                    <TextStyle fontFamily="Arial" fontSize="8.0"/>
                </Word>
                <TextEquiv>
                    <Unicode>sition sociologique « La ville renvoyée » au Musée</Unicode>
                </TextEquiv>
                <TextStyle fontFamily="Arial" fontSize="8.0"/>
            </TextLine>
            <TextLine id="tl_32" primaryLanguage="English" custom="readingOrder {index:10;}">
                <Coords points="182,2194 619,2194 619,2235 182,2235"/>
                <Baseline points="182,2224 339,2226 403,2228 619,2229"/>
                <Word id="w_w2aab1b3b2b3c21ab1" language="English" custom="readingOrder {index:0;}">
                    <Coords points="182,2196 339,2196 339,2234 182,2234"/>
                    <TextEquiv>
                        <Unicode>municipal</Unicode>
                    </TextEquiv>
                    <TextStyle fontFamily="Arial" fontSize="8.0"/>
                </Word>
                <Word id="w_w2aab1b3b2b3c21ac21" language="English" custom="readingOrder {index:1;}">
                    <Coords points="364,2198 403,2198 403,2228 364,2228"/>
                    <TextEquiv>
                        <Unicode>de</Unicode>
                    </TextEquiv>
                    <TextStyle fontFamily="Arial" fontSize="8.0"/>
                </Word>
                <Word id="w_w2aab1b3b2b3c21ac27" language="English" custom="readingOrder {index:2;}">
                    <Coords points="428,2197 619,2197 619,2229 428,2229"/>
                    <TextEquiv>
                        <Unicode>Stockholm.</Unicode>
                    </TextEquiv>
                    <TextStyle fontFamily="Arial" fontSize="8.0"/>
                </Word>
                <TextEquiv>
                    <Unicode>municipal de Stockholm.</Unicode>
                </TextEquiv>
                <TextStyle fontFamily="Arial" fontSize="8.0"/>
            </TextLine>
            <TextEquiv>
                <Unicode>Hors du travail rédactionnel, Lars Hillersberg,
Ulf Rahmberg et Lena Svedberg ont participé à
l’exposition politique du parc d’attractions
« Moment de plaisir » de RiksutstälIningar, expo¬
sition nationale qui tourne en Suède. Lena Sved¬
berg, responsable du groupe à la Sixième Bien¬
nale, a exposé avec « Les Vilains » à Lund en
1968 et à « Underground » en 1969. Anders Peter¬
sen, photographe, a collaboré en 1969 à l’expo¬
sition sociologique « La ville renvoyée » au Musée
municipal de Stockholm.</Unicode>
            </TextEquiv>
        </TextRegion>
        <TextRegion id="region_1591965464578_462" custom="readingOrder {index:4;}">
            <Coords points="1018,2275 1018,2326 1068,2326 1068,2275"/>
            <TextLine id="line_1591965464729_465" custom="readingOrder {index:0;}">
                <Coords points="1019,2275 1068,2276 1067,2326 1018,2325"/>
                <Baseline points="1018,2320 1067,2321"/>
                <TextEquiv>
                    <Unicode>115</Unicode>
                </TextEquiv>
            </TextLine>
            <TextEquiv>
                <Unicode>115</Unicode>
            </TextEquiv>
        </TextRegion>
    </Page>
</PcGts>
