1749 2481
732 649 994 694 DESSINS

420 1052 430 1089 j
441 1052 457 1089 3
468 1064 494 1089 1.
521 1074 564 1079 —
589 1055 789 1090 L’Homme
806 1058 825 1090 à
839 1056 868 1090 la
892 1058 983 1102 pipe,
1001 1057 1149 1103 portrait
1165 1057 1207 1092 de
1229 1057 1308 1092 l’au¬

633 1121 723 1149 teur.

613 1200 721 1234 Crayon
740 1201 812 1226 noir.

613 1240 693 1273 Signe
705 1241 719 1266 à
733 1241 840 1274 gauche
849 1249 855 1266 :
876 1241 906 1267 G.
924 1242 1050 1268 Courbet.

970 1310 1002 1336 H.
1019 1318 1094 1341 0.2g.
1114 1311 1145 1338 L.
1164 1320 1241 1337 0.21.

611 1391 770 1424 Appartient
787 1391 801 1416 à
819 1390 870 1416 M™
886 1398 914 1417 v"
933 1392 1068 1419 Daumier.

418 1572 491 1607 1Z2.
520 1593 557 1599 —
582 1572 693 1608 Jeune
714 1573 783 1608 fille
811 1575 831 1608 à
859 1574 889 1608 la
910 1575 1056 1621 guitare,
1073 1576 1206 1611 rêverie
1223 1578 1310 1623 (por¬

630 1631 711 1667 trait
739 1632 787 1666 de
807 1632 974 1668 M"°Zélie
995 1633 1177 1679 Courbet.)

610 1717 718 1751 Crayon
732 1716 805 1743 noir.

607 1757 688 1792 Signé
700 1758 716 1784 à
729 1757 835 1792 gauche
847 1767 855 1785 :
869 1757 900 1784 G.
915 1760 944 1786 C.

610 1798 771 1831 Exposition
790 1798 963 1832 particulière
984 1800 1016 1826 de
1044 1801 1118 1832 1855,
1142 1803 1181 1828 où
1205 1803 1222 1828 il
1245 1803 1309 1830 était

581 1838 674 1866 inscrit
688 1847 723 1865 au
740 1840 884 1873 catalogue
899 1847 962 1867 avec
978 1841 1001 1867 la
1017 1841 1078 1868 date
1094 1843 1129 1869 de
1147 1842 1225 1877 1847.

609 1892 769 1926 Exposition
781 1893 954 1928 particulière
968 1895 1001 1921 de
1018 1894 1094 1930 1867.

975 1958 1007 1984 H.
1025 1960 1100 1988 0.4.5.
1119 1960 1150 1986 L.
1169 1967 1245 1995 0.29.
